3436 4256
321 193 1278 307 4.9. Anatol - Zyklus
1431 203 1788 297 box 9/1
645 904 1610 1034 Ausschnitt aus: St. Peter
647 1009 1092 1117 vom FB 1914
612 1157 1003 1250 Konferanten.
691 1211 1707 1292 — Gastspiel Ida Orloff im Theater „Komödie.
619 1257 1710 1328 Am 24. Januar: Oesterreichischer Autoren¬
625 1326 1710 1379 abend: „Letzte Spiele“, Drama in einem Akt
625 1363 1707 1421 von F. Th. Csokor und „Anatol“ von Arthur
619 1415 1689 1470 Schnitz. Die Frage an das Schicksal", „Episode
615 1460 1247 1515 und „Anatols Hochzeitsmorgen"
681 1494 1704 1551 Der österreichische Autorenabend brachte uns nicht
614 1544 1701 1604 viel Neues. — Der Anatol=Zyklus ist hier recht be¬
625 1589 1704 1638 kannt und zum Teil auch schon aufgeführt worden.
614 1638 1707 1684 Und selbst Herrn Franz Theodor Csokors Drama aus
621 1679 1710 1725 der französischen Revolutionszeit ist — es klingt selt¬
621 1717 1705 1773 sam — uns hier nicht ganz unbekannt. Denn etwas
625 1761 1703 1813 ganz Aehnliches frappant Aehnliches im Sujet, Szenen¬
618 1813 1704 1858 führung, Zeit und Ort der Handlung, ja fast bis auf
625 1847 1707 1903 das Personenverzeichnis — haben wir hier schon auf
615 1897 1707 1951 der Bühne aufgeführt gesehen. Wir meinen des früh
618 1941 1703 1997 verstorbenen, hochbegabten baltischen Dichters Einakter,
618 1987 1703 2046 Karl v. Freymanns „Nach dem neunten Thermidor.
615 2028 1707 2081 Auch Freymanns Einakter spielt in einem Pariser In¬
621 2071 1698 2119 terims=Gefängnis (bei Herrn Csokor ist es ein „Vor¬
625 2113 1707 2169 stadtkerker"); und auch hier ist es eine kleine
615 2162 1693 2214 Gruppe zum Tode verurteilter französischer Ari¬
625 2200 1697 2256 stokraten, die ihrer letzten Stunde entgegensehen.
625 2250 1707 2292 In beiden Stücken inn sie es elegant, mit vornehmer
625 2285 1697 2350 Sebstbeherrschung, lächelnden Mundes. Und in den
615 2330 1704 2382 „Letzten Spielen, wie in „Nach dem neunen Ther¬
615 2372 1697 2424 midor finden wir die Gruppe der Totgeweihten beim
614 2413 1697 2476 Spiel: in dem ersten Einakter ist es das Kartenspiel,
615 2454 1697 2508 im zweiten die Musik... Doch hört hier die Aehn¬
615 2505 1704 2556 lichkeit auf. — Der Schluß ist ganz verschieden: bei
618 2546 1696 2597 Herrn Csokor setzen hier starke, fast kraß dramatische
621 2590 1698 2648 Szenen ein, bei Karl v. Freymann klingt das Bühnen¬
625 2632 1696 2685 spiel in eine Tragikomödie aus. Und derselbe Unter¬
621 2682 1628 2741 schied in der Fassung — in Ton und Stimmung
618 2717 1696 2773 zieht sich auch durch beide sonst so ähnliche Einakter
615 2773 1693 2822 hindurch. — Bei Freymann ist es die Psychologie der
610 2807 1691 2863 Menschen im Stück, die uns fesseln soll, bei Herrn
618 2849 1691 2908 Csokor die Situationsdramatik. — Die feinere Kunst
612 2898 1697 2954 liegt in einem solchen Fall wohl stets im ersten. Aber
611 2947 1691 3001 auch ohne Vergleich, an sich kann man dem österreichi¬
617 2986 1691 3038 schen Dichter, so seine Stellen er zu Beginn seines
612 3025 1697 3080 Dramas hat — in dem psychologischen Zusammenwirken
612 3074 1694 3126 der drei Personen des Vicomtes Rogar, des Marquis
610 3111 1694 3167 und der Marquise Duprel — den Vorwurf doch etwas
618 3168 1694 3226 zu äußerlicher Angst= und Schreckensdramatik am
608 3210 1401 3264 Schluß des Stückes nicht ganz ersparen.
678 3245 1694 3307 Diese Art der Dramatik gab wohl auch dem Spiel
612 3279 1540 3359 der Darstellerin der Therese Cabarns,
1585 3300 1697 3355 Frau
612 3338 1691 3394 Ida Orloff nicht das nötige Matertal, um
603 3371 1728 3448 ibre dramatische Kunst in ihrer ganzen Farben¬
1759 918 2860 972 pracht zu entfalten. — Sonst konnte das Spiel
1756 957 2847 1017 im allgemeinen insofern befriedigen, als die Darsteller
1760 1010 2853 1073 taten, was sie konnten. Nur dem Autor mißglückte
1757 1048 2846 1120 die Darstellung der Rolle, die er übernommen hatte
1759 1103 2504 1156 (Jean Lambert Talien) ganz und ge¬
1815 1124 2843 1192 Im Anatol=Zyklus fanden wir das Orloff=Ensemble
1757 1180 2843 1247 wieder auf seiner Höhe. Den Anatol interpretierte
1759 1232 2845 1292 Herr Karl Satter recht eigenartig: mit streng
1756 1270 2843 1326 durchgeführtem Ernst im Ton, der vielleicht an
1759 1313 2840 1369 manchen Stellen für einen Lebemann die Sachen schon
1759 1363 2838 1415 etwas zu tragisch nahm, aber mit ganz vortrefflichen
1759 1404 2838 1459 Nuancierungen der einzelnen Momente und durch¬
1754 1443 2835 1513 lebten Stimmungen. Interessant war es jedenfalls,
1749 1487 2835 1550 daß in dieser ernsteren Auffassung die Psychologie Ana¬
1761 1529 2840 1589 tols eindringlicher zum Ausdruck kam als bei sonstigen
1757 1571 2840 1645 Darstellungen dieser Rolle, wo die unfreiwillige Ironie
1757 1621 2832 1693 dieser Selbstbekenntnisse in Gegenwart eines Freundes
1756 1665 2843 1722 oft zu deutlich gegeben wird. Den Freund Anatols
1759 1707 2840 1764 Max gab Herr Hermann Benke mit prächtigem
1756 1747 2839 1815 Humor und zugleich großer Natürlichkeit. Auch bei
1759 1794 2838 1868 ihm kamen durch eine vortreffliche Diktion die einzel¬
1747 1840 2791 1906 nen Nuancen im Dialog sehr wirksam zum Ausdruck.
1827 1878 2838 1946 Die Damenrollen in den drei Einaktern wurden in
1749 1918 2864 1972 aufsteigender Linie gegeben: gut war Hilde Tauszky,
1747 1977 2836 2042 als Cora, besser Lotte Normann als Bianca und
1746 2016 2845 2088 um besten Ida Orloff als Ilona. Die Künstlerin,
1753 2057 2840 2128 hatte hier wieder Gelegenheit, eine der vielen, ter¬
1753 2106 2840 2166 essanten Seiten ihres köstlichen Talents zu brillanter
1749 2145 2846 2222 Wirkung zu bringen. Ihre kapriziöse, tempérament¬
1752 2189 2714 2271 volle kleine Ilona war eine entzückende Leistung.
2503 2241 2798 2312 Erzvage.
1808 2292 2840 2388 L. Ein Staatsstreich in der Comedie Française.
2575 2344 2838 2440 ne
