3484 4224
1405 165 1768 257 box 8/5
296 178 802 265 4.9. Anatol
660 173 1242 292 Zyklus
1701 808 2556 872 als zu lieben und küssen, was sich lieben und küsse¬
2618 781 2967 869 Diese beiden Helden
1695 845 2968 940 erscheinen in allen fünf — eigentlich sieben — nur die süßen Mädel
1704 890 1865 941 wechseln.
1772 912 2967 999 Herrn Monnards Anatol war beinahe ein liebenswürdiger Mensch, einer,
1690 961 2975 1047 dessen Schwachheit eine Abart der Gutmütigkeit ist, einer dessen Leben
1695 1026 2972 1081 nicht viel, aber doch noch etwas Sinn hat, und der gewiß ein ganz guter
1699 1062 2978 1132 Stiefelputzer in New-York geworden wäre, wenn er nicht unglücklicherweise
1693 1105 2970 1174 von seinen Eltern zu viel Geld geerbt hätte. Mitleidig lächelt man ihm
1690 1161 2973 1222 zu, wenn man sieht, wie von Akt zu Akt sein anfangs lockiger Scheitel dünner
1690 1200 2973 1251 und dünner wird, wie er jedem der kleinen Mädchen einen Teil seines Haupt¬
1698 1234 2975 1303 schmuckes weihen muß, bis er schließlich auf der unendlichen Stirn nur noch
1261 1242 1362 1316 4
1691 1285 2968 1335 ein dürftiges Sträuchen Haar findet, das einsam schmachtend herunter
692 1287 1303 1380 „OBSERVER
1690 1325 2967 1383 zur rechten Augenbraue winkt. Und die fünf Mädel waren so frisch und
1690 1375 2970 1425 natürlich, wie — ach glücklich wer es nicht erfahren — sie im wirklichen Leben
479 1359 1547 1463 der dabei an Unternehmen der Leitung
1695 1405 2967 1471 selbst dann nicht erscheinen, wenn sie ebenso gute Schauspielerinnen sind,
660 1414 1386 1515 Wien, I., Concordiaplatz 4.
1682 1454 2964 1520 wie die Damen des Lessing=Theaters. Aber die echten Coras, Ilonas,
872 1475 1155 1550 Vortretungen
1683 1492 2960 1553 Annies und Biankas sind meist recht talentlose Schauspielerinnen und
472 1487 1536 1601 in Berlin, Basel, Budapest, Clenen, darunt, de
1682 1531 2967 1605 kränken recht oft durch ihre falsche Pose. Davon war im Lessing=Theater
480 1560 1534 1638 Genf, Kopenhagen, London, Madrid, Mailand, Minneapol
1687 1579 2968 1642 nichts zu merken. Es waren drollige Kinder, die sich der melancholische Anatol
475 1601 1536 1699 New-York, Paris, Rom, San Francisco, Stockholm, St. Peters¬
1683 1626 2959 1685 zum Spiele ausgesucht hatte, die er belog und die ihn belogen. Und alle
871 1650 1145 1707 burg, Toronto.
1687 1674 2964 1725 hatten ihren Spaß daran, auf der Bühne die Leutchen gewiß nicht minder
795 1691 1222 1772 de
1682 1724 2959 1780 als die im Parkett. — Ungeschickt benahm sich nur der bedachtsame Freund
466 1733 832 1825 Ausschnitt aus:
1677 1754 2962 1812 Max. Der kam nicht aus einer lustigen eleganten Welt. Er sah in Emanuel
1677 1793 2964 1866 Reichers Physiognomie aus wie ein schwerhöriger kleiner Makler, der sich
556 1805 810 1905 9 12. 1910
1677 1850 2964 1902 gern von einer reichen Kundschaft freihalten läßt. Aber Herr Reicher kann
464 1849 598 1963 von
721 1831 1351 1971 Schlesische Leitung er¬
1680 1887 2957 1942 spielen wie er will, seine vielen Vettern und Freunde lassen ihn hier nicht
1677 1934 2957 1984 fallen. Jede Stadt hat ihre Lokalgrößen, über deren Ansehen der vorurteils¬
365 1937 922 2022 chen hengen per
1674 1982 2957 2030 lose Fremde sich verwundert. — Und auch seine Lokalerfolge. Dabei denk
1674 2022 2965 2078 ich aber schon weniger an diesen Anatolzyklus, der sich wahrscheinlich jetzt auch
784 2013 1226 2114 Berliner Theater.
1669 2059 2947 2127 die größeren Provinzbühnen erobern wird, als an eine andere Ausgrabung,
1677 2111 2944 2162 über die man hier ein großes Geschrei erhoben. Wenn die gelesensten
386 2058 1638 2173 Einerenabend im Lessing=Theater gilt noch immer hierorts
1670 2135 2951 2210 Tageszeitungen enthusiastisch für eine Aufführung eintreten, so wird dadurch
371 2117 1635 2225 für ein Literarisches Ereignis, obwohl eine bedeutsame Uraufführung sei¬
1670 2196 2947 2249 nicht nur die Masse des hiesigen Publikums zum Besuch angetrieben, sondern
368 2193 1637 2268 Fahren nicht stattgefunden. Selbst zu solchen Zugstücken wie „Tantris der
1670 2229 2947 2286 in der Folge zieht das seine Kreise durchs ganze Reich. „Der Zer¬
368 2231 1637 2300 Parr“ oder Wenn der junge Wein blüht, hat sich die Direktion Brahm
1670 2281 2951 2337 rissene von Nestroy ist hier im Neuen Schauspielhaus mit solchem
358 2284 1637 2342 erst entschlosen, Nachdem sie anderwärts längst ihre Kraft erwiesen hatten.
1680 2326 2951 2382 großen Presse Erfolg in Szene gegangen. Zugegeben, daß diese Posse hier
361 2318 1630 2388 Auch seine bedeutendsten Schauspieler, Rittner und Bassermann, hat da¬
361 2363 540 2421 Theater
1674 2361 2949 2427 in Norddeutschland noch nicht in solch Wienerischem Zuschnitt gesehen worden
577 2377 1630 2438 oren, ohne dafür Ersatz zu finden, und der dritte Große, der
363 2401 524 2470 einst so
1670 2398 2947 2467 ist, — zugegeben, daß es kein schlechtes Stück Handwerksarbeit ist — ja,
580 2414 1630 2472 liche Sauer, ist invalid geworden, und muß sich selbst auf der
358 2440 501 2504 Bühne
1672 2462 2949 2517 noch vielerlei kann man den Herren, die sich an Molière und Holberg erinnert
575 2451 1637 2528 einem stützenden Krückstock behelfen. — Bleiben die Damen:
357 2493 492 2548 Frau
1677 2496 2947 2549 fühlen und auch die Literarhistoriker zur Remedierung ihres Urteils über
581 2499 1635 2564 Triesch, die Gattin Frederik Lamonds, und Frau Else Lehmann,
361 2538 485 2592 zwei
1672 2543 2944 2599 Nestroy zum Besuch der Vorstellung auffordern, zugeben — aber nur dies
581 2546 1629 2605 tägte Individualitäten, die eine zart und spirituell, voll Geist
352 2575 467 2631 und
1670 2584 2943 2639 nicht: daß ein gutes, sich selbst achtendes Publikum, wie es das Neue Schau¬
580 2588 1632 2654 samkeit wie die Rahel Varnhagen-Levin, die andere deutsch
350 2613 467 2676 und
1680 2623 2951 2684 spielhaus hat, nichts besseres tun könnte, als sich bei solchen alten, uralten
564 2642 1634 2689 e beste Kraft für Hauptmanns Dramen. Else Lehmann konnte
350 2662 466 2731 unser
1675 2673 2943 2732 Clownerien zu langweilen. Es ist nicht jedermanns Meinung, daß schlechte
554 2676 1630 2740 lesischen Dichter noch mitunter hier einen Bühnenerfolg erringen
368 2713 458 2766 — 3
1670 2715 2943 2764 Witze besser werden mit dem Alter. Bei der ersten Wiederholung am Sonn¬
536 2719 1629 2785 nit der Rose Berndt — auch wenn sich nirgends sonst seine Dich¬
345 2752 461 2813 tung
1669 2753 2944 2809 tag lief fast die Hälfte der Zuschauer nach dem dritten Bilde hinaus, in der
524 2772 1629 2821 m Theater anpassen wollten. Übrigens ist die Hauptmann¬
353 2798 455 2848 pren
1669 2793 2944 2853 Annahme, nun müsse die Sache zu Ende sein. Es kam aber noch ein ganzer
565 2800 1630 2874 stets das aufregendste Theaterspiel der Saison, wozu die Plätze
1666 2838 2939 2898 Akt. Die Unbehaglichkeit und Unzufriedenheit des Publikums findet sich
350 2838 439 2894 trotz
504 2835 1624 2906 pelter Preise Monate voraus vergeben sind — bis zum Januar ver¬
358 2882 440 2933 school
1669 2885 2936 2946 nirgends öffentlich vermerkt, und so kann die Direktion melden, daß infolge
498 2893 1626 2972 worden. Es wird ein Berliner Stück, über das schon vor Jahren
352 2925 447 2992 Ger
1666 2923 2941 2991 des starken Erfolges von Nestroys Posse „Der Zerrissene der Spielplan
477 2928 1288 2988 te umgingen, sein: Die Ratten heißt es.
1658 2975 2935 3055 zugunsten dieses Stückes abgeändert werden mußte". Und so siegt Nestroy
463 2972 1619 3034 ächst Hauptmann gilt wohl, wenn das Gesamtschaffen bewertet wird
1662 3005 2199 3087 heute wie ehedem über Hebbel.
2556 3013 2851 3094 Seger.
341 3028 1622 3108 Art er Schnitzler für den bedeutendsten unserer Theaterdichter. Und auch
426 3068 1638 3129 were kommt hier in Berlin nur das Lessingtheater in Betracht.
347 3110 1626 3185 In Wien hat man kürzlich ein großes historisches Schauspiel von ihm auf¬
353 3155 1630 3219 geführt. Aber dieses — Der junge Medardus — mochte wohl
347 3196 1626 3264 Herrn Otto Brahm als ein zu kostspieliges Wagnis vorkommen. Es schildert
344 3243 1626 3302 die Wirren in Wien nach dem Tiroler Aufstand und bedarf eines ganz
341 3274 1626 3341 ungewöhnlich großen Schauspielapparates. Statt des jungen Medardus
341 3320 1619 3389 also wurde eine andere Sache hervorgesucht, vielleicht nur um den ungedul¬
345 3367 1626 3439 digen Dichter zu beruhigen: „Anato!" — sein Erstlingswerk! Ein
345 3410 1619 3482 Zyklus von Einaktern, die zum Teil schon oft gespielt worden sind, aber noch
344 3463 1622 3514 nie als ein Abend füllendes Stück im Zusammenhang gegeben, obwohl
347 3492 1621 3561 sie nun fast achtzehn Jahre alt sind. Man muß sich darüber wundern, denn
342 3540 1619 3611 der Erfolg dieses Anatolabends war unbestreitbar. Anatol und Max, das
345 3585 1616 3665 sind zwei weltweise Lebemänner, die nichts zu tun haben augenscheinlich
