3392 4256
1385 132 1748 231 box 8/5
920 142 1216 251 Zyklus
266 146 825 257 4.9. Anatol
652 1192 1715 1271 alten Verbände die eifrigste Forderung erfährt. Häufig
188 1215 585 1294 bereinigung erhoben
657 1250 1717 1320 bringt das Verbandsorgan Artikel zur Förderung der
184 1271 585 1348 sonen hat eine Ver¬
662 1294 1712 1377 sozialdemokratischen Bestrebungen; in Ergänzung
183 1317 589 1392 Gewerkvereins christ¬
657 1353 1715 1431 dieser Taktik werden die bürgerlichen Parteien her¬
191 1372 589 1451 elbständig eine Ein¬
661 1416 1715 1475 untergerissen und an ihnen kein gutes Haar gelassen,
187 1428 591 1501 scht, in welchem ver¬
666 1458 1717 1543 so daß bewußt und systematisch der Eindruck erzeugt
222 1479 599 1567 eine den Verhält¬
661 1504 1723 1587 wird, als sei die Sozialdemokratie die einzige und
184 1536 601 1608 g der Löhne der
661 1557 1720 1634 beste und uneigennützigste Vertreterin der Arbeiter¬
188 1592 598 1661 vorzunehmen“. Be¬
661 1662 1725 1735 mit melancholisch-witzigem, etwas müden, aber innigem
662 1705 1724 1780 Ausdruck." War es so, Herr Monnard? Es war
188 1700 494 1810 „Anatol.
668 1752 1724 1840 vielleicht besser... Auffassung? Ich habe mehr als
198 1782 548 1879 sing=Theater.
666 1793 1735 1877 einmal folgendes wörtlich betont: „Verfehlt scheint
666 1853 1735 1927 mir, allzuviel von Auffassung einer Rolle zu sprechen.
309 1845 618 1936 1770
673 1896 1737 1975 und in der Kritik ein Gequatsche zu machen über das
187 1918 609 1991 kt man dieses Abends.
680 1943 1731 2032 System, das der Künstler nie gehabt hat. Wir
192 1967 615 2052 viel Lachen, wieviel
673 1998 1736 2076 wissen, daß der die Dinge meistens so bringt, wie
210 2022 379 2088 gemischt.
679 2051 1735 2119 er sie mit seiner Technik am besten hinlegen
192 2057 617 2134 en, daß er uns in die
680 2095 1737 2181 kann. Und ich wünsche nicht, nachträglich
184 2122 615 2189 schen überrascht einen
681 2145 1743 2213 eine Theodize seiner Seifenblasen: sondern eine
192 2159 609 2231 der Seiten fanden?
684 2193 1742 2262 Feststellung dessen zu geben, was er hinlegte, heraus¬
184 2208 618 2279 is, was dem elenderen
679 2248 1758 2318 kriegte, machte"... Oder: „Völlig auf einem anderen
198 2259 622 2327 widersprach, das fraß
688 2283 1744 2384 Blatt steht die Frage nach jenem Erinnerungsbild,
195 2317 619 2372 t gestern? Wer weiß.
691 2335 1750 2413 das er — wollend oder nicht — kraft seiner ein¬
204 2360 533 2423 siker geworden.
696 2385 1752 2463 geborenen Beschaffenheiten, kraft seiner Instinkte zuletzt
207 2405 624 2482 Kinder, Kinder. Ich
693 2438 1751 2503 doch hinterließ. Was bei seiner Technik und bei seiner
206 2458 536 2525 „1893. Verlag
687 2490 1158 2557 Natur schließlich kam."
185 2503 497 2572 xanderstraße 2“
732 2530 1750 2607 Also was gab der Schauspieler Monnard? Es
180 2550 628 2635 ai wird er neunund¬
689 2567 1754 2654 war ein Vorteil, daß bei Brahm die Lyrik nur leicht¬
693 2630 1755 2698 hin, und mehr durch die Frauen, dämmernd erhellt;
692 2671 1755 2749 daß Schalkheit, Skepsis, Drastisches funkelnder bestrahlt
703 2730 1758 2794 wurde. So war an dem Liebeskoster, dem Suchenden,
187 2745 636 2838 ein lustigen Gedenken
701 2765 1762 2854 dem Anatol, mit versunkener Ergötzlichkeit gezeigt,
192 2806 636 2872 ; dieser Zauderungen;
705 2816 1760 2893 worin er auch eine Wurzen ist... Die Musik war
191 2850 640 2928 ns; dieser Stöße; dieser
731 2869 1762 2941 - nicht von Schumann, sondern ein Gemisch von
211 2897 642 2968 Fragens; dieses Zer¬
708 2924 1762 2990 Schumann und Offenbach... Eine Wurzen; eine
207 2947 648 3017 morgen, übermorgen.
705 2959 1760 3032 ungezogene Wurzen; eine seelenschleckerische Wurzen in
195 2998 646 3065 mals? „Lautlos öffnet
705 3011 1762 3088 der Mitte. Nicht zu zart. (Schumanns Töne klangen
195 3042 648 3122 Tür und blickt hinein
1776 1129 2833 1232 paawischen Standpunkt aussehen,
1778 1207 2830 1293 wenn durch die Sozialdemokratie in immer steigendem
1776 1266 2837 1346 Maße Abneigung und Haß gegen das eigene Vater¬
1779 1324 2842 1406 land in dieses Riesenarbeiterheer hineingetragen
1782 1393 1936 1459 werden.
1830 1408 2842 1498 Für die Beurteilung der Tätigkeit des Gewerk¬
1786 1463 2839 1556 vereins christlicher Bergarbeiter ist die zweifellos von
1782 1539 2841 1612 den Mitgliedern gebilligte Haltung des Vorstandes zu
1791 1619 2841 1704 mehr nach Pantalon, nach Harlekin, nach Karneval.
1791 1670 2846 1748 Der Leser weiß Bescheid.) ... Mit glücklichem Lachen
1791 1736 2331 1813 denkt man dieses Abends.
2282 1801 2365 1872 III.
1829 1854 2861 1954 Und der Frauen. Die kleine Somary war eine
1795 1907 2857 1989 Cora.... Aber reizend. Dies Wort muß man hier
1805 1965 2857 2044 sagen: reizend. Mädel mit den zerstochenen Fingern?
1803 2009 2857 2087 Vielleicht Mädel mit den durchbrochenen Strümpfen.
1797 2064 2860 2133 Nein, beides; beides. Reizend. Die Kraft dieser
1801 2103 2861 2184 Künstlerin ist: den Mädelkopf nach vorn zu neigen.
1806 2167 2864 2232 Als ob man sie erwischt hätte. Geheime, stille Mädel¬
1799 2202 2865 2282 Magie: etwas Scham, etwas Knospe, etwas Aus¬
1811 2262 2649 2341 gefressenhaben... Reizend. Aber reizend.
1848 2302 2869 2391 Nach der mit den zerstochenen Fingern (ich liebe
1815 2341 2866 2430 sie von allen, so hier Schnitzler kommen und gehn
1809 2393 2872 2481 läßt, am längsten und am lustigsten) — nachdem schritt
1810 2448 2872 2513 die Gabriele vorbei, die Dame; die mit den Paketchen;
1815 2486 2865 2572 die mit den Weihnachtseinkäufen; die verheiratete;
1815 2542 2872 2623 die den Mut nicht hat; die nach der Mädelwelt
1813 2615 2458 2662 aus der besseren Welt hinäugt.
1857 2644 2876 2704 Was war diese Lina Lossen hier erlesen. Erlesen.
1821 2689 2878 2769 Wie fern und wie ahnungsvoll bezaubernd. Wie
1817 2730 2880 2822 geschehen war dies alles. Es trug sich zu. Eine Ab¬
1829 2778 2882 2869 schattung, leis, eine dunkelnde Gestuftheit der Züge
1817 2841 2884 2913 manchmal; der Widerschein bloß des Widerscheins
1828 2889 2884 2956 einer Verfinsterung.... Kein „Schmerz. Keine Kund¬
1822 2935 2892 3003 machung. Es trug sich zu ... Sie ging dann.
1822 2995 2038 3077 Himmlisch.
