3344 4256
284 157 1208 271 4.9. Anatol - Zyklus
1101 1064 1464 1158 Telephon 12,201.
546 1145 1200 1311 OBSERVE,
392 1291 1448 1364 1. österr. beh. konz. Unternehmen für Zeitungs¬
603 1334 1242 1402 Ausschnitte und Bibliographie.
571 1374 1288 1461 Wien, I., Concordiaplatz 4.
785 1448 1066 1521 Vertretungen
387 1493 1451 1575 la Berlin, Brüssel Budapest, Chicago, Cleveland, Christiania,
393 1542 1447 1604 Genf, Kopenhagen, London, Madrid, Mailand, Minneapelle,
386 1581 1447 1650 New-York, Paris, Rom, San Francisco, Stockholm, St. Peters¬
779 1620 1052 1675 burg, Toronto.
734 1655 1104 1731 la
378 1703 861 1802 Ausschnitt aus: 1912
892 1766 1467 1925 Kölnische Zeitung
390 1811 524 1919 von
649 1990 1345 2098 Theater und Musik.
427 2081 1580 2158 8. Leipzig. Die Leipziger Theater haben die Erstaufführungen
384 2127 1580 2193 von Sticken dreier zeitgenössischer Autoren gebracht, allerdings mit
387 2169 1576 2226 verschiedenem Erfolg. Das Stadttheater die dreiaktige Komödie
384 2200 1576 2272 Bürl von Arno Holz und Oskar Jerschke, das Schauspiel¬
383 2241 1584 2309 haus die Szenenreihe Anatol von Artur Schnitzler und den
381 2280 1576 2345 dreiaktigen Schwank Das Tänzchen von Hermann Bahr, der
378 2321 1583 2386 gelegentlich der Berliner Erstaufführung in der Kölnischen Zeitung
378 2357 1575 2419 hinsichtlich seiner ziemlich trivialen Mache schon gekennzeichnet wurde.
381 2399 1572 2465 Die Darsteller (vor allem Ostwaldt als Urheber der Sittenlex
378 2431 1575 2499 Biest und Wildenhain als Inseratenagent Windel) gaben sich alle
373 2462 1572 2540 Mühe, dem angesichts der Wahlen aktuellen Stück mit seinen Berliner
381 2511 1576 2581 Wortwitzen zum Erfolg zu verhelfen. Für Schnitzlers stimmungsvoll
372 2544 1578 2621 inszenierte fünf Einakter „Anatol, schon vor mehr denn einem Jahr¬
375 2590 1576 2661 zehnt entstandene Arbeiten, die uns den Dichter der „Liebelei“ in den
375 2627 1576 2692 Anfängen seiner geistreichen Philosophie und Sentimentalität hinsichtlich
370 2667 1573 2730 der Psychologie der Liebe zeigten, fanden die Vertreter der drei
378 2704 1569 2773 Hauptrollen nicht die nötige Wiener Leichtlebigkeit und humorvolle
369 2738 1569 2814 Ironie. In „Bürl“, dem effektvollen Schwank, der die Heldentaten
370 2786 1573 2847 eines modernen Hauptmanns von Köpenick verherrlicht, ist das literarische
376 2815 1569 2884 Moment trotz einem Arno Holz sehr knapp weggekommen. Das Stück
373 2863 1570 2918 zeigt mehr Possencharakter als ernst zu nehmende Satire der Gesell¬
372 2901 1563 2960 schaft. Dem Elfässer Büxl, der ein früherer französischer Fremden¬
366 2929 1563 3002 legionär, wegen Mordes verurteilt, uns erst im Zuchthaus, dann in
370 2971 1566 3045 der Gloire seines „ruhmreichen" Entrinnens nach Frankreich in Paris
370 3013 1584 3097 als Geld= und Frauenjäger entgegentritt, wußte Decarli eine
358 3040 821 3134 talonde Gestalt zu geben.
1398 162 1748 278 box 9/1
1951 657 2237 756 Dr. ME
2087 725 2554 818 Bureau für
2084 796 2565 893 Zeitungsausschnitte
2474 867 2744 947 Telephon III, 3051.
1905 864 2184 959 Berlin N. 24
2163 986 2488 1074 Ausschnitt aus
2024 1188 2860 1327 Lübeckische Anzeigen u. Zeitung
1996 1470 2897 1555 heuer, Kunst und Wissenschaft.
2627 1539 3020 1634 Lübeck, 16. Jan.
2247 1590 2594 1683 Stadt=Theater.
2275 1674 2594 1755 Anatol=Zyklus.
2027 1725 2955 1819 Vier Szenen von Arthur Schnitt
2460 1783 2618 1826 —
1905 1774 3053 1863 Den harinlosen Helden der vier lose aneinander gereihten
1832 1854 3053 1913 Szenen stellt ein junger Don Juan (e Sorte vor.
1823 1899 3028 1967 dessen weites Herz für alle Schönen extent, die ihm
1829 1948 3043 2008 gegnen, und der es dabei in nato benswürdiger Selbst
1829 2001 3059 2064 gefälligkeit fertig bringt, den Wunsch zu heben, daß alle diese
1836 2048 3060 2109 netten Evastöchter verschiedenster Provenienz ohne seiner
1836 2089 3073 2167 Vielseitigkeit in hingebender Treue ihm anhängen. Während
1839 2144 3059 2203 nun dieser freundliche Wahn in den ersten drei Szenen durch
1828 2193 3063 2255 die Wirklichkeit schnöde zerstört wird, bringt die letzte dem
1832 2240 3062 2300 argen Schwerenter eine böse Verlegenheit anderer Art: das
1839 2284 3063 2360 letzte Abenteuer, in das der Unverbesserliche noch in der Nacht
1829 2337 3062 2405 vor seinem Hochzeitstage sich gestürzt, endet damit, daß dies¬
1832 2389 3062 2448 mal fatalerweise seine kleine Kokotte sich mit rabiater Jähig¬
1836 2442 3062 2500 keit an ihn anklammert und dem aus ihren Armen zur
1839 2483 3066 2551 Hochzeitsfeier Entschlüpfenden in glaubhaftester Weise mit
1839 2534 3059 2601 ihrer Wiederkehr droht. Die keck und frisch ge¬
1839 2582 3063 2661 zeichneten komischen Situationen, in die wir so unsern
1842 2630 3059 2693 Helden verwickelt sehen, die freilich auch eine weitere Aus¬
1836 2673 3060 2738 dehnung, als eben über höchstens vier Szenen nicht vertragen
1851 2729 3062 2797 haben würden, wurden von Herrn Hofs in der Titelrolle
1848 2781 3059 2837 mit gutem Humor erfaßt, indem er dabei seinem Anatol durch
1840 2824 3066 2889 eine etwas gedehntthänige, wienernde Sprache noch einen
1848 2872 3073 2951 individuelleren Charakter zu verleihen wußte. Seine verschiedenen
1843 2932 3066 2994 pro tempore Geliebten, die Damen Hilbrecht, Roemer
1845 2971 3070 3037 und Wuttke, griffen ebenfalls fröhlich in die Scherze ein,
1848 3025 3070 3083 so daß das Publikum — das Haus war ausverkauft — mit
1842 3073 3076 3136 wiederholtem Beifall für den ihm gebotenen, zumeist recht
1845 3125 3070 3195 unterhaltsamen, am Ende aber doch fast etwas ermüdenden
2823 3165 3076 3250 Momos.
1845 3176 2545 3259 lustigen Zeitvertreib danken konnte,
