3248 4224
14 207 940 311 4.9. Anatol - Zyklus
1119 199 1463 301 box 9/4
1909 104 2614 182 Andre pour
1917 172 2633 238 Schnitzler l'a concu un peu effacé,
1918 221 2628 268 in peu terne ; il sert en quelque sorte
1916 260 2633 315 l'agent de liaison ; c'est une ficelle
1916 303 2629 357 dramatique, utile sans doute, mais
1922 345 2632 396 s'est une ficelle Anatole aime Cora
1916 387 2633 442 qui a l'air d'un petit ange candide. On
1924 433 2633 483 ni donnerait le bon Dieu sans con¬
1922 470 2633 526 fession. Toutefois, Anatole connait le
1924 517 2629 573 ourment habituel aux amoureux : le
1922 561 2630 613 doute. Max lui paraîtra davantage ren¬
1922 601 2632 649 seigné sur la fidélité de Cora envers
1918 646 2635 699 Anatole. Il ne dira rien bien entendu.
1916 693 2633 743 Comme Anatole a un pouvoir magné¬
1918 735 2641 782 tique, pourquoi n'endormirait-il pas
1913 776 2635 829 Cora et ne la questionnerait-il pas ?
1916 820 2638 871 C'est ce que suggère Max. Presque
1916 864 2638 918 aussitôt dit que fait. Mais Anatole
1918 897 2638 959 pose à Cora endormie toutes les ques¬
1916 944 2644 998 tions sauf celle qui lui donnerait la
1918 989 2641 1043 réponse tant attendue et désirée. Il
1918 1033 2639 1086 préfère le doute à la vérité. Connai¬
1918 1075 2641 1139 tra-t-il ainsi le bonheur ? Sans doute
1916 1119 2643 1167 non, car deuxième tableau qui se
1918 1163 2638 1221 passe un soir de Noël, Anatole ren¬
1918 1199 2647 1262 contre dans la rue Gabrielle qui est
1915 1257 2644 1304 mariée, qui a des enfants et qui l'a
1916 1292 2638 1348 eu pour amant. Anatole, à nouveau.
1922 1336 2644 1396 désire Gabrielle ; mais celle-ci ne
1916 1378 2644 1428 consent plus. Elle a honte sans doute
1915 1418 2643 1482 d'avoir une fois manqué à ses devoirs
1922 1468 2650 1520 d'épouse et de mère ; elle a appris¬
1916 1508 2666 1566 aussi à connaître Anatole, et cet
1916 1551 2643 1603 amant qu'elle sait volage et si peu sur
1922 1597 2644 1647 de lui la rend défiante et prudente.
1918 1638 2641 1687 Ils se sépareront pour ne plus se re¬
1922 1681 2644 1728 voir. Est-ce qu'Anatole va renoncer à
1916 1719 2648 1784 toute aventure sentimentale ? Voici
1924 1767 2647 1826 qu'au troisième tableau il apporte à
1922 1811 2650 1877 son ami, pour les lui confier, toutes
1924 1856 2645 1902 les reliques de ses amours : lettres.
1924 1898 2651 1953 mèches de cheveux, fleurs fanées. Ils
1928 1942 2650 2007 en font tous les deux le mélancolique
1924 1983 2647 2039 inventaire. Max soudain, annonce la
1931 2026 2647 2079 visite de Bianca, Bianca? Mais Ana¬
1928 2071 2656 2128 tole l'a connue et il l'a aimée : il l'a
1931 2110 2653 2162 follement aimée ; elle est partie un
1931 2159 2644 2212 beau jour et la voici qui réapparaît.
1931 2201 2650 2245 C'est assez pour ranimer la flamme
1928 2243 2654 2295 morte dans le cœur d'Anatole. Bianca
1928 2288 2056 2348 arrive.
1969 2347 2650 2408 Hélas ! elle ne reconnait pas Ana¬
1931 2400 2653 2454 tole. Le fait-elle exprès ou est-elle sin¬
1937 2441 2658 2491 cère? Elle déclare voir Anatole pour
1933 2487 2650 2536 la première fois. Dépité, Anatole cède
1937 2531 2658 2581 la place rageusement à l'oublieuse ou
1928 2569 2656 2618 à la railleuse. Il aura vite une autre
1928 2610 2666 2662 ami. Elle se nommera Annie. D’elle
1931 2656 2658 2711 il ne tardera pas à subir impatiem¬
1937 2699 2665 2755 ment la tendresse. Et il la convie à
1933 2742 2660 2792 un diner qui sera un dîner d'adieu.
1937 2785 2658 2851 Au dessert, il lui annoncera qu’il la
1933 2826 2654 2875 quitte. Anatole n'a pas de chance,
1943 2870 2663 2919 Avant qu’il ait parlé, c'est Annie qui
1933 2911 2666 2968 lui signifie la rupture. On imagine la
1933 2961 2662 3006 rage d'Anatole ; il fait d'abord contre
1931 2997 2659 3052 mauvaise fortune bon cœur ; mais son
1933 3045 2660 3088 dépit éclate. C'est infiniment amusant
1937 3086 2663 3139 et d’une absolue réussite. Anatole est
1933 3128 2662 3175 toutefois incorrigible. Il a décidé de
1937 3168 2665 3224 faire une fin. Il va se marier. Mais
1937 3214 2658 3271 la veille de son mariage il ramène
1933 3258 2656 3313 chez lui Ilona, qu’il avait jadis la¬
1933 3298 2654 3343 chée. Il doit se marier dans deux heu¬
1943 3341 2663 3391 res et Ilona vient de se réveiller ; elle
1937 3386 2663 3435 est en pyjama et elle prend son petit
1938 3432 2662 3474 déjeuner. Elle déclare un fol amour
1943 3470 2669 3522 à Anatole Elle assure que cette fois
1939 3507 2666 3570 elle ne se laissera pas semer. Il faut
1939 3555 2662 3599 enfin la mettre devant la réalité. Elle
1939 3599 2667 3643 crie, elle hurle, elle trépigne. Anatole
1938 3638 2674 3697 en profite pour s'en aller. Mais déjà
1939 3686 2668 3750 on sent en lui, à la pensée de son
1948 3727 2672 3776 mariage imminent, un regret. Il va
1943 3769 2669 3814 tout de même à la mairie et à l’église.
1939 3814 2668 3860 Ah! la malheureuse femme que la
1939 3852 2302 3915 femme d'Anatole !
1976 3884 2662 3940 Cette pièce, qui est remarquable¬
1943 3941 2658 3995 ment mise en cène par Mlle Geor¬
1946 3985 2653 4039 gette Boner et M. Michel Tchekhoff
1942 4038 2669 4085 est fort bien jouée. On rencontre la
1939 4073 2668 4121 des acteurs que l'on ne voit pas assez
1939 4116 2660 4167 souvent sur d'autres scènes. Les di¬
