3484 4256
304 207 828 322 4.9. Anatol
920 212 1247 317 Zyklus
1415 215 1784 322 box 9/3
1821 1378 2848 1475 daß sie im Schlaf Liebe zu Anatol äußerte, ist köstlich,
1821 1449 2843 1525 wenn auch schon mehr deutender Kommentar, als
962 1454 1603 1575 Theater, Kunst, Literatur.
1829 1493 2843 1567 Schnitzler in der Frage nach dem Charakter Coras
1821 1548 2843 1619 zugestand. Die Emilie in „Denksteine" (mit Auf¬
1174 1541 1420 1630 Anatol.
1831 1598 2843 1672 schrei, großem Affelt und grande dame=Wesen liegt
1535 1572 1792 1674 Denstein
770 1588 1480 1687 Frage an das Schicksal. — Eh
1826 1643 2845 1713 der Darstellerin noch besser. Frau Weiser aus Zirkus¬
1300 1653 1795 1750 der Anführt / am
768 1664 1260 1763 Hochzeitsmorgen. Von Artur
1826 1706 2851 1771 reiterin Bianca in „Episode ist natürlich prächtig,
1839 1750 2835 1831 sie ist als Ilona im „Hochzeitswegen über¬
862 1748 1792 1844 Herr Olden ist Anatol geworden. Er war es nicht
1831 1797 2848 1871 mütig und mit ungarischem Leidenschaftspaprika wirk¬
781 1810 1789 1902 mer. Einst hatte er in dieser Rolle einen aktiveren
1842 1844 2843 1920 sam imprägniert. Ein Diener (Herr Korb), der indis¬
770 1860 1792 1939 unor und war darum weniger gut. Seit er den
1824 1897 2845 2002 kret wird, um aus der Rolle etwas zu machen, wird
773 1910 1787 1981 verzärteltem, willenlosen, weltschmerzlichen Melan¬
1831 1949 2463 2020 als Behelligung des Publikums.
773 1957 1789 2036 choliker betont, ist er schnitzlerischer und wirksamer
1918 1981 2851 2067 Vielleicht fügt man einmal auch die poesievollen
776 2025 1792 2086 In „Episode" gibt er sich mit vollem Ernst den
1842 2044 2856 2122 „Weihnachtseinkäufe, deren Schwierigkeiten unsere
778 2070 1800 2130 träumerischen Illusionen hin, den Humor besorgt die
1839 2091 2853 2164 Regie zu überwinden wußte, dem Zyklus Schnitzlers
776 2112 1789 2185 kontrastierende Wirklichkeit. Er spricht weich, über¬
1831 2146 2856 2217 ein, der eben jetzt wieder in seinem: „Casanova in Spa¬
781 2162 1797 2230 raschend klangvoll und nicht nur als Lustspielolden
1844 2198 2858 2298 seine Begabung für das fein erotische Lustspiel erwiesen
776 2209 1797 2282 von dem Glück, das er sich in dem „reichen und vollen
2599 2237 2819 2319 Dr. A. M.
776 2264 1797 2340 Leben seiner Seele" vorgaukelte, wie Max sagt. Die
794 2311 1800 2379 Aufführung unter Heinrich Orells stilvoll zusammen¬
1926 2327 2864 2416 Hugo Kromer. Von Hugo Kremers Klavier¬
783 2363 1795 2439 fassender Leitung paßt sich dem Anatol-Motto Hof¬
1839 2395 2861 2465 abend hörten wir nur Liszts H=Moll=Sonate. Aber
778 2403 1803 2494 mannsthals an: „Also spielen wir Theater, die Komödie
1839 2444 2858 2523 die Sonate ist ein Konzert für sich. Gibt Pianisten all¬
783 2463 1792 2528 unserer Seele: früh gereift und zart und traurig...
1839 2494 2864 2562 technischen und geistigen Gelegenheiten, sich zu zeigen.
781 2505 1810 2591 Auch Herr Wehle ist ein Max, der die Absichten
1844 2547 2864 2610 Ein großer Monolog, der, sämtliche Formen streifend,
781 2557 1803 2641 des Dichters nicht übertrumpfen will und der darum
1842 2596 2864 2678 letzte Technik, Aufhau, klare Durchgliederung und Be¬
783 2604 1803 2675 ausgezeichnet wirkt: sein humoristisch und voll der
1844 2649 2869 2717 rührung des dämonischen Elements verlangt. Herr
791 2654 1803 2730 Ironie eines klugen Kopfes. Fräulein Dürr spielt
1839 2696 2874 2761 Kremer wurde des Liszt=Problems Meister. Er spielt
791 2704 1803 2777 die Cora in der „Frage an das Schicksal“. Sie
1844 2746 2872 2819 mit der deutschen Klarheit, die, nichts verwischend, in
781 2748 1808 2837 ist füßes Mädel aus der Vorstadt, befremdlich im Sinne
1847 2793 2866 2861 alle Mittelstimmen schauen läßt, perlig und hauchig
791 2809 1810 2890 von: „Sie kann auch das?" (Das Fragezeichen ersetzt
1844 2848 2872 2913 das Klavier aut instrumentierend, bald seine Holz¬
794 2851 1813 2929 man während der Aufführung durch einen Punkt;
1850 2890 2877 2966 bläser, bald seine Posaunen und Orgeln lösend. Er sann
796 2906 1805 2979 Ausrufungszeichen vorbehalten.) Das zögernde, leicht
1842 2955 2866 3010 den Lisztschen Rezitativen nach, den letzten Versunken¬
794 2955 1808 3034 gelangweilte „ja" im hypnotischen Schlaf aus Anatol¬
1850 2992 2872 3068 heiten des Finales, und hob das Werk, man darf es
794 3003 1808 3084 Frage: „Liebst du mich?“ und das verwundert er¬
794 3042 2900 3152 staunte: „Wirklich?" beim Erwachen, als sie vernimmt, sagen, dienend auf seine Höhe. Große Persönlichkeiten,
2879 1357 3382 1451 der neulich, nur
2885 1438 3361 1506 sein, und sich vom Werke
2877 1483 3377 1559 war, in jedem Sinn, Erfül¬
2887 1541 3382 1606 einen Stück von seiner Beg
2885 1590 3380 1664 zeugen. Lebhafter Widerhal
2885 1638 3382 1706 Hervorrufen. Man denkta¬
2885 1687 3380 1761 Auffassung von Beethoven
2892 1737 3367 1810 HMoll-Sonate gilt: daß
2887 1784 3380 1863 moderne Gehet darstellt,
2887 1831 3367 1902 immer allein hören, ohne
2895 1886 3382 1962 das Gebeten immer feind¬
2982 1941 3380 2007 Pflege moderner
2890 1983 3380 2054 uns aus Prag: Dem kun
2890 2038 3390 2106 der Konzertleitung Dr.
2887 2075 3377 2159 vier expressionistische Mu¬
2898 2135 3388 2196 Arnold Schönbergs zu
2900 2190 3385 2251 besonderes Ergebnis die Ge¬
2898 2232 3388 2311 „Vereines zur Pflege mo¬
2898 2285 3382 2355 ist, dessen geistige Führu
2895 2337 3382 2410 von Zemlinsky vom
2903 2379 3380 2450 Kapellmeister Talich von
2903 2439 3280 2510 übernommen haben.
2976 2484 3388 2554 Ein 1000-Dollar¬
2900 2534 3388 2596 quartett. Frau F. S.
2903 2575 3385 2659 Vereinigten Staaten eriä
2903 2636 3369 2709 Werte von 1000 Dollar
2903 2686 3361 2751 geführte Streichquartett.
2903 2735 3380 2806 sich Musiker aller Natione
2903 2785 3388 2858 termin schließt mit 1. J.
2913 2824 3380 2903 sind zu senden an Wolf
2913 2879 3375 2950 34th. Street, New York
2906 2932 3382 2995 1. Juli an Berkshire Mu
2919 2979 3375 3071 Pittsfield, Maß, U. S.
