3436 4352
1384 146 1739 249 box 9/4
978 156 1156 262 yk-
265 154 941 268 4.9. Anatol-
604 663 766 761 Life¬
631 716 1222 846 Feb 6-
604 843 2739 992 Theatre Bard Leonard
2060 952 2781 1053 ticable features of "You Said it were
1296 970 2010 1045 Miriam Hopkins on a performance
559 978 1249 1071 ARTHUR SCHNITZLER is one
2060 1023 2781 1076 the inclusion amongst the dramatis
1299 1029 2012 1092 which should be history. And also Wal¬
679 1042 1246 1116 of the few writers who de¬
2063 1071 2789 1129 persone of a student named Byron
1299 1079 2002 1140 ter Connolly. The Affairs of Anatol
522 1084 1249 1145 serves serious consideration as
2065 1119 2784 1188 Legg, and the use of like" as a con¬
1299 1127 2012 1196 will probably not have great drawing
520 1140 1246 1193 a comprehending man. It is my earn
2068 1159 2691 1243 junction in its most tender lyric.
1302 1172 2018 1243 power, but it is so splendidly staged
520 1180 1246 1251 est conviction that the majority of per
1296 1220 2018 1281 and invested that the management de¬
520 1233 1249 1286 sons who embark on what is called in
1299 1270 2026 1326 serves congratulations for the courage
525 1275 1251 1342 pink tea circles a literary career do se
2087 1281 2786 1376 O PREOCCUPIED was I with the
1296 1315 2023 1400 of its revival and herewith receives
520 1326 1259 1387 from the convenience of circumstance
2060 1315 2786 1429 modest behavior of Ivor Novello
1296 1368 1413 1442 them.
522 1371 1257 1432 or motives of vanity. There is nobody
2065 1400 2792 1458 when I wrote about "The Truth
528 1432 1262 1482 worth his salt as a commentator on
2060 1440 2792 1501 Game" that I forgot entirely to say a
528 1466 1254 1535 human events who does not repeatedly
2065 1490 2794 1572 word for Miss Viola Tree, who, as the
1328 1479 2028 1580 VERETOFORE Lou Holtz has
525 1517 1265 1580 question himself about his ability or
2068 1540 2792 1612 gawky, unmarriageable daughter of a
1302 1519 2028 1628 been obliged to yield the honors
525 1562 1267 1636 fitness to be rushing into print for the
2065 1591 2794 1660 ducal house, walks away with so much
1296 1609 2028 1676 of whatever musical entertainment in
525 1617 1262 1676 edification or amusement of his fellow
2063 1636 2786 1699 of the play. Miss Tree was the little
1304 1654 2026 1721 which he was engaged to some bright¬
525 1657 1251 1726 men. It would be much more suitable
2079 1686 2794 1752 girl for whom Barrie wrote Peter Pan,
1302 1702 2028 1779 er, if not more particular, star whose
525 1705 1259 1760 according to the wise authors private
2065 1739 2794 1795 and her appearance now suggests that
1304 1750 2023 1808 name was featured more prominently
538 1752 1259 1821 psychology, o be engaged in the flour
2065 1779 2792 1845 nothing should really have been farther
1304 1798 2031 1864 in the advertising and on the front of
528 1808 1265 1864 and feed business, but there is a cer¬
2068 1829 2789 1890 from his thoughts. I could easily bea¬
1302 1848 2026 1906 the theatre. In "You Said it," he has the
530 1843 1265 1904 tain drive, possibly economic, which
2071 1869 2797 1951 to see her appear more frequently on
1307 1893 2026 1962 field to himself, and is unusually gen¬
530 1890 1259 1954 keeps people up to what they have
2071 1933 2800 1980 our stage. In "The Truth Game her
1302 1941 2028 2007 erous about it, too, yielding the stage
528 1941 1259 1999 originally set out to do, and to it may
2071 1959 2802 2023 method of shaking hands was the high
1302 1980 2028 2044 too frequently to a group of collegiates
536 1988 1262 2055 be credited many of the artistic achieve¬
2073 2018 2794 2071 light of the evening, nor did I exactly
1312 2036 2026 2094 who are far less diverting than him¬
530 2036 1262 2100 ments which enrich the lives of lesser
2071 2057 2805 2124 burst into sobs when she confided that
1307 2081 2036 2142 self. This new venture of his and Jack
530 2081 1259 2142 citizens who pay their taxes regularly
2073 2113 2805 2179 she had been working on her piece of
1312 2129 2034 2187 Yellens is brisk and amusing, and I
530 2142 1267 2198 and repeat the Nicene Creed on Sun-
2081 2158 2609 2243 needlepoint for eight years.
1312 2171 2031 2251 was surprised to find myself not mind¬
538 2177 1265 2243 day mornings without questioning a
1304 2222 2041 2283 ing even the love duets too much, so
541 2219 1267 2288 single one of its simple declarative sen¬
1312 2275 2041 2330 well has Mr. Yellen fashioned verses
530 2275 1273 2346 tences. Schnitzler has always struck
1318 2315 2044 2376 for them and such hummable tunes
541 2317 1267 2381 me as a man who sees life as what
2126 2325 2810 2421 There should be two laws con¬
1318 2362 2034 2439 has Harold Arlen provided. There is
541 2362 1265 2442 Meredith said it was, a supreme ironie
2079 2386 2797 2471 cerning our local theatrical arrange¬
1312 2410 2044 2468 a good deal of campus life, always a
544 2415 1273 2479 procession, with laughter of gods in the
2084 2450 2805 2508 ments for the passing of which I
1318 2458 2036 2519 bore, running through the action, but
544 2463 1270 2532 background." This clear vision is
2084 2495 2810 2556 should be villing to ride down Broad¬
1320 2513 2036 2564 the activities of Mr. Holtz as the canny
541 2505 1270 2580 rather a grim thing, and is fortunately
2084 2543 2810 2601 way on a white palfrey as far as
1320 2556 2036 2619 Jewish student who corners all the
538 2558 1278 2622 denied to burghers and potentates who
2084 2582 2805 2646 City Hall. One is that drinking water
1320 2598 2044 2667 rackets that beat about a university
538 2604 1273 2678 laugh at cartoons and believe what
2084 2649 2813 2707 in the playhouses should be accessible,
1318 2646 2036 2723 remove some of the curse from the res¬
546 2651 1275 2718 they read in the Sunday Times Review
2081 2688 2808 2744 and not hidden away in some lounge
1318 2696 2036 2757 of the student body who talk footbal
549 2699 1267 2765 of Books. It also gets us down, some
2087 2728 2808 2794 or dressing room which can be reached
1312 2739 2039 2797 and feature varsity letters. The three
549 2747 1270 2818 what belatedly, to "The Affairs of Ana¬
2084 2786 2805 2845 only by going up and down innumer¬
1320 2789 2034 2861 Slate brothers do some of their lively
546 2794 1275 2853 tol," a piece which Schnitzler wrote in
2087 2829 2816 2903 able and too thickly populated steps.
1323 2832 2049 2900 stepping, and the chorus work is so
549 2842 1281 2906 the dos, and which bespeaks a con¬
2089 2877 2810 2935 The other is that no entracte smoker
1331 2879 2044 2951 good that it drew cheers on the open¬
549 2890 1275 2951 tradiction of the illusion that women
2084 2924 2813 2983 should be permitted to use a cigarette
1323 2935 2052 2999 ing night. One young woman named
551 2940 1283 3009 always pay. Bela Blau, Inc.—and
2087 2969 2672 3044 holder more than a foot long.
1320 2980 2047 3038 Lyda Roberti, who has a lot of per¬
549 2983 1257 3046 what a name that is to conjure with¬
1326 3025 2047 3086 sonality and strikes what the academ¬
549 3025 1270 3099 has given it an excellent production
1326 3073 2052 3128 icians call a new note, stopped the show
549 3078 1275 3144 so good that by the time this article
1326 3118 2055 3182 by singing a song called "Sweet and
549 3126 1286 3189 appears in print the costumes and
2126 3128 2813 3227 Sometimes when two or three pro¬
1331 3171 2049 3237 Hot" and made other contributions to
549 3171 1289 3240 scenery may have gone the way of
2094 3200 2816 3261 ductions open on the same night, it is
1326 3211 2052 3285 the proceeding which met with such
551 3227 1286 3285 many good things in the theatre. The
2092 3253 2824 3322 a problem to decide which one to at¬
1331 3261 2052 3314 warm approval that she looks like an
554 3266 1289 3325 sex life of a philanderer is neither in¬
2092 3296 2818 3370 tend. In the future, after several un¬
1331 3306 2049 3375 instantaneous Broadway success. It is
554 3306 1283 3375 teresting or important to an auditor
2094 3346 2818 3415 fortunate experiences, it will be no
1326 3362 2055 3417 all right with me, because this town
565 3359 1291 3436 who knows the ways of the world, but
2105 3388 2818 3457 problem for me. I shall go to the per¬
1328 3399 2055 3465 can stand a few Lord Byrons inasmuch
554 3407 1286 3476 its treatment can contain nuances
2094 3441 2824 3516 formance for which I have received
1328 3449 2057 3524 as many of its citizens are getting tired
565 3457 1294 3526 which, although probably unapparent
2097 3494 2368 3569 the best seats.
1334 3497 2055 3553 of the same old exploitations which
565 3505 1291 3571 to the average individual who pays a
1342 3545 2057 3614 they must pay exhorbitantly year in and
565 3550 1286 3611 top price for his seat, are revelatory
1336 3592 2057 3651 year out to see. Miss Roberti has also
562 3598 1289 3656 and recognizable to those who have
1342 3638 2055 3701 had a life which, according to what the
570 3643 1296 3712 gone through an unmentionable mill.
2137 3648 2818 3733 Mr. Walter Winchell has said that
1347 3688 2052 3746 press department let the newspaper
567 3696 1294 3759 Schnitzler has seemed to have made
2094 3722 2816 3786 nobody reads the dramatic criticism:
1342 3725 2055 3799 know of it, sounds like what the more
562 3741 1296 3802 this very plain in "The Affairs of Ana¬
2102 3773 2818 3839 of commentors whose seats are not in
1342 3778 2049 3836 melodramatic scenarists use to make up
570 3783 1296 3844 tol." My hat is off to him. It always
2102 3815 2816 3903 variably on the aisle. Is my face red¬
1342 3826 2057 3903 for the movies. Not the least unno¬
573 3836 1299 3924 has been. I wish to congratulate Miss
