3248 4224
1213 175 1568 269 box 9/4
93 172 601 268 4.9. Anatol
498 178 968 291 Zykle
17 1402 345 1510 Im Laufe dieser
1544 1462 2682 1534 „Anatol“ berühmt. Selbst die ältere Generation, obwohl nicht
17 1494 339 1562 in der Leitung
1553 1512 2676 1579 gut zu sprechen auf Jung=Wien im allgemeinen, begann sachte
748 1491 1145 1607 Feuilleton.
1550 1563 2676 1628 zuzugeben, daß in diesen Dialogen der gesellschaftliche Burg¬
1553 1605 2676 1670 theaterton vernehmlich weiterklang, obwohl sie Dinge er¬
545 1624 1514 1730 „Anatol im Akademietheater.
1550 1654 2679 1721 örterten, die nicht denkbar waren in der Sphäre der Burg¬
6 1663 220 1791 der
1559 1699 2680 1762 theatergesellschaft. Es waren sehr galante Dinge, wie der
484 1688 1512 1765 Vierzig Jahre ist es her, da erschien auf dem Wiener
1559 1750 2680 1809 entzückend gezierte Prolog aussagte, und sie possierten zwischen
385 1738 1510 1830 Büchermarkte ein schmalbrüstiger neuer Band, der den zu¬
1556 1799 2677 1860 Stichwortbringern verschiedenen Geschlechts, die keineswegs
393 1804 1504 1865 gleich elegant und einfach klingenden Titel „Anatol" trug
6 1770 335 1894 Presse
1556 1843 2679 1904 verlobt, obzwar verheiratet waren. Die freie Liebe, ein Pro¬
391 1846 1515 1922 Ein junger Mann, namens Arthur Schnitzler, von dem man
1562 1885 2683 1951 grammpunkt gewisser nordischer Frauenrechtlerinnen, schien
393 1892 1512 1959 zunächst nicht mehr wußte, als daß er der Sohn eines be¬
1556 1944 2676 1995 darin verwirklicht, aber ganz ohne Programm, ja so reizend
394 1938 1520 2004 rühmten Wiener Arztes und selbst Arzt war, meldete sich
3 1924 333 2037 taneen
1555 1983 2685 2038 undogmatisch durchaus, daß es eine wahre Freude war.
393 1986 1515 2044 darin zum Wort, was ihm gar nicht so leicht gefallen sein
1565 2024 2683 2095 Leute, die bis Paris gereist waren, fanden schmunzelnd eine
393 2037 1517 2098 mochte, denn das junge Buch kam im Selbsterlag heraus,
1562 2072 2685 2144 gewisse Aehnlichkeit mit dem Französischen heraus; sie
391 2078 1518 2146 ein Beweis offenbar, daß die Verleger vom Beruf sich nichts
9 2060 342 2173 der Philo¬
1565 2117 2683 2179 sprachen von Wiener Grisetten, wenn nicht gar von Mimi
400 2134 1517 2192 davon versprachen. Allerdings, ein anderer noch jüngerer
1565 2173 2685 2231 Pinson und ihrem Dichter Alfred Musset, der ja auch solche
397 2175 1520 2246 Dichter, der sich „Loris" nannte, und einen Prolog in zierlich
1565 2215 2686 2272 einaktige Plaudereien geschrieben hatte. Trotzdem waren sie
397 2221 1521 2285 gestelzten Trochen beisteuerte, hatte ihm einen Empfehlungs¬
9 2204 348 2314 Von Elisa¬
1562 2257 2692 2317 überrascht, als einer der Einakter, die sich zum Anatol¬
400 2266 1518 2327 brief auf den Weg mitgegeben. Wer aber empfahl den
1568 2308 2689 2363 Reigen zusammengetan hatten, unversehens auf die Bühne
406 2308 1520 2383 Empfehlen: Kaum einer wußte damals noch, daß die Seiden¬
1568 2354 2683 2414 sprang und dort sofort zu moussieren begann wie eine
397 2359 1521 2417 maske „Loris" das Gesicht eines gewissen Hofmannsthal
1562 2402 2683 2463 Champagnerflasche, die man entkorkt hat. Es war das
393 2406 1527 2476 deckte, der sich mit der Literatur einließ wie ein Kavalier des
10 2390 356 2501 Leiden¬
1559 2447 2687 2514 „Abschiedssouper, die Bühne das Ischler Sommertheater,
397 2467 1523 2522 achtzehnten Jahrhunderts in ein Abenteuer. Also legte der
1559 2492 2687 2560 und Josef Jarno, der Wiener Kolumbus der neuen Richtung,
0 2483 361 2580 ja Johanna
400 2503 1524 2570 vorsichtige Käufer das Buch wieder beiseite und langte,
1562 2540 2683 2601 auch sein Entdecker. Ein paar Jahre nachher gab man den
397 2547 1521 2599 wenn schon gekauft sein mußte, nach dem neuesten Suder¬
1570 2590 2687 2656 ganzen Zyklus im Deutschen Volkstheater. Und siehe da,
406 2595 1521 2653 mann oder jüngsten Ohnet. Wozu sich erst einlassen mit un¬
0 2616 364 2687 omansa.
1560 2631 2686 2698 was niemand, der Direktor am allerwenigsten, hatte glauben
411 2647 1340 2711 sicheren Leuten wie Hofmannsthal oder Schnitzler?
1568 2680 2686 2770 wollen, es wurde ein nachhaltiger Erfolg, fünfzig Auf¬
485 2682 1533 2754 Nun, was dem schlanken Band im Anfang fehlte, das
1 2680 356 2779 Otto Sonka
1578 2734 2037 2803 führungen und darüber.
374 2705 1536 2799 holte er bald nach und schon menige Jahre später war
4 2756 156 2819 dblatt.
875 2873 1688 2967 Am 8. Februar beginnt unsere
0 2900 792 3025 Okkasions=Woche
926 2940 1643 3081 Weisse Woche!
9 2997 788 3099 , dass trotz bester Verkaufs¬
858 3063 1717 3145 Wir werden durch besondere Dar¬
3 3080 791 3170 tzung viele Kunden wegen des
843 3139 1720 3221 bietungen und Aufmachung über¬
6 3142 794 3241 Spitzen Einkäufe nicht besorgen
1181 3199 1405 3289 raschen.
0 3219 795 3310 Woche bis 6. Februar ver¬
917 3252 1669 3354 Es wird ein Verkaufsereignis.
9 3281 219 3360 t wurde.
200 3506 377 3639 32
