3436 4352
1342 179 1699 286 box 8/4
231 172 959 288 4.9. Anatol-
1373 474 1466 545 -
978 461 1123 547 tailand,
712 511 1208 581 m, Salasco, Stock.
1325 531 1487 611 etersbu
835 569 1233 633 (Quellenangabe ohne Gewähr).
604 621 864 714 chnitt aus:
728 687 982 781 10 12. 1910
507 714 631 785 vom
1211 712 1527 826 Wage, Wien
321 831 861 930 Theaterpremieren.
328 916 1699 1007 Deutsches Volkstheater. „Anatol. Fünf Einakter von Arthur
373 985 1297 1064 Schnitzler, Erstaufführung am 3. Dezember.
447 1025 1687 1114 Innerhalb zehn Tagen sind zwei Stücke Arthur Schnitzlers in
324 1075 1682 1173 Wien zum erstenmal über die Bühne gegangen, sein jüngstes „Medardus
321 1157 1687 1211 an der Burg, und eines seiner frühesten, „Anatol", am Deutschen
316 1202 1675 1258 Volkstheater. „Anatol“ ist um ein halbes Menschenalter vor „Medardus
319 1252 1685 1316 entstanden, aber man kann beim ehrlichsten Willen nicht sagen, daß
321 1292 1690 1356 der Dichter in der Zwischenzeit einen innerlichen Fortschritt gemacht
317 1340 1689 1425 hat. Ja, wir müssen „Anatol" sogar den Vorzug geben, womit wir
309 1406 1687 1465 aber kein absolutes Lob über das Werk aussprechen wollen. Aber in
319 1444 1689 1508 dem Jugendstück Schnitzlers geht alles ehrlicher und wahrer zu, als
316 1497 1685 1563 in der großen Historie, mit der er uns zuletzt beschenkt hat. Die
319 1539 1685 1604 Auflösung der dramatischen Form in einzelne Episoden erscheint im
321 1594 1685 1654 „Anatol als das naive Einbekenntnis, daß die ganze Sache dramatisch nicht
321 1640 1685 1711 so ernst gemeint sei. Ohne großen szenischen Aufwand, ohne pomphaften
310 1692 1678 1766 historischen Hintergrund und vor allem ohne falsche Tragik wird der
312 1732 1687 1813 Alltag, wie er sich zwischen Grand=Hotel und Sacher abspielt, auf die
309 1778 1680 1861 Bühne gebracht. Schnitzler hatte es sich noch nicht in den Kopf gesetzt,
307 1842 1678 1910 eine große Symphonie mit patriotischen Paukenschlägen zu schreiben,
309 1891 1675 1960 er begnügt sich, ein Thema con variazione zu komponieren. Thema:
302 1932 1673 2011 Liebeleien; Variationen: geistreich, liebenswürdig, amüsant und pikant.
319 1994 1673 2044 „Anatol" redet sich nicht ein, Held zu sein, er will den Kampf mit
305 2032 1668 2103 der Langeweile des Lebens, mit durchaus ehrlichen, seiner inneren und
304 2080 1680 2165 äußeren Beruflosigkeit angepaßten Mitteln führen und weder sich, noch
309 2129 1682 2196 seinem respektiven Liebchen, noch der Welt einen blauen Dunst vor¬
304 2189 1675 2256 machen. In „leichtsinniger Melancholie" fließt für ihn, das glückliche
304 2236 1675 2296 Parvenusohnchen, das Leben hin, ein bunter Reigen wechselnder
309 2277 1672 2353 Stimmungen, die nie bis in die Gegend dringen, wo ringende
304 2324 1673 2391 Menschen das Herz haben. Es ist eine leichte, um nicht zu sagen
310 2375 1670 2441 seichte Lebensauffassung, die „Anatol“ vertritt, es ist ein kleines aber
298 2432 1666 2500 anmutiges Talent, das „Anatol“ geschaffen hat, ein Talent, das
300 2474 1670 2537 rettungslos zusammenbrechen muß, sobald es sich an große Aufgaben
297 2525 1668 2600 heranmacht. Aber diese anmutige Oberflächlichkeit ist ganz ehrlich und
297 2582 1668 2646 nain, und das ist der Vorzug „Anatols“. Und ehrlich und naiv war
295 2627 1661 2698 auch die begeisterte Aufnahme, die das Stück im Deutschen Volks¬
297 2670 1661 2744 theater gefunden hat, denn diese Leute, welche die Première bevölkern,
302 2715 1658 2796 sind eben vorwiegend Menschen vom Schlage „Anatols" und seiner
305 2772 1668 2834 jeweiligen Stimmungserregerinnen, Leute, die wohl nach außenhin
304 2829 1656 2891 gern für problematische Naturen gehalten werden möchten, die sich
295 2876 1661 2938 aber doch am wohlsten fühlen, wenn sie bei sich selbst sind, das heißt,
292 2922 1654 2983 wenn man sie mit ernsten Problemen verschont und der Lösung des
298 2967 1661 3043 ernsten Lebensrätsels, der Auffindungen oberflächlicher Stimmungen
293 3015 1661 3091 überläßt. „Anatol“ wird voraussichtlich seinen jüngeren Bruder
295 3067 1661 3148 „Medardus lange überleben; nicht nur weil er die Psyche der
292 3126 1658 3184 oberen Zehntausend in liebenswürdiger und naiver Weise enthüllt,
295 3162 1654 3252 sondern auch deshalb, weil er den Schauspielern ein ganzes Füllhorn
293 3238 1670 3346 dankbarer Rollen bietet. Es war eine helle Freude, die glänzenden
305 3315 1670 3383 Kräfte des Volkstheaters, die Herren Kramer und Lackner, und die
297 3369 1670 3434 Damen Hannemann, Reinau, Glöckner, Paula Müller und Galafres
295 3417 1675 3495 endlich einmal an einer würdigen Aufgabe verwendet zu sehen. Man
297 3457 1668 3536 ist ja im Deutschen Volkstheater so bescheiden geworden. Man ist ja
292 3521 1672 3581 auch mit leichter Ware zufrieden geworden, wenn diese nur wenigstens
297 3552 1684 3612 die literarische Form wahrt und geistreich und amüsant ist. Das ist
292 3604 1102 3692 „Anatole mehr will er selbst nicht sein.
1442 3622 1618 3686 e. V. 2.
2175 193 2782 388 „OBSERVER
1972 340 3046 448 I. österr. behördl. konz. Unternehmen für Zeitungs-Ausschnitte
2149 416 2872 505 Wien, I., Concordiaplatz 4.
2368 474 2643 542 Vertretungen
1972 502 3041 585 in Berlin, Basel, Budapest, Chicago, Cleveland, Christiana,
1975 569 3046 623 Genf, Kopenhagen, London, Madrid, Mailand, Minneapolis,
1972 607 3031 695 New-York, Paris, Rom, San Francisco, Stockholm, St. Peters¬
2368 652 2648 711 burg, Toronto.
2298 681 2724 775 lange an die
1968 737 2325 847 Ausschnitt aus:
2156 819 2418 900 10 12. 1910
2479 799 3160 988 Sport und Salon,
1972 885 2110 982 vom
1987 964 3203 1037 * Direktor Weisse ist nicht nur von künstlerischem Stand¬
1918 1030 3210 1090 punkt ein guter und vornehmer Leiter seiner Bühne, sondern
1908 1088 3214 1140 auch ein kluger Geschäftsmann. Daß er just zu jener Zeit,
1910 1130 3207 1183 da man von Artur Schnitzler als dem Verfasser der drama¬
1918 1173 3212 1239 tischen Historie „Der junge Medardus so viel sprach, auf
1913 1225 3207 1276 desselben Autors köstlichen, zum Teile noch nicht aufge¬
1918 1273 3210 1332 führten Einakter=Zyklus „Anatol zurückgriff, war gewiß,
1918 1325 3212 1387 abgesehen von der Freude an literarischem, Genuß auch gute
1923 1370 3203 1430 Berechnung, in der sich Herr Weisse keinesfalls täuschte
1918 1421 3207 1473 Die Gestalt des Anatol ist aus dem vielgelesenen Schnitz¬
1918 1463 3207 1521 lerschem Buche sowie an den schon zur Darstellung ge¬
1915 1516 3212 1568 brachten Einakter: „Die Frage an das Schicksal, Abschieds¬
1910 1563 2603 1618 souper und Anatols Hoch¬
1915 1606 2603 1675 zeitsmorgen, zu welchem sich
1918 1661 2598 1722 im Deutschen Volkstheater
1918 1704 2601 1778 noch „Weihnachtseinkäufe und
1927 1761 2601 1815 Episode gesellten, wohlbe¬
1915 1811 2605 1872 kannt. Wie Anatol, dem Falter
1925 1863 2606 1918 gleich, der stets nach den Staub¬
1925 1904 2608 1973 fäden der Blumen flattert,
1920 1949 2603 2010 immer und immer wieder sich
1927 2010 2603 2070 von schönen Frauen angezogen
1925 2054 2606 2117 fühlt, wie er im höchsten Glücke
1925 2106 2605 2158 schweigt und dieses Glück denn
1922 2153 2610 2217 doch nicht voll genießt, weil
1922 2192 2606 2258 ihm der Glaube an die Treue
1918 2242 2606 2310 abhanden gekommen ist, wie er
1927 2296 2606 2358 gerade in großen Momenten
1922 2351 2610 2406 der Liebe durch Mißtrauen sowie
1925 2396 2606 2463 durch Mangel an Selbstbewußt¬
1925 2448 2610 2494 sein unbeholfen wird wie ein
1925 2491 2613 2556 Kind, das ist von Schnitzler in
1922 2537 2613 2606 allen Details geistreich und mit
1930 2593 2613 2660 vortrefflicher Beobachtungsgabe
1930 2638 2610 2698 glänzend gezeichnet. Und wie
1927 2682 2610 2758 Herr Kramer, dem diese Rolle ja
1927 2739 2615 2794 förmlich auf den Leibgeschrieben
1930 2786 2610 2850 scheint, den Anatol gab, mit
1927 2834 2615 2901 seiner ganzen bezwingenden
1937 2877 2610 2938 Liebenswürdigkeit, mit der
1939 2926 2619 2988 Weichheit seiner Stimme, mit
1930 2981 2613 3041 der Eleganz seiner Bewegungen,
1927 3034 2615 3089 mit der Gabe, sich im Geiste
1934 3070 2605 3136 seiner Rolle vortrefflich zu klei¬
1927 3129 2615 3181 den, daran konnte man seine
1937 3179 2615 3234 helle Freude haben. Brillant
1927 3222 2619 3283 spielte er besonders den Ein¬
1927 3274 2619 3334 akter „Weihnachtseinkäufe im
3096 3307 3279 3378 Text neben
1937 3315 2610 3384 Verein mit Frl. Reinau. Diese
1934 3360 3227 3429 Künstlerin besitzt unendlich viel Charme, eine — ich möchte
1937 3421 3231 3478 fast sagen — wohltuende Melodik des Spiels und dazu eine
1934 3472 3231 3533 Schönheit, welche, mag sie nun auch immerhin nicht
1937 3517 3231 3576 einen integrierenden Bestandteil oder eine unumgänglich
1934 3571 3236 3626 notwendige Vorbedingung der Kunst bilden, der letzteren
1937 3619 3224 3676 denn doch immer erhöhten Reiz und Wert verleiht. Herr
1937 3666 3234 3733 Lackner hatte sich als Max einen überaus glücklichen Ton,
1942 3712 3226 3762 eine famos nonchalante Haltung zurechtgelegt und traf vor¬
1937 3760 3224 3814 trefflich jene ruhig lächelnde Uberlegenheit, mit der er stets
1939 3811 3227 3864 über den unschlüssig hin- und herwankenden Anatol siegt.
1937 3862 3231 3916 Bloß Frau Glöckner gefiel mir nicht ganz. Sie hatte meines
1941 3909 3226 3974 Erachtens die Annie etwas zu der angelegt, was ihrem über-
3088 3954 3177 4014 —
1946 3959 2858 4033 sprudelnden Humor einigen Abbruch tat.
