3344 4256
1267 154 1627 259 box 9/5
147 151 753 268 4.9. Anatol-
887 157 1057 262 ku
642 796 874 874 Nr. 8523
1486 815 1666 897 Montag
2193 838 2658 923 Neues Wiener Journal
3104 854 3215 930 23.
897 838 1552 1044 bien in Wien.
920 1015 1535 1120 Aus der Anatolzeit.
1954 982 3015 1165 Nachrichten vom Sonntag.
1169 1097 1270 1165 an
2020 1129 2907 1224 Rückzug der ganzen russischen Front.
992 1129 1467 1234 Hermann Menkes.
1958 1165 3054 1283 Der deutsche Abendbericht meldet: Erzwunge
720 1172 1820 1287 Anatol, das ist der Typus des jungen Wieners von 1890
1853 1221 3064 1303 durch unseren Angriffsstoß am Seret
606 1241 1827 1332 des intellektualisierten, skeptischen Lebenskünstlers, jene Gestalt,
1853 1270 3061 1342 weicht die ganze russische Front von der
1859 1306 3071 1391 Zlota Lippa bis hart an den Dnjestr.
609 1306 1823 1385 die in der guten Gesellschaft überall da war, halb Hamlet, halt
1863 1346 3074 1421 Im Sonntagscommuniqué meldet der Generalstab:
615 1355 1827 1434 Don Juan, von einem neuen Dichter, der aus jener Wel¬
1853 1385 3064 1460 Die Kämpfe in Ostgalizien reifen zu einem ge¬
615 1395 1827 1486 hervorkam, zuerst geformt. Diese einzige Gestalt eröffnet das
1853 1427 3064 1499 waltigen Schlag gegen die russischen Armeen aus.
612 1454 1823 1529 Verständnis für den seelischen Zustand eines Geschlechts, das
3081 1457 3228 1519 schmunz
1846 1463 3054 1535 Gestern nachmittags stießen unsere Verbündeten bis an der
1853 1499 3218 1558 Serethbrückenkopf von Tarnopol vor. In Prose
609 1503 3061 1617 damals schaffend oder genießend auf den Plan trat und stärker der Nacht wurde an mehreren Stellen die von Kozowa
3077 1558 3228 1614 nach S
612 1555 3231 1657 als das vorangegangene seine Individualität und sein welt nach Tarnopol führende Bahn gewonnen, in seine
612 1594 3231 1709 männisches Wesen betonte. Es war eine revolutionierte Jugend Auch die russischen Massen südöstlich von Brzezany lösen ein adli
606 1650 1817 1722 voll einer bewußten, raffinierten Kultur, die doch so bodenständig
1840 1657 3051 1729 sich Die Verfolgung auf Kozowa wurd
1840 1702 3231 1778 aufgenommen. Die Stadt Tarnopol und in un¬
606 1702 3225 1814 wienerisch war und das ganze Wesen dieser Stadt, ihren Frohsinn und reiche Ortschaften östlich des Sereth stehen in natürli¬
615 1738 3221 1850 ihre Frivolität, ihren Hang zu schwermütigem Sinnieren und ihre Flammen. In Jezierna wurde viel Kriegs=adel, je
609 1787 1810 1866 ironische Ueberlegenheit aussprach. Wien wollte Weltstadt werden
1837 1820 3228 1902 gerät erbeutet. Die Zahl der Gefangenen den Ad¬
612 1837 1814 1912 stand sinnend im Nachklang der Makart-Epoche, aber die Seel
1840 1853 3054 1922 konnte noch nicht schätzungsweise festgestellt
3077 1892 3228 1951 uns frei
1837 1889 3054 1964 werden. An der unteren Narajowka erhob sich gestern der
606 1882 3228 2017 seiner jungen Intellektuellen war bereits erfüllt von der bösen Geschützkampf zu beträchtlicher Stärke. In den kein Re¬
602 1925 3205 2062 Lebensangst eines sich neigenden Jahrhunderts, von seinem Wissen Karpathen kam es stellenweise zu Geplänkeln. — Im Westen dieses
602 1987 3058 2102 und seinen Zweifeln. Man hatte Band laire und Verlaine gemeldet der Bericht erfolgreiche Eindrüche in die französischen
602 2033 1814 2105 lesen, kam auch mit Strindberg schon in Berührung Schwelgerisch
1837 2046 2383 2115 Stellungen der Champagne.
602 2076 1814 2161 gab man sich dem Duft der Dinge, einem neuen Lebensrhythmus
3074 2076 3228 2154 den Ti¬
1941 2069 3054 2190 Kaiser Wilhelm nach dem Osten abgereist. Kaiser Wilhelm
602 2125 1810 2200 hin, halb noch romantisch gestimmt, halb auch schon die Härten
1840 2102 2930 2216 ist Samstag abend nach dem Osten abgereist.
3071 2138 3228 2220 geschmü=
1948 2180 3225 2269 Die Revolution in Rußland. Auch der gestrige Tag brachte Ich sehe
606 2174 3048 2298 die Schwere und das Problemhafte einer sich ankündigenden neuen eine Fülle von widersprechendsten Nachrichten über die Vorgänge in
3071 2239 3221 2298 engeren
593 2213 3225 2337 Kultur mit verfeinerten Sinnen empfindend. Das alles ergab die Rußland. Sicher ist, daß die Verwirrung ihren Höhepunkt Gespräch
609 2272 3218 2390 elegante Gebärde des Verfallszeitlers, wie sie eben in Anatol erreicht hat. Der russische Generalstabsbericht begründet unter
602 2321 1814 2416 und in dem sensitiven Philosophen von „Tor und Tod“ sich aus
1837 2337 3041 2423 die Erfolge der Verbündeten südlich Brody un
602 2357 737 2436 drückte
3074 2387 3192 2455 köpfen
1837 2377 3038 2455 östlich Brzezany damit, daß russische Regimente
1837 2419 3038 2491 ohne Zwang die Stellungen verließen und unte
619 2390 3221 2531 Jene kurze Episode, die allmählich ins Rüchterne umschlug keinen Umständen zu veranlassen waren, dem Befehl ihrer einer be¬
596 2455 3218 2576 und Angelangte anstatt Vorwärtsstürmende uns hinterließ, wird Kommandanten zu gehorchen. Ueber Petersburg den Die
602 2518 1807 2590 von einem Kulturhistoriker des modernen Wiens noch dargestell
1833 2527 3045 2619 ist der Belagerungszustand verhängt worden,
599 2557 1810 2642 werden müssen. Aus der Gesichtsweite von nahezu dreißig Jahren
1837 2570 3048 2648 Kerenski veröffentlicht einen Tagesbefehl, in dem er
1833 2609 3218 2704 die Armee und die Soldaten im Hinterland beschwört ein Sie
596 2619 3051 2734 erscheint jenes Wiener Leben der neunziger Jahre bunter, farbiger in dieser Stunde, in der Rußland am Rande des Ab¬
596 2658 3045 2763 und reizvoller als das der nachfolgenden. Es gab noch, unzergrundes stehe, die von deutschen Agenten aufgehetzten
606 2698 3041 2799 stört, das alte Wien mit allen wundervollen architektonischen Umstürzler herauszugeben und die Ver¬
1840 2766 3045 2842 räter in der Marine und im Heere sofort nach
3074 2688 3208 2858 Be¬
593 2750 3045 2884 Ueberbleibseln einer stilvollen Vergangenheit. Die Innere Bekersburg zu schicken, damit sie abgeurteilt
599 2796 3045 2914 Stadt glich in ihrer Geschlossenheit einem alten, vornehmen werden. Indessen wurde nach allen Rädelsführern eine Razzia ein¬
602 2845 1801 2940 Salon. Genau so war auch geistig und künstlerisch
1830 2881 3045 2982 geleitet und zahlreiche Leninisten vorhaftet. Lenin selber ist
599 2894 1804 2976 das ältere Wien noch repräsentiert. Johann Strauß
1827 2907 2606 2989 unauffindbar. Er soll geflohen sein.
599 2943 1804 3025 Brahms, Bruckner, Wolff lebten und schufen noch, das Burg
1941 2963 3041 3035 Die Finanzlage England. Auf eine Anfrage Harry
1830 2973 3038 3074 im Unterhause erklärte Bonar Law, daß die Fortsetzung dieser
589 2986 3031 3113 theater besaß vollzählig noch seine genialsten Darsteller und er¬ Geldwirtschaft nicht ohne ernstlichen Schaden bleiben
596 3038 3028 3156 lebte mit Burckhard und Mitterwurzer eine bisher nicht wieder könne. Es werde der ganzen Geschicklichkeit der Regierung bedürfen
3061 3071 3225 3146 diagnosti
596 3090 3182 3215 gekehrte Blütezeit. Wien war gewissermaßen wienerischer, als es um einer ernsten Lage vorzubeugen, selbst wenn leiden
599 3136 1801 3208 jetzt ist, und in diesem Milieu trat, einem europäischen Ru
1833 3149 2694 3221 die Engländer den Sieg erringen.
3054 3182 3208 3244 durche
589 3185 1804 3264 folgend, die neue künstlerische Generation auf. Der Strom neuer
1935 3192 3031 3267 Die Revolten in Spanien. Eine Madrider Meldung versichert
3061 3228 3225 3293 Speisezu
1830 3208 3041 3306 daß in Barcelona wieder normale Zustände herrschen.
586 3225 3031 3379 Ideen drang auch in diese konservative Stadt, die eine geistige Hingegen dauere die Gärung in Valencia an. Bei Zusammen
3058 3277 3234 3339 karte.
586 3284 1801 3352 Krisis durchmachte. Der Naturalismus nahm hier einen kulti¬
1830 3300 2056 3359 stößen wur
2537 3323 2822 3418 verletzt.
3038 3326 3162 3392 teile
579 3333 1797 3428 vierteren Charakter an als in Deutschland, war von Form ge¬
586 3369 1404 3460 bändigt, von einer neuen Schönheit geadelt.
707 3401 1810 3503 Es waren zumeist junge Leute aus den vornehmeren, be¬
583 3464 1807 3545 sitzenden Bürgerständen, die sich, entschlossen, ihre Persönlichkeit
586 3529 1797 3601 und ihre Parolen durchzusetzen, zusammenfanden. Es konnte da,
576 3568 1797 3647 von vereinzelten Erscheinungen abgesehen, von vornherein keine
583 3591 1994 3693 Bohème geben wie in Berlin. Diese wenigen Ausnahmen glichen Zinni i.,
583 3660 1794 3729 späten Abkömmlingen der Murgerschen Welt, kamen aber zumeist
1912 3686 2007 3729 2.
579 3709 2004 3788 auch aus der Fremde oder der Provinz. Das vielverspottete „Cassa,
579 3762 1778 3837 Griensteidl“ war der Sammelpunkt dieser neuen Repräsentanten
1814 3765 1994 3863 Szelmalo
579 3804 1794 3876 denen mit Unrecht nachgesagt wurde, daß sie sich gegenseitig ver¬
579 3853 1774 3928 himmelten Hermann Bahr kam, von „allen Geheimnissen Europas
1814 3837 1977 3938 Tot. 13
576 3902 1784 3971 erfüllt, aus Paris und Spanien und lehrte die Akrobatenkünste eine
1814 3922 1990 4001 Festetics
570 3955 1781 4027 neuen Stils. Dieser wurde so modern wie seine Stirnlocke. E
1810 3987 1994 4059 38: 10 (8
576 3997 1787 4076 war wie von einer Atmosphäre von Moschus umgeben, schillerte
573 4027 1987 4122 in allen Eleganzen, und diejenigen, die ihn kopierten, versuchten Frieda 1.
579 4082 1071 4171 sich auch im Absynthe¬
1411 4109 1529 4167 1
