3436 4352
1368 256 1716 359 box 9/5
227 258 1203 359 4.9. Anatol - Zyklus
806 484 1477 573 Potenturmstr. 23
382 645 1521 757 „Anatol im Schulzimmer
763 744 1512 835 Eine Einz.
453 803 1521 876 Und wieder läutet die Glocke heiser und durchdringend.
385 852 1520 926 Man begibt sich langsam vom Gang in die Klasse, müde und
385 919 1515 972 erwartungslos. Allmählich verebbt der dumpfe, summende
382 967 1518 1016 Lärm der Pause; es wird still in dem ganzen Gebäude. Die
390 1013 1518 1071 Tür knarrt, alle erheben sich klappernd von den Sitzen, als
382 1058 1518 1111 der Professor eintritt. Hie und da gähnt einer verstohlen.
385 1102 1504 1167 Man weiß ja schon in voraus, was nun geschehen wird
382 1137 1518 1207 man glaubt nicht mehr, daß sich etwas Neues, Unerwartetes
379 1200 1518 1256 ereignen könnte. Es ist heute wie gestern und es wird morgen
385 1248 1520 1305 ebenso sein. Seltsam und verwirrend daher daß es gerade
385 1289 1521 1348 heute anders kommt. Schnitzle, soll gelesen werden —
393 1334 1515 1394 Anatol — aus irgendeinem gleichgültigen Grund. Mehr
387 1389 1518 1466 Zufall eigentlich als Absicht. Ja, es ist wirklich so, wenn es
385 1437 1067 1483 auch noch so unwahrscheinlich klingt.
477 1460 1521 1530 Das fahle Licht des vernebelten Herbstmorgens dringt
379 1523 1518 1586 durch die schmutzigen Scheiben in das Zimmer, streicht über
385 1572 1512 1629 graugetüchte Wände, über den Buntdruck der Schlacht von
275 1589 352 1664 sten
387 1616 1517 1675 Gravelotte und die topographische Darstellung der Rax, die
387 1670 1515 1724 dort hängt, streicht über die gelblackierten Bankreihen, über
385 1710 1520 1764 die mit halbverwischten Formeln und Figuren bedeckte Tafel,
382 1751 1521 1811 über den wackligen Katheder, wo der Professor sitzt und liest.
256 1787 347 1857 echt,
393 1802 1515 1857 Er hat beide Ellbogen auf die Tischplatte gestützt und spricht
259 1845 342 1899 kelte
387 1850 1526 1911 leise und verhalten, mehr zu sich als zu seinen Zuhörern. Es
399 1896 1526 1954 scheint, als käme seine Stimme plötzlich von weit, weit her.
253 1899 348 1988 le
390 1939 1521 1992 Ein fremder und verhangener Klang ist in ihr, ab und zu
250 1988 352 2037 den
390 1986 1517 2046 hebt er die Arme mit einer schüchternen, ein wenig hilflosen
390 2034 1518 2089 Geste Sein Katalog liegt verschlossen vor ihm, auf einer Ecke
387 2080 1514 2147 des Katheders kürmt sich, weit weggerücht, ein blauer Stoß
244 2077 342 2160 lle¬
387 2123 1521 2184 von Heften. Und merkwürdig, jetzt erst nimmt man wahr,
387 2175 1514 2229 daß er eigentlich noch ziemlich jung ist, der Professor, wie er
402 2226 1523 2278 so dasitzt auf seinem Sessel, schaukelnd, versunken — ver¬
244 2209 352 2286 Kind
387 2264 1521 2333 loren in dem spielerischen Ernst und der zarten Trauer der
246 2284 345 2341 einen
387 2321 571 2387 Dichtung.
250 2329 352 2384 auch
484 2330 1520 2419 Anatole — es ist ein Hauch von warmen, duftschweren
259 2378 345 2441 an
393 2405 1515 2474 Früherbstnächten darin, in die der scheidende Sommer noch
387 2448 1515 2504 einmal seine ganze Glut, seine ganze Inbrunst strömen läßt
247 2459 347 2527 Sepp
387 2499 1523 2554 und die doch auch die Ahnung des grauen, wolken¬
387 2543 1518 2602 verhangenen Morgens in sich tragen, an dem die ersten
256 2567 352 2623 legen
390 2591 1518 2651 Blätter sich lösend langsam zu Boden sinken. Lächerlich¬
255 2608 347 2663 ende
387 2637 1521 2697 keit, Lüge und Leid der Liebe schweben zitternd und haschend
261 2657 348 2706 dem
387 2686 1521 2737 wie spielende Schatten durch dämmerige Zimmer. Schwere,
250 2705 345 2775 uchte
385 2731 1512 2791 nisternde Portieren halten die harte und kalte Helle des
390 2777 1518 2831 Tages ab, in der die Träume erfrieren. In den Winkeln und
390 2823 1517 2872 Ecken flüstert es leise von welken und verwehten Dingen.
253 2849 345 2903 es
387 2870 1518 2923 Draußen rauschen die halbentlaubten Bäume. Und von fern
387 2916 1521 2987 vernimmt man ein paar Geigentöne, voll wissender Wehmut
253 2938 350 3012 sturz.
390 2975 674 3038 der Todesreise.
477 2996 1517 3072 Das ist „Anatol. Sein sanft betäubender und ein
255 3015 348 3101 le
388 3050 1518 3115 wenig modriger Duft flattert bang in der stichigen, dumpfen
385 3099 1514 3159 Atmosphäre von Staub, Tinte und Schweiß, die in dem
390 3154 1520 3207 Schulzimmer lastet. Einige unter den Zuhörern schauen
396 3194 1515 3259 mit dem pflichtgemäß interessierten Blick des ordentlichen
387 3243 1515 3305 Schülers in die Luft, einer lernt halblaut für die Physik¬
266 3213 352 3336 de
399 3291 1521 3379 prüfung in der nächsten Stunde: „Das magnetische Moment
393 3345 1007 3408 ist das größte Drehmoment des
267 3328 353 3423 ken,
477 3359 1515 3440 Aber manche scheinen nachdenklich und bedrückt.
387 3428 1512 3492 Wirre Träumen steigt in ihnen auf, halb verschwommene
266 3457 350 3534 der¬
387 3489 1512 3552 Bilder und Erinnerungen, dazwischen etwas wie Auflehnung
390 3526 1512 3586 und Widerstand und ein ungewisses Gefühl von sehnsüchtigem
270 3550 359 3623 ge,
387 3572 1514 3626 Staunen. „Was ist das?“ denken sie, während der müden,
275 3609 355 3675 sitze
390 3616 1512 3684 graziösen, geheimnisvollen Szenen. „Ist das das Leben?
398 3679 1515 3739 Ist es das? Ein paar Strahlen der trüben Herbstsonne
387 3715 876 3795 tasten die Wände entlang
484 3747 1512 3813 Und dann schrillt wieder die Glocke. Die Sitze klappern,
393 3804 1515 3882 die Tür knarrt, einer wiederholt jetzt schon laut: „Das
387 3850 1498 3910 magnetische Moment ist das größte Drehmoment des ...
387 3897 1518 3962 Und ein letzter Duft und ein letztes Lächeln werden fort¬
287 3948 1518 4019 zergeschwemmt und gehen unter in dem allmählich das ganze
393 3996 1105 4077 Gebäude erfüllenden Lärm der Pause
1137 4019 1489 4114 Georg Veer
1556 1983 1636 2040 wu
1558 2302 1638 2372 der
1538 4039 1632 4111 hat
1891 1082 2729 1210 OBSERVER
1986 1177 2625 1245 I. österr. behördl. konzessioniertes
1936 1214 2672 1292 Unternehmen für Zeitungs-Ausschnitte
1989 1268 2616 1351 WIEN, I., WOLLZEILE 11
2088 1331 2530 1394 TELEPHON R-23-0-43
1874 1441 2235 1540 Ausschnitt aus:
1865 1687 2319 1793 Ausschnitt aus
1899 1784 2798 1890 ben in
2410 1957 2858 2057 20.10.193
1874 1986 2382 2088 Nr. vom
1833 2164 2883 2243 Ein Brief Arthur Schnitzlers
2054 2223 2746 2335 an eine Nürnbergerin
1883 2307 2992 2370 Gar mancher, der Schnitzlers „Anatol" gelesen hat, wunderte
1811 2359 2995 2411 sich über die den 7 modernen Szenen vorausgeschickte Einleitung von
1808 2402 2933 2458 Loris Hofmannsthal, die, als reines Rokokostimmungsbild,
1807 2444 2989 2499 wenig zu diesen realistischen Begebenheiten aus unseren Tagen zu
1802 2484 2992 2528 passen scheint. Dies Problem beschäftigte auch vor vielen Jahren
1807 2522 2992 2574 eine jugendliche Verehrerin des Dichters und — Ungeniert wie die
1808 2565 2978 2613 Jungen nun einmal sind — setzte sie sich hin und fragte bei Schnitz
1802 2603 2995 2657 ler ganz einfach nach den Motiven dieser Zusammenstellung an, die
1814 2639 2989 2688 sie sich trotz allen Grübelns nicht erklären könne. Hier die post¬
1808 2683 2989 2737 wendend eingelaufene, eigenhändig geschriebene Antwort, die hie¬
1802 2715 2540 2789 mit zum ersten Male veröffentlicht wird:
2072 2740 2995 2804 Verehrtes Fräulein, grüheln Sie nicht weiter. Der Zusammen¬
2023 2800 2989 2837 hang zwischen dem Einleitungsgericht von Loris und den sieben
2026 2834 2983 2874 Szenen des Anatol ist eius later, in einer Stimmung
2026 2863 2989 2901 begründe er. Vielleicht können sagen: wenn der Anatol vor
2043 2893 2989 2943 100 Jahren geschrieben worden wäre sollte man ihn in den von
2042 2926 2983 2972 Loris gedichteten Angaber fielen. Aber auch das in schon
2026 2953 2986 2995 grob ausgedrückt und daher kaum wahr. Vielleicht würden Sie
2029 2984 2989 3025 auch einen Zusammenhang spüren, wenn Sie sich einmal in
2026 3016 2995 3052 Schönbrunn, dem Park bei Wien, auf eine der steinernen Bänke
2029 3044 2979 3087 setzten und beispielsweise „Agonie" läsen. Aber wenn Sie einmal
2023 3078 2983 3127 auf so einer Pank sitzen werden, haben Sie hoffentlich was
2026 3102 2347 3167 Gescheiteres zu tun.
2260 3131 2534 3182 Vielmals grüßend
2660 3142 2944 3225 Arthur Schnitzler.
2065 3159 2398 3242 Wien, 18. 12. 1900.
1874 3199 2989 3286 Beglückt hob die Empfängerin diesen Brief auf; als sie viele
1796 3260 2986 3325 Jahre später einmal nach Wien reiste, da nahm sie den Anatol mit
1796 3313 2986 3369 und las, auf einer steinernen Bank im Schönbrunner Park sitzend,
1796 3352 2984 3409 den ganzen Band durch. Und obwohl sie keine Dichterin war,
1804 3392 2986 3449 spürte sie leise den inneren Zusammenhang zwischen Loris Kava¬
1796 3434 2893 3511 lieren des anciem regime und Schnitzlers modernem Helden.
