3436 4320
1389 147 1740 244 box 8/7
275 154 1188 255 4.9. Anatol Zyklu-
568 1583 1605 1694 Bitte Rückseite beachten!
1173 1681 1577 1778 Telephon 12.801.
847 1848 1306 1950 BSERVE
533 1921 1616 2027 I. österr. behördl. konz. Unternehmen für
844 1997 1311 2068 Zeitungsausschnitte
560 2051 1602 2140 Wien, I., Konkordiaplatz 4.
956 2107 1206 2169 Vertretungen
537 2149 1605 2221 in Berlin, Basel, Budapest, Chicago, Cleveland, Christiania,
548 2181 1604 2263 Genf, Kopenhagen, London, Madrid, Mailand, Minneapolis,
537 2217 1598 2300 New-York, Paris, Rom, San Francisco, Stockholm, St. Peters¬
940 2269 1217 2328 burg, Toronto.
794 2323 1354 2391 (Quellenangabe ohne Gewähr).
541 2368 909 2447 Ausschnitt aus:
948 2397 1329 2528 Die Zeit, Wien
815 2463 1084 2544 26 2. 1911
540 2486 669 2541 vom
525 2604 1481 2695 Schnitzlers „Anatol“ in Budapest. Aus
545 2671 1484 2743 Budapest, 25. d., wird uns telegraphiert:
552 2719 1485 2796 Im Budapester Ungarischen Theater fand heute
545 2755 1485 2831 die Aufführung von Arthur Schnitzlers
562 2795 1489 2882 „Anatol“ statt. Der von Ludwig Biro meister¬
562 2840 1490 2924 haft übersetzte Zyklus fand bei dem überaus
557 2896 1496 3010 distinguierten Publikum eine sehr freundliche
558 2962 782 3043 Aufnahme.
2099 53 2320 117 de
2105 54 2881 151 Gent, Kopenhagen, London, madre, pa¬
2101 85 3141 194 New-York, Paris, Rom, San Francisco, Stockholm, St. Peters¬
2495 143 2777 212 burg, Toronto.
2347 183 2927 282 (Quellenangabe ohne Gewähr).
2113 276 2497 355 Ausschnitt zu
2370 262 3144 390 prend
2120 395 2250 463 vom
2332 482 3108 593 Theater, Kunst u. Literatur.
2604 581 2857 657 „Anatol."
2343 646 3000 711 Fünf Einakter von Arthur Schni,
2351 646 3113 750 Uebersetzt von Ludwig Biro. Zum ersten
2343 732 3106 794 Male am Magyar Szinhaz den 25. Feber.
2393 780 3108 848 Das dünne Büchlein, das achtzehn
2347 815 3098 892 Jahre lang die Leserfreude literari¬
2341 878 3098 945 scher Gourmets war, ist ein dramati¬
2340 913 3103 978 scher Zyklus geworden, der sich ver¬
2336 968 3094 1029 gnügte Zuschauer erworben hat. Der
2335 999 3099 1063 lebefreudige Anatol, so eine Art jun¬
2335 1045 3099 1110 ger Brichanteau Wiener Zuständig¬
2336 1094 3094 1163 keit, ist auf die Bühne gestiegen und
2328 1138 3093 1206 hat sich als liebenswürdiger Amau¬
2340 1180 3093 1249 seur bewiesen, der seine Liebeserfah¬
2332 1237 3091 1293 rungen in fünf reizenden Einaktern
2328 1268 3091 1333 durchlebt. A kérdés“ („Die Frage an
2325 1307 3089 1382 das Schicksal"). Anatol will sich von
2323 1361 3086 1431 der Treue seiner Cora im Wege eines
2325 1396 3083 1476 hypnotischen Experiments überzeugen.
2325 1449 3081 1508 Im entscheidenden Augenblick schrickt
2327 1500 3083 1556 er vor der Frage zurück und weckt
2327 1535 3082 1597 Cora aus dem Schlaf. Noch zarter in
2317 1578 3083 1656 der Empfindung ist „Karácsonyi vásár“
2325 1624 3083 1690 (Weihnachtseinkäufe"). Gabriele, die
2310 1668 3078 1740 vornehme Dame, erfährt von Anatol,
2312 1709 3078 1780 den sie liebt, daß er ein kleines Ding
2310 1766 3079 1833 aus der Vorstadt mit seiner derzeiti¬
2317 1809 3079 1868 gen Neigung und mit Weihnachts¬
2314 1857 3075 1908 gaben beschenkt hat. Gabriele sendet
2308 1894 3071 1960 dem Mädchen einige Blumen mit der
2317 1929 3064 2006 Botschaft, daß auch sie so lieben könn¬
2316 1975 3072 2047 te, wie jene, wenn sie den Muth dazu
2313 2023 3071 2091 hätte. In „Bucsuvacsora“ („Abschieds¬
2310 2061 3072 2140 souper") ist es Annie, die kleine Cho¬
2308 2113 3070 2184 ristin, die er los werden möchte, da
2305 2163 3067 2232 er heirathen soll. Er findet nicht den
2310 2196 3067 2275 Muth, ihr den Abschied zu retheilen,
2308 2240 3066 2309 doch hilft ihm das Mädchen aus der
2310 2289 3066 2358 Verlegenheit, denn beim Abschieds¬
2314 2331 3071 2402 souper macht sie ihm das Geständniß,
2298 2368 3059 2451 daß sie einen Choristen ins Herz ge¬
2304 2421 3055 2498 schlossen hat. „Episode". Anatol er¬
2302 2472 3059 2533 zählt seinem Freunde Max von der
2301 2517 3058 2577 unvergeßlichen halben Stunde die er
2298 2559 3059 2629 mit Bianca, der Zirkusreiterin, ein¬
2298 2607 3056 2683 mal verbracht hat. Er befindet sich ge¬
2298 2642 3054 2715 rade bei Mar. Die Thüre wird ge¬
2296 2681 3059 2754 öffnet und Bianca, die mit Mar schon
2293 2742 3054 2801 ein längeres Verhältniß gehabt hat,
2286 2782 3056 2855 tritt ins Zimmer. Sie erkennt Anatol
2286 2822 3058 2896 nicht. Wieder ist Anatol in Verlegen¬
2286 2858 3054 2946 heit. Er wagt es Helenen nicht zu
2296 2903 3039 2975 sagen, daß er in zwei Stunden heira
2293 2951 3044 3019 thet. Das geschieht in „Legénybucu¬
2297 3006 3054 3058 („Anatol am Hochzeitsmorgen"). End¬
2293 3035 3051 3109 lich muß er mit der Wahrheit heraus.
2293 3083 3050 3156 Helene weint und macht ihm die ge¬
2281 3130 3048 3206 wisse Szene, der sich Anatol durch die
2281 3170 3044 3242 Flucht entzieht. Schließlich findet He¬
2281 3217 3050 3300 lene Beruhigung in dem Entschluß,
2283 3260 3047 3335 daß sie den neugebackenen Gatten so¬
2286 3303 3050 3373 wieso von der Gattin zurückerobern
2278 3346 3048 3419 wird. Anatol wird von Herrn Goth
2281 3399 3039 3472 mit Geist und weichen Gemüthstönen,
2283 3437 3033 3520 Max vo Z. Molnár in gut artiku¬
2277 3477 3037 3557 lirten Konversationston dargestellt.
2278 3530 3036 3594 Die fünf Frauen im Junggesellen¬
2274 3563 3039 3655 leben Anatols werden von den Damen
2277 3611 2449 3669 Töth,
2492 3621 3036 3683 Báthory, Nagy mit
2282 3667 3037 3735 ziemlicher Individualitätsarmuth, von
2278 3709 3029 3766 Frau Forrai und Frau Göth¬
2281 3748 3032 3814 Kerteß mit lebensvollen Akzenten
2281 3802 3039 3856 gespielt. Das wandelbildartige Werk
2271 3843 3036 3909 wird dem Publikum zweifelsohne pi¬
2271 3880 3031 3956 kante Zerstreuung bieten und sich
2269 3932 3050 4010 offenbar in das Repertoire einnisten.
