3484 4256
259 160 825 256 4.9. Anatol
936 168 1163 259 Zyklu-
1383 154 1722 242 box 8/7
2283 111 2842 182 (Quellenangabe ohne Gewähr).
2044 169 2397 244 Ausschnitt aus:
2333 220 3014 316 The Morning Post, London
2253 270 2512 358 ME
2047 289 2170 346 vor
2339 420 2852 511 LITTLE THEATRE.
2175 563 3030 617 On Saturday Miss Lillah McCarthy opened a
2134 614 3030 667 short season at the Little Theatre, where will be
2139 660 3031 717 presented for two weeks a selection from the
2141 713 3032 753 sequence of dialogues collectively known as
2139 746 3030 802 Anatol." The programme is not for every¬
2139 792 3035 853 body, inasmuch as all the dialogues turn on
2142 840 3030 895 Anatol's gallantries, and Schnitzler, whose
2139 879 3023 938 German has been skilfully Englished by Mr.
2148 931 3024 978 Granville Barker, is a writer of no less
2139 976 3026 1026 frankness than it. In this country Anatol,
2133 1017 3023 1074 vain, selfs, cowardly, and indiscreet,
2142 1071 3024 1116 would be regarded less tolerantly than at
2138 1114 3022 1180 Vienna, where his much steadier - going
2139 1161 3017 1216 friend Max seems amused rather than dis¬
2136 1205 3014 1259 gusted by Anatolis utter heartlessness. Five
2136 1259 3017 1303 of the dialogues are given, and in three of
2133 1294 3012 1347 these Mr. Granville Barker has already appeared
2138 1348 3012 1397 at the Palace. In Ask No Questions and You'l
2136 1382 3008 1444 Hear No Stories Anatol falls in with the sug
2136 1433 3012 1489 gestion of Max that if he really wants to know
2139 1482 3013 1530 whether or not he shares Hildas heart with
2133 1523 3012 1568 another he should hypnotise her and then put it
2136 1563 3012 1621 questions. Hilda is only too pleased to be
2127 1618 3012 1663 hypnotised, but after ascertaining from her
2136 1661 3006 1697 that her name is Hilda and that her ge¬
2127 1691 2999 1738 is not nineteen, as she has represented
2127 1731 2999 1780 but twenty-five he fights sy of putting the
2129 1775 3002 1820 crucial question and restores her to conscious
2130 1813 2993 1863 ness. Max observes : "Perhaps you've made
2130 1847 3000 1912 scientific discovery besides. That women tel
2130 1884 3003 1933 lies just as well when they're asleep. In
2130 1923 3006 1969 Ohristmas Present Anatol runs against an old
2121 1965 3011 2015 flame, Gabrielle, in the street, and they tall
2127 2001 3014 2051 together under the shelter of a doorway. The
2130 2042 3012 2085 present is the flowers which she gives him for the
2129 2083 3016 2127 girl who has supplanted her. The scene of An¬
2127 2115 3017 2157 Episode is Max's rooms, to which Anatol
2129 2156 3014 2205 brings all his old love-letters that Max
2125 2196 3012 2243 may take care of them for him. The different
2127 2233 3008 2281 writers are discussed, and one of them,
2130 2273 3014 2315 Bianca, a circus girl, to whom Anatol thinks
2123 2315 3008 2359 himself all in all, drops in. She comes for Max,
2122 2342 3012 2397 not for Anatol, whom she has the greatest diffi¬
2127 2387 3008 2432 culty in recalling. The Farwell Supper is
2127 2422 3005 2470 tolerably familiar. Anatol has fallen out of love
2130 2463 3008 2507 with Mimi, a ballet girl, and into love with
2122 2505 3012 2548 somebody else. He invites Max to supper at a
2130 2542 3012 2584 restaurant. Mimi is coming, and he wants to
2124 2574 3012 2622 break off with her. The two early agreed that
2123 2616 3012 2669 either on tiring of the other should
2124 2652 2483 2704 at once say so.
2533 2646 3013 2699 While Anatol is still
2127 2693 3012 2739 beating about the bush she tells him that she is
2127 2728 3012 2775 tired of him and on the point of marrying a
2122 2775 3009 2814 chorus-man. Lively recriminations ensue, and at
2127 2809 3012 2850 last she sweeps out of the room, having helped
2122 2849 3012 2892 herself to a bundle of cigars. Not for me.
2124 2883 3013 2931 They’re for him," she cries. In "The Wedaing
2127 2923 3014 2981 Morning it is Lona from whom Max desires to
2127 2964 3012 3009 free himself. He is to be married in two hours
2123 3006 3012 3046 and dare not tell her. He pretends that he is
2122 3043 3005 3089 only the best man, but she learns the truth at
2127 3072 3005 3121 last and wrecks the flat. All these dialogues
2115 3118 3009 3173 are very brightly written, the characters being
2121 3151 3004 3208 incisively drawn, and seldom, if ever, saying any¬
2122 3189 3005 3236 thing that sounds forced or unnatural. But
2122 3234 3005 3274 they are not for everybody, and had the Censor
2124 3269 3006 3312 showed more discrimination no one could have
2122 3310 3009 3350 been surprised. Mr. Granville Barker delivers
2122 3350 3007 3397 Anatole lines with the utmost point, but has
2124 3380 3008 3430 hardly the swing or the gaiety one imagines
2124 3428 3000 3470 Anatol should have. The Max of Mr. Nigel
2122 3460 2999 3507 Playfair is perfect. Self-possessed, quietly
2127 3494 3003 3547 taking the measure of his man and of his man's
2121 3532 3004 3583 friends, he contributes comments as caustie in
2115 3575 2999 3623 substance as they are casual in form. Miss
2122 3612 3004 3660 Gertrude Robins is a pretty and vivacious
2121 3648 2990 3705 Hilda, and Miss Katharine Pol is an interesting
2122 3693 2999 3739 Gabrielle. Miss Dorothy Minto a Bianca shows
2119 3731 3003 3774 a good sense of character and of class. Miss Lilla
2122 3766 2999 3811 McCarthy is a handsome, spirited, and subtle
2114 3798 2999 3852 Mimi. Mr. A. B. Tapping is a duly discret
2115 3845 2999 3891 waiter at the restaurant. Mr. Harry Dodd is
2118 3883 3003 3934 most amusing as Anatolis manservant. Miss
2115 3922 2999 3969 Alice Crawford gives an excellent study of the
2119 3963 3003 4003 superb and vindictive Lona and makes a most,
2114 4003 3003 4052 striking figure in the gorgeons and fantastic male
2110 4039 2984 4103 costume Lona has won at the masquerade ball.
