3436 4320
2727 3574 3382 3731 .
553 3593 1211 3760 .
1105 3662 2836 3767 MR. GRANVILLE BARKER AND A SCENE FROM THE FARENELL SUPPER
491 3705 3407 3833 Delightful acting is the keynote of Mr. Barkers little series of plays from the German of Arthur Schnitzlers Anatol, which is being performed at the Pa¬
684 3807 3262 3945 Theatre. Mr. Barker, who plays the name part, a gay bachelor of Vienna, is se above with Miss Hillah Carthy and Mr. Nigel Pair
