3436 4256
1340 202 1711 286 box 9/3
226 182 863 291 4.9. Anatol-
910 202 1152 294 Zyklu-
1694 433 1776 488 on
1937 414 2544 501 delle buone abitudini ; ma an¬
1122 433 1776 518 lentoa noin
2566 479 2702 518 de is
1934 493 2710 580 a farvi garantire dalle suocere
869 477 1784 577 ea per raccogiere gentilmente la mo¬
632 515 793 588 mettete
2560 545 2713 588 incor¬
2560 580 2702 618 vaa
610 569 814 646 ottaa
2555 607 2707 659 gli vi¬
2558 646 2713 689 sentand
877 605 1618 735 CORRIERE
2563 678 2713 727 dire¬
610 659 793 741 und
1681 569 2465 760 TEATRALE
2560 711 2683 752 mente
2563 746 2691 790 fere
626 752 793 823 giorno,
1683 776 2688 828 re risponde alla sua estetica dell'amore; es¬
2560 812 2697 863 Taches
610 804 798 866 le mi¬
934 752 1618 888 Anatolio,
1686 820 2541 872 sere abbandonato gli pare una volgarita e
2590 850 2710 899 Tach
635 850 787 918 passan
1683 863 2541 910 un tradimento. Nell ultimo quadro vediamo
2560 874 2710 929 mas
1683 899 2694 961 come egli, poche ore prima di prender moglie, lettre
613 872 1661 970 digorti, Cinque quadri di Arturo Schnitzler
1681 948 2525 994 si stacchi da un amante alla quale da molt
624 942 790 1002 la debe¬
2555 951 2705 1000 april
1030 948 1449 1016 al Manzoni
1683 970 2539 1021 tempo era legato, e, davanti alla disperazione
2563 989 2710 1032 Voltaire
621 986 795 1040 and
842 978 1659 1057 Il teatro di Schnitzler poco conosciut
1686 1008 2707 1060 di costei, esclami : « Vale la pena di pren¬ gi¬
624 1027 2411 1095 azioni in Italia. Intorno al 98 Teresina Mariani rap¬ der moglie quando si è amati cosi! »
2555 1054 2705 1095 visori¬
607 1070 1659 1141 tori da present, davanti a pubblici poco pazienti¬
1713 1084 2707 1130 Gli ultimi due quadri hanno uno sviluppo glieren
2560 1122 2707 1166 volle
618 1117 784 1177 jagnifici.
809 1122 2718 1196 Liebelei; e la commedia, male accolta, maggiore degli altri ; i tre primi rappresen¬
610 1163 779 1220 ale ce
806 1155 2710 1231 subito dienticata. Il Papagallo verde , con tocchi leggeri e con qualche vena¬
806 1196 2707 1272 promesso da Mario Fumagalli, ma non crera di umorismo, stati d'animo interessant
605 1198 779 1267 fore del
809 1239 2713 1299 do sia mai apparso alle nostre ribalte. Dei ma secondari, stati d'animo che, in una com¬ Libero
599 1247 790 1305 la grande
809 1269 2525 1348 Ballo tondo venne stampata una traduzio media regolare sarebbero appena inter
2552 1294 2713 1346 re a con
605 1291 779 1348 fu eter
809 1316 2522 1375 ne; ma difficile che i nostri capocomici medi, gradazioni di una passione, faccette
2547 1326 2707 1370 Sous
607 1346 2716 1427 Cavaliere tentino questo ciclo di scene che, à Vienna, di un carattere. Isolati cost, ci fanno sentire alla fine
2547 1395 2713 1444 l'attenz
798 1397 2525 1449 la suscitato tanto scandalo. Dei sette quadri la loro poverta, anche perché mancano di
2552 1430 2707 1484 di Pa¬
607 1422 2519 1490 d'Alegredi Anatolio, cinque giungono a noi ora, ma novità. La sensibilità amorosa di Anatoli¬
2577 1468 2713 1517 L'elog
801 1479 2528 1533 già vecchi di trentaquattro anni grave et non esce lalla solita formula dell'amore con¬
605 1474 774 1536 li disse
2585 1501 2707 1547 gli
806 1514 2519 1572 per un'opera teatrale. E giusto riconoscere sacrate dagli autori drammatici da quaran
610 1514 774 1580 io onni
2579 1536 2710 1588 rance
798 1550 2718 1612 che Anatolio, piaccia o non piaccia, ci appa¬ anni a questa parte. Anatolio, amante de¬
618 1566 1645 1645 uariae, ueluti me¬
1670 1596 2721 1651 licato e aristocraticamente vizioso, non suitaron
635 1618 771 1670 so con
801 1629 1645 1678 li porta bene. Non appare certo out of date
1670 1637 2705 1686 pera il vecchio dongiovannismo; anzi è in bro che
632 1656 768 1730 nemici
798 1664 2729 1716 Forse à la stessa magrezza di questi quadri arretrato per il suo inguaribile romantici¬
2541 1708 2713 1768 quiete
673 1705 2522 1776 conche li difende dalle rughe; forse à il loro caso. Losservazione psicologica, in questi cin¬
2568 1746 2716 1798 ne
795 1751 2517 1798 ratière frammentario che i fa somigliare aque quadri, & elegante ma comune. Sei o set
2544 1765 2705 1830 do quel
793 1795 1640 1839 certi tentativi scenici più recenti, e rives
1661 1795 2519 1847 te anni dopo di Anatolio il Donnay, rom
2541 1819 2702 1868 chica.
567 1784 1645 1866 quel ils ont force
1675 1828 2519 1877 pendo lo schema della commedia per descri
602 1839 768 1901 Ba
2541 1852 2724 1904 miste de
1675 1863 2519 1912 verci l'amore moderno, ci si mostrava, con
795 1863 1645 1923 quell'essere, quasi tutti cinque, senza corni¬
2541 1893 2724 1937 una cor¬
613 1893 2517 1961 enne à ce soitti più per Kammerspiele el amant, molto più ardito e originale del¬
2544 1923 2721 1969 cano che
1661 1937 2710 1999 10 Schnitzler. Cosi, per la lievita degli epi¬
798 1939 1640 1991 teatri veri propri, che da loro un pigli¬
1664 1975 2740 2043 sodii, per la grazia un po' timida dell'inda¬
583 1964 1637 2043 mi duole disinvolto e indépendente, che non pare del
1667 2021 2740 2073 gine, questi cinque quadri non ebbero gran¬
588 2016 1207 2086 con pa¬ la commedia dijeri.
828 2056 2740 2103 Certo debbono avere, in fondo alla loro di applausi. Solo i due ultimi ottennero acco-ava, lo
564 2051 771 2127 der per
2536 2095 2718 2146 politico,
1664 2089 2509 2154 glienze abbastanza calde. La cronica è que
795 2089 2710 2206 nue comicita che il Betrone fece squisita que chiamate dopo il primo quadro, due
2539 2133 2721 2176 come sa
561 2119 2511 2231 on l'auto mente risaltare erf, una piccola e dolce ma-opil secondo e dopo il terzo tre, più fer¬
2536 2201 2713 2247 periale
793 2176 2713 2277 linconia della quale non è rimasta traccia vide dopo il quarto, e due dopo il quinto ; ma salda po
556 2190 763 2261 jado muo-
793 2217 1634 2274 nella traduzione; certo furono tagliati fram
556 2250 765 2307 ortesi e tre
1656 2244 2710 2312 i contrasti non mancarono mai. Pure questo patriota
793 2255 1634 2315 menti di dialogo nei quali Anatolio o si de
1659 2293 2506 2340 Anatolio ha un sapore che lo rende merite
2536 2307 2740 2345 coli prin.
550 2299 1632 2348 estabile di finisce o si fa definire. Il personaggio, pe
1664 2329 2724 2378 vole di essere almeno conosciuto. Fu posto nel gar
547 2337 1637 2400 parchese di quello che ne so, ha qualche segno di deli¬
1656 2353 2718 2430 in scena con molto buon gusto, e recitato logico no
545 2381 763 2443 ore di Bon¬
787 2375 2506 2470 cata originalità, che eri non ci fu dato di confinezza signore dal Betrone e con pia
2530 2402 2705 2449 sta
787 2419 2157 2498 intravvedere. In ciascuno dei suoi cinque le vivacità del Paoli.
545 2424 760 2481 da Cer
2533 2432 2721 2487 do al ro
787 2457 1634 2511 amori, dei quali ci fu mostrato qualche aspet
2522 2470 2721 2528 del lette
1683 2479 2048 2547 Stasera si replica
542 2468 1640 2547 acomo del to, l'ombra degli amori passati determina una
2533 2509 2710 2552 e qual
553 2517 1642 2588 nomi, mu- specie di nostalgia, una incapacità di godere
2059 2511 2481 2593 Renato Simoni
2533 2541 2713 2590 lo faceva
550 2558 757 2615 itti sulla
787 2571 1632 2626 pianamente e sanamente la gioia presente
2530 2579 2705 2623 zo alla
1691 2539 2364 2664 er den /
2525 2609 2699 2656 pare; in
567 2618 1632 2669 passarono Anatolio, più che per certi atteggiamenti ge¬
2539 2645 2699 2697 va le be¬
1681 2623 2506 2702 La quinta rappresentatione des
553 2642 757 2707 endola tre
784 2647 1629 2713 nerali dell'uomo di fronte all'amore, deve rap¬
2530 2680 2691 2726 il suo
1656 2686 2506 2729 svolta iersera con pieno favore del pubblico
550 2691 757 2751 passato.
787 2686 2707 2781 presentare il viennese di trent anni fa, nella che ha festeggiati con frequenti applausibili. Se
784 2732 1629 2786 più splendida Vienna, al tempo del piacer
545 2735 763 2797 dito queste
2522 2754 2702 2795 noux, as
1656 2751 2408 2800 maestro Toscanini ei principali artisti.
787 2770 1632 2825 e del gusto più raffinati ; à un amante este
2533 2786 2699 2833 percosso
1683 2789 2503 2841 Questa sera (18e recita, serie A) si da la
545 2778 760 2846 gli rispose:
782 2808 2498 2871 ta, non per posa, ma quasi per sentimento, terza rappresentazione di Traviata. Doman
2530 2816 2721 2874 calci non
545 2844 2735 2898 per me di un cerebrale che nel tempo stesso, à un roripos. Sabato (19 reita, fuori abbonamen¬ la po¬
537 2882 618 2925 a.
2522 2890 2732 2931 mentre du
782 2884 1629 2936 mantico. Per questa specie di tenera e sen
1656 2890 2334 2933 te per la platea) si ripete l'Aida.
2533 2923 2729 2969 valle
1683 2909 2503 2974 Domenica, in mattinata, fuori abbonamen
542 2917 662 2974 cora:
774 2931 1632 2983 suale artificiosità della passione di Anatolio
2530 2953 2718 3012 veicolo,
1656 2955 2503 3010 to (20 recita), quarta rappresentatione de
564 2966 2680 3037 lasciate in a poesia, stampata come prefazione al Traviata, e di sera (21 recita, serie B), secon¬
784 3002 2500 3078 l'opera, si immagina, per commedie come da rappresentazione di Lucia di Lammermoor
2555 3026 2710 3075 La pro¬
779 3040 1629 3100 queste, cioè per « le commedie gentilie do
1683 3061 2729 3100 Questa mattina s’inizia la prenotazione bondantis¬
567 3051 757 3124 detto Si-
784 3078 2705 3190 lorose della nostra anima », un teatro di fron per la recita di sabato sera e domani venerdie
2536 3100 2718 3149 i quali S
542 3116 2122 3173 10 con lui : de, alla luce del sole pomeridiano, fra vecer le récit domenicali.
2517 3160 2721 3209 Volupté
550 3165 1637 3228 osi il buon chie fontane, in un giardino rococo della
2514 3195 2707 3244 au soldat
782 3198 1465 3249 Vienna settecentesca del Canaletto.
1814 3165 2321 3252 SPETTACOLIDO
553 3198 757 3258 lealmente
2522 3230 2705 3274 niti sotto
1667 3209 2498 3290 SCALA aviata di Verdi. Ore 21. DALVER
542 3239 754 3298 Francia, ne
812 3236 2479 3312 Anatolio, non vive che per l'amore, con una di Poncelli, Ore 20.45
2517 3266 2699 3312 l'energie
782 3271 2721 3334 eleganza e con sensibilità. Forse ama più RICO (a Regin-Lombardo) : « Il paese del campa¬iti sotto
545 3282 754 3342 Principe
784 3315 1629 3367 l'amore che le donne: ma in fondo alla sua
1656 3328 2503 3369 nelli » di Rangato. Ore 20.45. — ARCANO: « Bohè¬
545 3334 1629 3407 a Francia venturos esperienza a su casanovi¬
1656 3323 2500 3424 me di Puccini, Ore 20.45. — MANZON,
1656 3334 2724 3421 Anatolo di Schueler, quae pene¬
2530 3369 2699 3410 opusculi
577 3377 1626 3446 con quemo un po fatuo, c'e un ingenuita credul¬
2530 3405 2726 3448 Tutto ciò
1656 3407 2492 3448 (C. Teatro buffonesco) : « Il visconte di Letorières
1656 3437 2198 3478 di Bayard e Dumanoir. Ore 21.
774 3429 1623 3486 di ragazzo, un vieux che ha into ante
2236 3435 2726 3486 FLORAMMA liche gli
1651 3462 2713 3511 TION (C. Musco) : « Fiat voluntas Dei » di Macri, tura ave¬
539 3448 754 3527 i fu parti¬
782 3462 2729 3544 battaglie, che sull'amore ha delle idee ge- Ore 21. — DIANA (C. Maresca) : « Dallag al milio politica co
768 3516 1612 3565 nerali un po niche, ma che, in ogni amore
1656 3522 2490 3563 ne » di Dall'Argine. Ore 21. — TEATRO DEL PO
542 3505 635 3571 10.
2517 3538 2732 3582 soldat, ma
1653 3546 2495 3590 POLO : « L'invincible » di Oriani (Serata di F. Bec
779 3544 1623 3606 serba un po delle poetiche illusioni del prin
2522 3568 2718 3612 di conser¬
1653 3576 2729 3644 ch. Ore 20.45. — FOSSATI (Ca Riccioll): Bamb.
768 3595 2490 3644 cipiante. La sua sensualità è sempre accom¬ di Carabella. Ore 20.45. — VER : Circo teatral¬
1656 3625 2726 3672 Ore 21. — EDEN (C. di riviste); Arcobaleno di la Corde
776 3620 2484 3702 pagnata da un dolce fantasticare. Ogni donna amo e Mazzucato. Ore 21. — POLITEMA MIL¬
531 3633 746 3699 chiala, an
2511 3666 2713 3718 quotidiani
776 3669 2490 3723 che possiede gli pare l'amante unica, la vera, NESE (C. Bonecchi : « Tecoppa brumista » : « Mas
2517 3707 2713 3753 vore del
1653 3715 2724 3781 sinelli in vacanza di Ferravilla, etc. Ore 21. GE¬
537 3702 2187 3813 ma, vorrò la passione immortale. Cento prove amare AMO, Marionette. Ore 20.45.
564 3740 1618 3797 miei con dovrebbero avergli aperto gli occhi ; ma pe¬
2511 3772 2726 3811 sang, de
537 3786 1615 3835 reziosa quanto el fondo del sichere to sempre
2514 3813 2724 3851 sopravvive
1670 3791 2465 3890 Echi di spettacoli, ritrovi, etc.
768 3816 1623 3873 la faccia, l'inganno lo riprende sempre, con
2511 3838 2726 3887 Perfho is
768 3851 1626 3909 le stesse fresche seduzion. E questo perche
2514 3870 2729 3922 nero ricon
561 3854 722 3936 Gatti
1670 3860 2484 3928 Al Trianon-Pavillon Doré, stasera avrà luog
768 3898 1615 3944 egli è sempre convinto di essere il sedu¬
2517 3914 2710 3955 venia el
1651 3909 1953 3955 la prima grande
2002 3919 2481 3960 danzante della stagione de
771 3939 2724 3993 tore. L'aver conquistato molte donne gli di dicata alla casa Pernet et l'ils di Relms; la casari
1661 3974 2612 4023 dello champagne tanto ricercato dall'élite milanes.
771 3979 1626 4026 un curioso sentimento della sua importanza
626 3960 744 4045 Tipo
1659 4001 2495 4039 se. E la casa Pernet, che si è sempre distinta per
2541 3990 2710 4064 Mauriz
776 4018 1612 4061 diamante, che in contrasto, quasi sempre
1640 4031 2484 4069 agora con la quale sa organizzare le feste
2514 4047 2724 4097 già dal 18
1637 4050 2490 4105 senter al pubblico del graziosi regali che co-
768 4061 1612 4099 con il realismo e con l'egoismo terminie
1642 4086 2726 4146 stituiranno un geniale ricordo alla numerosa palismo le
768 4091 1893 4154 Anatolio , come molta parte del teatro del fine clientela.
597 4086 746 4162 Virgilio
2514 4116 2729 4159 diese del
768 4135 1446 4189 suo tempo e come quasi tutto il
