3296 4224
1210 194 1579 284 box 8/6
99 194 363 284 4.9.
814 194 991 265 ku
431 186 774 301 to
228 684 1264 822 Die Rückseite beachten
830 774 1250 881 Telephon 12.491.
507 926 1103 1070 BSERVER
231 1033 1298 1151 I. österr. behördl. konz. Unternehmen für
526 1109 999 1188 Zeitungsausschnitte
256 1123 1301 1264 Wien, I., Konkordiaplatz 4.
650 1216 909 1286 Vertretungen
236 1227 1312 1340 in Berlin, Basel, Budapest, Chicago, Cleveland, Christiania,
251 1289 1303 1377 Genf, Kopenhagen, London, Madrid, Mailand, Minneapolis,
251 1329 1303 1433 New-York, Paris, Rom, San Francisco, Stockholm, St. Peters¬
645 1391 926 1458 burg, Toronto.
498 1413 1075 1514 (Quellenangabe ohne Gewähr).
256 1495 1360 1593 Ausschnitt aus Neue Badische Landes Zeitur
853 1576 1146 1664 Mannheim
363 1571 723 1669 JUNI 1911
265 1638 411 1726 vom
1441 1726 3161 1799 Aber er muß glücklich sein dabei und glücklich machen, sonst der Anatol, Herr Kökert der
1441 1790 3156 1835 kann er nicht lieben. Unglückliche Liebe kennt er nicht. Denn war Mitteldeutschland, Herrn
470 1793 580 1872 1
647 1771 1056 1880 Feuilleton.
2584 1824 3167 1889 Königsberg gestanden zu habe
1450 1830 2559 1880 jede Liebe bedeutet ihm ja etwas, wenn nicht mehr in der
1461 1869 3161 1925 Wirklichkeit, so doch in der Erinnerung. Auch Enttäuschungen Wien bedeutend näher. Herr
543 1866 1202 1965 Hof= und Nationaltheater.
2584 1900 3173 1948 stalt, die wir als Anatol kenn
1444 1914 2553 1962 bereichern, und haben sogar als Reminiscenzen einen größe¬
2579 1948 3170 1996 bröckelte, im „Hochzeitsmorgen
1441 1951 2550 1999 ren Stimmungswert als Beglückungen. Anatol, ob er von
518 1940 1188 2038 „Anathol von Arthur Schnitzler.
1447 1987 3122 2035 einem Mädel verlassen wird oder es selbst verlassen muß, hat lich, zu eruptiv, zu gemacht.
2576 2021 3150 2072 nicht von mir, sondern von
656 2001 1064 2083 Erstaufführung.
1441 2032 2550 2080 immer Mitleid mit sich. Er leidet unter dem Verlassen und
2576 2061 3170 2111 anerkennend schmunzelte: ein
1444 2063 2553 2114 Verlassenwerden gleichermaßen. Die Melancholie hängt über
383 2044 1410 2145 Gestern und heute Wien, gestern und heute die Liebe,
2579 2100 3167 2165 wohl, das war Rormunds Anato
1444 2108 2553 2153 seinen glücklichsten, leichtsinnigsten Stunden. Hinge sie nicht
321 2097 574 2184 estern und
625 2117 735 2168 heute
780 2123 864 2168 en
909 2120 1419 2173 Dichter. Gestern Hof¬
2584 2137 3144 2201 selbstverständliche Ruhe mit.
1438 2148 2553 2199 darüber, wären ihm die Stunden weniger wertvoll. Die
321 2153 1416 2204 nannsthals „Rosenkavalier", heute Schnitzlers „Ana¬
2584 2179 3153 2249 als Herz zu sein, darf also
1444 2184 2553 2235 Liebe ist ihm alles, die Geliebte scheint ihm alles. Jede Frau
324 2201 1410 2246 ol". Dieselbe Luft, dieselbe örtliche Grundstimmung hat
2576 2215 2925 2277 Anatol nicht darf.
1484 2221 2545 2280 alt er für die letzte, solange und weil er von der nächsten
310 2235 1410 2289 beide erzeugt. Sie sind Kinder eines Landes, einer Stadt.
2666 2227 3170 2303 Und die Damen? Da wo
1444 2263 2548 2320 noch nichts weiß. Er ist zu einem Teil ein Künstler der Liebe,
310 2272 1413 2331 Aeußerlich zwar durch ein Jahrhundert getrennt! Aber dieses
2581 2286 3170 2351 neues Bild einer alten Rolle ga
1436 2303 2545 2351 denn er geht in ihr auf, und zum anderen Teil bleibt er in
298 2320 1410 2373 Jahrhundert hat das Milieu nicht geändert, sondern nur
2576 2336 3167 2381 Die Künstlerin gab ein paar üb
1438 2348 2550 2401 diesen seiner Kunst Dilettant, weil er ihre Mittel mehr liebt
304 2353 1413 2404 anders gekleidet. Drum konnte auch Hofmannsthal im Jahre
2576 2373 3164 2429 auch ein Ganzes, das wirklich
1438 2384 2548 2432 als ihren Zweck und daher ihre Mittel handhabt, ohne ihren
304 2393 1413 2452 1892 zu Schnitzlers „Anatol“ einen Prolog dichten, der zur
2579 2418 3167 2460 ausfah, allwo sie durch Reisen
1444 2427 2542 2477 Zweck zu erreichen. Er steht also zwischen Künstler= und
301 2429 1137 2494 selben Zeit spielt wie jetzt sein „Rosenkavalier.
2579 2452 3175 2494 bacher betätigte sich wiederum
1436 2452 2339 2528 Dilettantentum, d. h. er ist der Aesthet der Liebe.
386 2460 1410 2522 Noch erfüllt vom Dufte dieser Dichtung, die man lieben
2579 2491 3156 2550 wandte Dilettantin. So wie
1531 2474 2542 2550 Neben ihm Max, der ältere Freund... Alfred Kern
296 2483 1408 2562 muß, auch wenn man Richard Strauß nur achtet, trat man
2579 2528 3153 2595 im „Abschiedssouper spielte,
1441 2536 2542 2590 hat diesen behäbigen, lugen Genießer endgiltig benamst
296 2545 1405 2601 „Anatol“ heran. Hier ist alles klarer, aber auch kühler
2573 2570 3136 2629 manchmal besser, manchmal
1438 2581 2542 2632 der Betrachterich! Er sieht alles, erkennt einiges und be¬
296 2595 1405 2640 näher, aber auch weniger zart. Im „Rosenkavalier" erleben
2579 2607 3167 2666 und schwer. Auch Fr. Bla
1444 2615 2548 2666 schwatzt vieles. Er hält sich zu sehr an die einzelne Frau.
301 2629 1408 2680 wir das Wunder der Liebe, im „Anatol“ erkennen wir ihre
2581 2643 3170 2708 Ilona zu massiv und kämpferis.
1438 2660 2548 2714 Er ist der Nüchterne, denn er geht von dem Einzelfalle aus.
301 2666 1410 2716 Psychologie. Der junge Schnitzler schildert die Liebe, der
2579 2688 3156 2745 risch. Fri. Hummel began
1438 2702 2548 2750 Er hat nicht die Kraft zur Deduktion. Die Liebe zerfällt ihm
296 2705 1405 2787 reife Hofmannsthal träumt sie. Das ist der Unterschied
2581 2725 3170 2773 ihre Art ist, wurde aber ebensa
1436 2736 2370 2790 in Gelegenheiten, die man suchen und nutzen muß.
383 2742 1410 2798 Anatol ist der Mann, der keiner Frau, sondern allen
2579 2767 3175 2829 mung, die Stimmung des Gan
296 2781 1408 2838 gehört. Er besitzt wohl die einzelne Frau mit lebemännischer
1517 2770 2550 2835 Um Max und Anatol die Frauen. Ueber sie ist
2666 2798 3173 2863 Die Inszenierung poussier
293 2823 2542 2880 Souveränität, aber von der Gesamtheit der Frauen wird er nichts zu sagen. Sie gleichen sich alle oder gleichen sich
2579 2821 3125 2902 90er Jahre. Die Szene der
304 2863 1405 2914 selbst besessen, als teures Gut, das immer wieder verloren und
1438 2866 2494 2911 auch nicht, tun alle dasselbe oder tun auch nicht dasselbe
2579 2852 3170 2950 glücklich im Bilde, aber
296 2905 2553 2956 gefunden, preisgegeben und wieder erobert wird. Der arme was weiß ich und was wißt ihr? Wir wissen alle nichts.
298 2944 1413 2992 glückliche Kerl Die alten Leute, die schnell fertig mit dem
1455 2942 2545 2987 Wir fühlen ihre Launen und vermuten dahinter einen Willen.
298 2978 1413 3032 Worte sind, wenn es die Liebe (der Jungen!) betrifft nennen
1453 2984 2548 3043 Wer weß, was von beidem das Wirkliche, das Existence ist.
1517 3020 2545 3071 Um alle, um Anatol und Max, um Cora, Gabriele,
296 3009 1405 3091 ihn einen Don Juan. Das ist er aber gar nicht. Der Don
298 3032 1408 3113 In (der historische und seine Nachfahren in Dichtung und
1436 3043 2548 3105 Bianca, Annie und Ilona webt die Luft der einen Stadt
296 3099 1405 3150 Geschichte erobert und fällt das Weib, wie ein Jäger sein
1436 3099 2545 3144 Wien, dieser Stadt mit den vielen idyllischen Vororten, die
1436 3139 2534 3184 aber selber nur ein idyllischer Vorort ist — ohne Hast un
287 3142 1405 3192 Wild zur Strecke bringt. Der Juan liebt die Jagd — auf das
1436 3175 2545 3220 Unras, mit dem Gemüt und der Gemütlichkeit altfränkischet
293 3175 1408 3226 Weib. Tut das auch Anatol? Er ist zu sehr Aesthet, um eine
1433 3220 2542 3268 Kleinstädte. Nur hier kann Anatol viele, viele lieben, ohne
296 3218 1408 3274 so, kriegerische Tätigkeit wie das Erobern und eine so hastige
1438 3257 2548 3305 ein Schürzenjäger zu sein, nur hier kann er viele Herzen
287 3263 1410 3302 wie das Jagen zu lieben. Er liebt — ja, wen liebt er eigent¬
1438 3294 2542 3339 beglücken, ohne eines zu brechen. Denn hier gibt es keine
287 3294 1410 3344 lich? Das Weib selbst? Man kann nur eines, ein einziges
1436 3336 2545 3381 Katastrophen. Die Luft ist zu weich dazu und der Himmel
298 3330 1402 3381 lieben. Wen also sonst liebt er? Nun denn er liebt die Liebe
1427 3372 2539 3420 zu blau und das Wort zu kosend und sein Sinn zu flüch¬
296 3375 1405 3426 Die Liebe als Stimmungswert, als Lebensinhalt, als seelische
1436 3406 2545 3465 tig... Diese untragische Stimmung ist das köstlichste an
296 3417 1405 3460 Energie, als unveräußerliche Reministenz, kurzum, als eine
1436 3448 2539 3496 „Anatol“ und das feinste an der manchmal noch zu thea¬
298 3454 1410 3502 Bereicherung seiner selbst. Anatol liebt sich und darum die
1436 3491 2545 3533 tralischen Kunst dieser Dialoge. Alles, alles vergeht. Aber
293 3493 1405 3541 Liebe. Sucht man daher nach einem historischen Vorbild für
296 3524 2114 3572 ihn, so darf man nicht auf den Don Juan, sondern nur auf das Vergehen ist schön, so schön.
1517 3553 2545 3614 Der Aufführung im Hoftheater merkte man nicht an,
287 3572 1405 3617 Casanova verfallen. Juan war der Feind, Casanova der
1436 3586 2545 3651 daß Herr Reiter, der die Regie führte, ein Wiener ist.
296 3606 1410 3662 Freund der Frauen. Casanova lebte als Philosoph und starb
1444 3645 2542 3699 Nichts von jener melancholischen Gelassenheit, die über die
287 3651 1410 3705 als Christ. (Dies seine letzten Worte: J'ai vécu en philo¬
1441 3679 2545 3730 sieben Dialoge fließt wie Sonnenglanz über den Fluß, war
296 3679 1408 3730 sophe, je moers en chrétien.) Er beging tausend schöne Sür¬
1436 3719 2539 3772 in der Darstellung. Man pointierte, man unterstrich, man
287 3724 1402 3778 den, ohne als häßlicher Sünder sterben zu müssen. Er
1436 3761 2539 3809 war lustig, weil es der Dichter will, und man war schwer¬
296 3766 1151 3828 brauchte den steinernen Gast nicht zu fürchten.
372 3775 2542 3868 So auch Anatol. Er muß lieben, sonst lebt er nicht fällig, trotzdem er es nicht will. Herr Rotmund war
