3436 4352
242 226 1195 316 4.9. Anatol - Zyklus
731 808 1010 896 Neues Theater.
353 855 1430 946 Arthur Schnitzlers Anatole-Zollus ist vom Schen¬
309 926 1432 990 spielhaus in der Theater übergesiedelt und mit
312 973 1435 1030 ihm als Gast Herr Lengbach, wie für das Liselotten¬
309 1010 1440 1064 Stück Frau Hartmann. Wenn es sich um zwei städtische
306 1044 1444 1107 Bühnen handelte, wäre gegen freundnachbarliches Ausleihen
312 1087 1445 1142 nichts zu sagen. Der Fall liegt aber anders: Das von der Stadt
312 1125 1434 1179 schwer unterstützte Schauspielhaus beurlaubt zu Gunsten der Kon¬
304 1162 1444 1223 kurrenz Künstler, deren Gagen im Etat weiterlaufen. So sehr
312 1196 1448 1250 den Verliehenen doppelte Einnahmen zu gönnen sind, zur Ver¬
309 1236 1448 1297 minderung des Fehlbetrags der städtischen Bühnen tragen solche
310 1276 1441 1333 Freundlichkeiten nicht bei. Wir müssen fiskalisch denken und
314 1312 1441 1371 unsere Künstler ausnützen. Weder Frau Hartmann noch Herr
314 1351 1431 1413 Lengbach wüßten darauf beschränkt bleiben, an der Bühne, der si¬
314 1390 1441 1457 vertraglich verbunden sind, zu gastieren. Wir können ihnen und
310 1430 1448 1485 uns diesen Luxus nicht erlauben. Es muß möglich sein, ihnen an
312 1477 1445 1521 Vaterhaus Aufgaben zu schaffen, die Geld einbringen, die ihre
312 1506 1442 1563 Gagen decken. Es ist doch nicht so, daß die Verwendbarkeit der
317 1541 1444 1596 beiden Künstler fraglich wäre. Frau Hartmann ist eine der besten
312 1586 1442 1649 deutschen Charakterdarstellerinnen, Herr Lengbach hat in Liliom,
323 1617 1450 1679 Bürl“, als „Bolz und in anderen Stücken oft volle Häuser gehabt.
314 1656 1447 1711 Man steht: es gibt durchaus tragfähige Stücke für Talente
312 1697 1442 1764 älterer Schule, zu denen Lengbach gerechnet wird. Einst¬
320 1744 1448 1791 weilen macht der Abservierte als Anatol Kasse. Man kennt seine
326 1784 1447 1839 fünf Wiener, den Verliebten mit leichtem Gewissen, den Ahnungs¬
317 1812 1450 1866 vollen, der bangt, das Unbetretene zu betreten, den betrogenen
317 1852 1455 1902 Betrüger, den Enttäuschten, der erfährt, daß seine große Liebe
323 1902 1455 1943 der Frau nur schattenhafte Erinnerung ist, den Hochzeiter in
312 1930 1448 2000 drangvoller Bestürzung Lengbachs Charme, seine Gewandtheit,
333 1963 1452 2021 seine Politesse und Gerissenheit nahmen wieder wie vor Jahren
326 2006 1450 2060 für ihn ein und das rein Wienerische stand ihm wahrlich nicht
326 2044 1457 2100 im Wege. Partner war ihm viermal Herr Wallburg, dessen
323 2081 1459 2137 trockene Komit zur weichen Note Lengbachs glücklich kontrastierte.
323 2125 1454 2184 Bis auf die überrumpelte Ilona, die von Frau Sagan weit
333 2161 1461 2216 östlich von Wien transferiert und zu einer rassigen brillanten Stu¬
333 2205 1455 2250 die ausgebaut wurde (der Himmel hüte uns vor Frauennerven¬
333 2248 1458 2287 Krisen!) und die Annie, die von Frl. Schwarz für meinen Ge¬
329 2277 1459 2326 schmack zu turbuler, und gellend war, treten die Damen in den fünf Ein¬
333 2313 1455 2373 aktern weniger hervor. Frl. Reiters Gabriele gab zu wenig Ahnung
336 2360 1459 2404 von ihrer Lebenswolke, zu wenig Schmerz um ungeküßte Küsse,
336 2391 1458 2452 die Cora des Frl. Zernin hat keine Gelegenheit, Physiognomi¬
333 2428 1464 2492 zu zeigen, die Bianca des Frl. Asdor-Serna hatte nicht
333 2465 1469 2518 viel Umriß. Herr Dr. Frank, der den Zyklus leitete, ließ ihn
329 2508 1467 2570 hinter einem Oval spielen, das dem Abstand vom Wien des Heute
329 2562 1474 2625 geschickt markierte. Er war Schnitzler, dessen Dichteringer hier
432 2610 1199 2790 starker 1
1363 222 1717 300 box 9/3
1445 321 2575 421 Franken. Das Blatt bemerkt dazu, das französische Parlamen¬
1450 395 2578 459 werde gezwungen sein, diese Summe ohne Diskussion zu bewilligen.
2101 442 2211 499 n
1454 478 2573 553 einige Paleichen mit Lebensfragen graziös lösen, behutsam nach
1452 525 2569 595 gegangen. Das Intime und Amoureuse, der Husch und die Die
1451 570 2569 627 terie kamen heraus. Aber die gedämpfte Beleuchtung als Stim¬
1459 600 2566 664 mungsgeberin ist bei einigen Stückchen ich unbedingt erforde
1458 639 2579 710 lich, auch der Prolog, den Herr Stanching sprach, verträgt
1458 680 2572 743 hellere Töne. In den Dank für den heiteren Abend mischte sich
1459 728 2576 777 ein Gefühl der Trauer um das Wien unser Tage. Ob Schnitz¬
1459 757 2580 826 ler den „Anatole heute noch schreiben könnte, den Anatol aus dem
1467 798 2585 886 Wien des Canaletto, Wien von gestern, Wien von morgen,
2447 834 2549 883 ck.
1459 846 1986 925 Wien in aberhundert Jahren
2011 1821 2790 1922 Stadttheater in Gablonz a. N.
2043 1886 2827 1973 19. Oktober: „Anatal, vier Akte von Artur
2157 1947 2825 2003 — Es wäre verlockend, zu untersuchen,
1969 1956 2815 2050 der Schnitzlerischen Muse — trotz alle
1973 2021 2822 2083 beredsamen Verehrung — volksbildende, d. h. hier
1976 2058 2825 2115 aufbauende, Edelwerte schaffende Kraft zu eigen
1972 2100 2822 2159 ist; leider reichen hiezu Raum und Zeit nicht
1969 2134 2838 2193 aus. Die scharfe Beobachtung des verfallenden
1973 2185 2834 2226 Lebens, dessen geschickte oft verblüffende Dar¬
1979 2211 2825 2266 stellung und namentlich die Schnellflüssigkeit der
1982 2243 2825 2302 Wechselrede sind wahrhaftig beyden an die=
1980 2280 2827 2341 sem Rüstzeuge kann man seine Freude haben.
1982 2329 2828 2387 Für manche scheint das freilich genug zu sein;
1982 2371 2829 2421 „Anatol wurde mit starten Bern aufgenom¬
1979 2398 2829 2451 men. Zum guten Teil war dieser allerdings den
1982 2435 2828 2489 Darstellern gedacht, besonders nach dem Ab¬
1982 2478 2828 2522 schied souper, in dem Adi Hahn der Annie eine
1976 2506 2829 2569 so leibhaftige Charakterisierung verlieh, daß ihr
1976 2542 2828 2602 weinlustiges Lachen auch ein leibhaftiges Echo
1976 2592 2836 2644 in Zuschauerraume fand. Aber auch Otto
1979 2619 2825 2676 Braun wurde für seinen Anatol herzlich be¬
1979 2657 2836 2716 dant; er gab ihn mit viel Natürlichkeit ohne ihn
1977 2694 2832 2757 einseitig anzustreichen. Den schattentreuen Be¬
1976 2730 2836 2797 gleiter Mar stattete Fritz Horn mit der er¬
1976 2765 2831 2828 wünschten Zurückhaltung aus. Von den weiblichen
1977 2808 2829 2868 Begegnungen Anatols interließ außer Annie
1970 2842 2828 2900 noch Flona (Adrienne Berahineinen star¬
1973 2891 2821 2939 ten Eindruck. — Unwillen ingelhafte
1979 2929 2832 2990 Einhaltung der Theaterorden Beginne der
1976 2964 2836 3019 einzelnen Akte hervor; strafte Zucht wäre hier
1979 2994 2832 3057 dringend gebeten. An die Glockenzeichen müß¬
1982 3030 2828 3125 ten mit einer den sich gleichbleibenden
2330 3074 2531 3142 En werden
1976 3078 2277 3151 Regelmäßigkeit
2239 3148 2804 3283 Musikalisch, 1923
