3436 4320
1330 221 1709 336 box 8/7
229 266 1227 363 4.9. Anatol - Zyklus
1110 948 1451 1054 Telephon 11291.
1254 1048 1392 1107 —
1145 1064 1232 1141 4.
480 1030 1087 1180 „OBSERVI
1146 1098 1396 1190 —
386 1171 1445 1259 1. österr. behördl. konz. Unternehmen für Zeitungs-Ausschnitte
514 1225 1325 1318 Wien, I., Concordiaplatz 4.
717 1299 1103 1375 Vertretungen
377 1336 1438 1439 in Berlin, Budapest, Chicago, Christiania, Genf, Kopen¬
379 1397 1435 1480 hagen, London, Madrid, Mailand, Minneapolis, New-York.
424 1440 1391 1504 Paris, Rom, San Francisco, Stockholm, St. Petersburg.
709 1482 1108 1543 lange de Gones).
375 1528 720 1598 Ausschnitt aus
381 1579 698 1648 I
643 1559 1454 1666 ne Illustrated Londen News, London
383 1626 473 1695 vom
375 1661 742 1738 le pour se re¬
617 1736 1227 1828 THE PLAYHOUSES.
577 1845 1319 1915 ANATOL." AT THE LITTLE THEATRE.
366 1882 1442 1978 DIANGERS who can be content with light are in
479 1930 1447 1991 with a menu made up of hors d'œuvres
418 1968 1447 2030 and soufflés and so and savouries will find Arthur
430 2005 1447 2073 Schnitzlers sequence of ques named after their
428 2047 1442 2120 ning hero, Anatol, a very palatable enter¬
425 2096 1450 2147 tainment. It is not for all tastes, and English folk who
425 2128 1451 2199 relish only the roast beef and solid virtue of their own
425 2159 1447 2223 country are likely to disapprove most bezily of Anatol
430 2199 1457 2272 For his morals, to say the least of it, are casy-going;
430 2249 1457 2308 his attitude towards life curiously combines conicism
430 2280 1461 2356 and disillusionment with hectic sentimentality; he is a
430 2324 1447 2379 shameless bedonist and libertine, and his sole preoccu¬
433 2358 1466 2433 pation is the cult of love, which he samples freely with
429 2393 1463 2465 a total lack of fidelity or continence. Withal, he is
433 2428 1466 2499 so introspective and self-distrustful that, as his friend
440 2471 1453 2547 Max tells him," all you think of today is your yester
430 2508 1466 2580 day's remorse for the sins that you mean to commit
438 2547 1467 2620 tomorrow." The Little Theatre is the right place in
449 2589 1471 2655 which to watch the love experiences of this type of
443 2623 1467 2706 Vienna's jeunesse dorée; Herr Schnitzlers wit and
445 2662 1474 2745 subtle delicacy of analysis need that rapport between
440 2714 1469 2771 audience and actors only to be secured in a théâtre
443 2745 1467 2811 intime. We have been given three of these dialogues
443 2788 1471 2842 one by one in the halls; they come out better in Miss
449 2816 1467 2886 Kingston's dainty playhouse, and though we may think
441 2858 1467 2928 listening to five of them is like dining off a number of
445 2907 1475 2962 unsubstantial courses, yet they have a peculiar flavour
445 2935 1474 3005 and piquancy of their own. Of the new dialogues, "A
449 2976 1471 3040 Christmas Present varies the series with a pretty
449 3011 1451 3084 touch of sentiment, but far the better is the Episode,
452 3053 1481 3120 which shows Anatol paid out in his own coin, and
455 3092 1488 3157 discovering himself to be not even a memory for one of
455 3123 1494 3193 his former flames. Five separate sweethearts of his
453 3159 1484 3236 figure in this sequence, and they are nicely differentiated
457 3206 1480 3276 by Miss Gertrude Robins, Miss Katherine Pole, Miss
457 3244 1482 3313 Dorothy Minto. Miss Alice Crawford, and the new
455 3282 1492 3345 actress manageress, Miss Lillah McCarthy. The Anatol
455 3321 1494 3389 is Mr. Granville Barker, who is responsible for the
456 3362 1493 3434 idiomatic, but perhaps rather too lange adaptatien.
469 3397 1493 3466 The intellectual and self-questioning side of the man
459 3445 1489 3510 Mr. Barker hits off admirably, but he fails to suggest
464 3477 1497 3541 the light-hearted amorist. Mr. Nigel Playfair as the
457 3525 1422 3607 stolid Max gets much nearer the authoris intention
646 3564 1306 3621 Other Play house Notes on Art and Drama" lage)
780 3645 1492 3736 CRIPTION
2374 1286 3006 1455 de Reihe von
2732 1431 3123 1552 Rente 123.
2065 1650 3149 1835 da an die
2391 1718 2849 1813 Zeitungsausschnitte
2097 1735 3137 1921 en
2487 1835 2740 1919 Vertretungen
2067 1802 3123 1993 de
2079 1879 3116 2036 das sonstigen London de la so¬
2065 1913 3123 2094 de
2453 1991 2744 2073 burg, Toronto.
2296 2018 2876 2143 Quellenangabe ohne Gewehr,
2047 2054 2399 2156 Ausschnitt aus
2420 2108 3003 2270 the Times, London
2034 2174 2167 2238 vom
2191 2157 2469 2261 70 à 1911
2141 2222 3020 2354 of der de se lo de sant une
2147 2291 2581 2382 dying is travels abroad.
2307 2327 2920 2464 THE LE
2167 2434 3010 2515 A sit adventure included on Satur
2132 2461 3001 2561 day night in the interesting series of dialogues which
2124 2492 2935 2592 Mr. Granville Barker is presenting at this theatre.
2153 2542 3003 2642 Judged by itself, Keepsakes is a melodrama in one
2122 2586 3010 2685 scene, with Anatol as the jalous loyer, Emily as the
2120 2619 2989 2721 once trusted woman of his heart. As part of the
2113 2667 2994 2757 revelation of Anatol himself it shows him in passing
2114 2686 2997 2787 love for another phase of womanhood, the devotion
2110 2737 2998 2833 of one who looks to him to save her from mer, ruin.
2114 2769 2987 2870 This spel, like all the others, is broken because Emily
2105 2819 2993 2904 has kept back to keepsakes from the treasures of
2098 2845 2987 2944 her past life, with all of which she has to part before
2096 2876 2981 2981 the wedding. The first of these, aby, is rendered
2097 2936 2982 3013 when Anto discover it, after a flere outburst and
2090 2975 2989 3054 a tearful explanation; but of the second, a black
2087 3006 2982 3100 diamond, the story is not told, and with a shrieking
2089 3060 2986 3135 taunt Anato fung it into the fire and rushes from the
2091 3085 2982 3178 room. We do not hear what Max, the candid friend,
2083 3133 2989 3225 has to say about Emily; but she is different from
2083 3165 2976 3260 Anatolis other sharp-edged play things, and clearly the
2082 3196 2603 3268 one which he least understands.
2253 3268 2800 3380 FORTHCOMING EVENTS.
