3436 4256
319 205 1270 302 4.9. Anatol - Zyklus
1432 211 1780 311 box 9/1
457 641 896 734 Ausschnitt auf
1139 694 1347 802 it
759 615 1049 803 A
465 750 611 816 vom
381 888 1056 970 gen
655 958 1332 1066 Theater und Musik.
770 1022 1174 1106 Schners Anatol.
402 1068 1570 1153 Köln. Vor de hat gestern das Deutsche
368 1136 1563 1191 Theater fünf von den sieben Einaktern des Anatol-Julius auf¬
368 1180 1566 1230 führt. Diese kleinen seinen dramatischen Arbeiten, die vor 21 Jahren
364 1215 1570 1273 Schnitzler den ersten literarischen Ruhm brachten, fesseln bei der Lektüre
377 1251 1572 1297 sowohl stofflich wie durch die geschmeidige, reizvolle Sprache, die Sicher¬
371 1291 1561 1336 heit der Dialogführung, die außerordentlich geschickte Zuspitzung der Be¬
364 1329 1570 1382 gebnisse zu geistreichen Schlußwendungen. Die Aufführung dieser
364 1367 1560 1406 Stücke bietet insofern Schwierigkeiten, als das Wort peinliche Achtsam¬
364 1405 1570 1455 keit verlangt, sollen manche Feinheiten und Klugheiten der Rede nicht
363 1438 1563 1487 verloren gehen, und als die Gefahr besteht, durch Vergröberungen und
358 1475 1569 1540 übertreibungen in Ton und Gebärde die Schnitzlersche Art zu entstellen,
358 1514 1576 1570 Man wird der gestrigen Darbietung nachrühmen dürfen, daß sie in
349 1552 1560 1601 ganzen der Schwierigkeiten Herr geworden ist. Die Regie des Herrn
358 1592 1554 1640 Kuhnert hatte jedenfalls die besondere Wesenheit der Arbeiten gut erfaß
360 1631 1575 1681 und brachte sie deutlich zur Geltung. Man weiß, um was es sich in
360 1660 1560 1724 den Einaktern handelt, um kleine, sauber gerundete Szenen aus dem
360 1706 1557 1759 Liebesleben des reichen beruflosen Junggesellen wienerischer Färbung, den
364 1742 1561 1792 Schnitzler zu dem Typus Anatol erhoben hat. Dieser Anatol, der sich selbst
364 1778 1551 1835 schönfärberisch als den „leichtsinnigen Melancholiken kennzeichnet, ist
361 1821 1560 1868 der vornehme Müßiggänger, der seine kleinen Herzensangelegenheiten
372 1854 1557 1906 sehr wichtig nimmt, ein „guter Junge, ohne viel Grütze im Kopf, ohne
361 1900 1557 1949 lieferes Gefühl, unfähig starker Leidenschaft, ein wenig nachdenklich,
361 1935 1554 1987 ein wenig sentimental, ein Freund der schönen Gebärde und der weichen
368 1971 1554 2020 Stimmung. In fünf Situationen zeigt er uns seine kleine Seele. Die
361 2003 1552 2062 Frage an das Schicksal; Anatol argwöhnt, daß die kleine hübsche
361 2049 1557 2108 Näherin Cora ihm die Treue bricht. Die Hypnose erlaubt ihm, darüber
358 2085 1554 2141 Gewißheit zu erlangen. Im entscheidenden Augenblick aber wagt er nicht,
351 2120 1551 2179 die Frage zu stellen, da ihm seine Illusionen lieber sind
361 2169 1548 2214 als die Wahrheit. — Weihnachtseinkäufe: In einer
361 2201 1548 2255 Straße neben dem Weihnachtsmarkt trifft er Frau Gabriele,
360 2234 1552 2295 die er verehrt, und spricht ihr von dem Faber des „süßen
352 2269 1551 2325 Mädels" und seiner kleinen Welt". Gabriele neidet dem glücklichen
352 2313 1551 2372 Vorstadtkinde sein Glück und seine Liebe — eine Liebe, deren sie wohl
352 2360 1551 2403 auch fähig wäre, zu der sie aber nicht den Mut hat. — Episode:
352 2394 1551 2445 Anatol glaubt der Zirkuskünstlerin Bianca im Liebesgenuß eine aus der
361 2433 1548 2476 Erinnerung nimmer zu tilgende „ewige Stunde" bereitet zu haben, ob¬
355 2468 1555 2520 wohl sie ihm nur Episode war. Er muß die seine männliche Eitelkeit
355 2506 1548 2558 kränkende Wahrnehmung machen, daß Bianca ihn bei einer spätern
355 2545 1538 2609 Begegnung mit einem andern (dem sie eine andere ewige Stunde
351 2577 1516 2643 verdankt) verwechselt. So war in Wirklichkeit er ihr Episode gewesen.
354 2617 1546 2678 Abschieds souper: Anatol und die Ballettfliege Annie haben sich
355 2655 1548 2712 versprochen, wenn eins des andern überdrüssig werde, das wahre Gefühl
352 2693 1543 2753 zu bekennen und sich dann ruhig zu trennen. Als Annie ihm nun das
346 2737 1542 2784 Verhältnis aussagt, rühmt er sich männlich=brutal seiner Untreue. Aus
337 2781 1548 2823 ihrer Entgegnung geht hervor, daß sie in der gleichen Lage war, aber
313 2814 1522 2880 das aus größerer weiblicher Rücksicht in der Trennungsstunde ver¬
322 2843 1531 2913 schweigen wollte. — Anatols Hochzeitsmorgen: Anatol hat,
325 2889 1525 2960 um Abschied von der schönen Freiheit des Junggesellentums zu feiern,
317 2927 1519 3007 nach dem Polterabend die Redoute aufgesucht und hier seine frühere
314 2957 1516 3042 Geliebte, die Schauspielerin Ilona, gefunden. Er muß sie mit nach
316 3004 1516 3068 Haus nehmen. Am Morgen erfährt sie von der bevorstehenden Trauung,
328 3041 1507 3106 führt eine zorn- und tränenreiche Szene auf und scheidet dann mit einem
320 3083 1516 3150 „Auf Wiedersehen!" Es eröffnet sich die Aussicht, daß Anatol seine
310 3113 1507 3188 junge Frau betrügen und nach Gefallen zur Geliebten zurückkehren wird.
372 3164 1507 3227 Von den Darstellern überraschte Herr Wittig in der großen Rolle des
311 3188 1507 3259 Anatol. Er erwies sich darin als ein sehr geschickter Verkörperer die er
311 3238 1511 3296 weichen Wiener Art, zeigte ein beredtes Mienen- und gutes Gebärden¬
322 3271 1510 3338 spiel und gab die Rede (die er leicht wienerisch zu färben verstand) mit
323 3323 1497 3382 sorgfältiger Herausarbeitung der Feinheiten des Sinnes. Minder ge¬
311 3349 1513 3422 lungen erschien uns die Gestalt des nüchtern skeptischen Max (Herr
305 3397 1501 3457 Habel). Von den weiblichen Kräften verdienen die Damen Bischof
302 3428 1504 3487 (Cora), Förster (Annie), Bilger (Bianca) und Malten (Gabriele) warmes
305 3470 1507 3537 Lob; Frl. Sartoff (Ilona) dagegen wollte uns nicht recht zusagen. Die
310 3501 1507 3577 Regie hatte auf die Herrichtung der Schauplätze große Sorgfalt ver¬
311 3543 1513 3630 wandt; sehr hübsch war im besondern das nächtliche Straßenbild mit den
308 3587 1135 3648 Lichtern des Weihnachtsmarktes im Hintergrund¬
1860 1842 2223 1935 usschnitt aus:
2387 1857 2869 2037 an
1856 1953 2243 2020 : 1801 1915
1905 2085 2752 2201 thur Schnitzer ANATOLE traduction
1932 2138 2738 2242 de Maurer Rémon et Maurice Vaucaire.
1952 2185 2729 2292 1 vol. 3 fr. 50 P. V. Stock etc.
1929 2204 2132 2275 éditeurs.)
1927 2260 2732 2378 Les récits dialogués de M. Arthur
1891 2308 2737 2413 Schnitzler ont du charme et de la fantaisie.
1886 2348 2734 2451 mas quelle amertume delusionnée trans¬
1888 2383 2725 2485 paraît sous leur forme légère ! Cet humo¬
1883 2421 2737 2526 riste voit l'humanité en laid, et son sourire
1873 2466 2729 2576 a souvent l'apparence d'une douloureuse
1864 2488 2049 2548 grimace.
1897 2515 2720 2632 Les traductions de M. Féron et von
1860 2573 2706 2678 caire sont sans doute excellentes, puis
1862 2602 2712 2719 quelles s'enlèvent à ces petites histoires
1860 2655 2714 2755 amoureuses rien de leur piquant ni de leur
1857 2684 2711 2791 vérité railleuse. Certains auteurs autri¬
1854 2723 2714 2842 ne auraient donc un geste de ne
1848 2760 2495 2858 rappelle notre verve française ?
2542 2834 2667 2905 C. D.
