3248 4256
379 156 610 237 nato
843 165 974 238 ku
87 156 346 257 4.9.
223 682 1008 809 „OBSERVER
308 768 964 855 I. österr. behördl. konzessioniertes
277 808 994 915 Unternehmen für Zeitungs-Ausschnitte
341 875 918 970 WIEN, I., WOLLZEILE 11
412 943 858 1007 TELEPHON R-23-0-43
209 1066 564 1140 Ausschnitt aus:
631 1163 970 1259 Grazer Zeitung
201 1286 331 1353 vom
536 1239 965 1381 GEB.
118 1518 1115 1625 Theater, Kunst und Volksbildung.
160 1616 1115 1672 Stadttheater. „Anatol“ von Arthur Schnitz¬
264 1668 1117 1732 Gastspiel der Burgtheatermitglieder Jo¬
118 1667 220 1718 ler.
106 1716 1113 1771 Hannsen, Kramer, Seidler und Aslan
112 1766 1119 1823 sowie von Paul Wagner vom Deutschen Volks¬
112 1810 1115 1878 theater. Schnitzler steht in einer Zeit, da sich der
112 1864 1113 1928 früher alleinherrschende Impressionismus totgelau¬
118 1917 1115 1975 fen hat: die sozialen Anklagen verstummen, die Ge¬
121 1967 1115 2029 sellschaftskritik ist in müde Resignation verkehrt, die
118 2017 1115 2076 Zustandsschilderung in Stimmungs= und Seelen¬
111 2078 1113 2121 malerei, für die das fein beobachtete Milieu nur
115 2112 1115 2165 Handhabe ist. Nur das süße Mädel aus der Vor¬
115 2161 1115 2227 stadt ist geblieben, süß in Anatols Illusion, der da¬
121 2222 1122 2273 mit seine Halbdunkelstimmungen nährt, ironisiert,
112 2257 1122 2320 karikiert und sogar gemein in der realistischen Cha¬
127 2307 1120 2371 rakterisierung durch den Dichter, der mit Anatol
118 2354 1115 2418 romantisch und ironisch spielt wie er selbst mit Le¬
118 2405 1125 2468 ben und Liebe. Herr Aslan spielt ihn sordiniert,
118 2451 1115 2515 mit wunderbarer Beherrschung der Nüance in Wort
118 2504 1115 2572 und Geste: einen Menschen des Luxus und des Ge¬
118 2546 1113 2616 nießens, der mit seiner Dekadenz kokettiert, feinner¬
118 2598 1122 2670 vig und kultiviert, ironisch und enttäuscht. Höhe¬
112 2670 1113 2729 punkte seines Könnens waren das dritte und das
121 2720 1110 2779 letzte Bild mit der unübertrefflichen Kunst lässiger
112 2773 1108 2832 Konversation und des Zuhörenkönnens. Eine wirk¬
121 2816 1115 2879 same Folie ist ihm der Max von Herrn Wagner,
112 2862 1113 2924 der, frischer und sachlicher, sich vor den Realitäten
112 2914 1111 2972 des Lebens nicht in unfruchtbare Stimmungen flüch¬
121 2968 1110 3024 tet. Frau Ebba Johannsen ist eine glänzende
125 3022 1117 3078 Partnerin in der Konversation, mondän und elegant
112 3071 1117 3123 mit dem Charme der kultivierten Wienerin und der
125 3114 1115 3168 leichten Sentimentalität unerfüllter Wünsche. Zwei
118 3159 1114 3222 Typen des süßen Mädels gestalteten Frau Kramer
118 3210 1113 3268 und Frau Seidler; die gefühlvoll leichtsinnige
121 3269 1115 3321 Nora und die berechnende, materielle und gemeine
120 3308 1120 3371 Annie, die in ihrer aufgetakelten Erscheinung, in
118 3355 1114 3426 Geste, Dialekt und Tonfall zu einer beißenden Pro¬
118 3411 1113 3472 nie auf den Illusionismus Anatols wurde. Schnitz¬
118 3454 1119 3521 lers Stück hat für uns nicht viel mehr als kultur¬
127 3516 1115 3574 historischen Wert, denn die Zeit müden Ästheten¬
125 3560 1117 3623 tums ist vorüber; aber Einzelleistung und Zusam¬
125 3608 1117 3669 menspiel, dazu die hübsche Inszenierung Hans
118 3654 1122 3736 Sonnenthals brachten es zu einem Ereignis,
117 3747 1120 3833 das im ausverkauften Hause stürmisch gefeiert
117 3799 257 3859 wurde.
935 3815 1144 3886 Dr. S.
1210 146 1544 250 box 9/4
1257 741 2038 838 „OBSERVER
1346 832 1999 881 I. österr. behördl. konzessioniertes
1317 877 2035 943 Unternehmen für Zeitungs-Ausschnitte
1383 940 1964 1008 WIEN, I., WOLLEILE 11
1458 998 1904 1054 TELEPHON R-23-0-43
1261 1123 1612 1190 Ausschnitt aus:
1619 1172 1961 1278 Arbeiter er¬
1573 1295 1975 1411 18. B.
1264 1354 1390 1419 vom
1320 1435 1999 1538 Gastspiel des Burgtheaters.
1322 1519 2000 1577 „Anatol“ von Artur Schnitzler.
1244 1557 2115 1649 Das sentimentale Genießertum, die überlegene
1210 1612 2111 1680 Melancholie Anatols, der der Liebelei verfallen
1210 1665 2108 1728 ist und doch nicht zu lieben weiß, der in der
1203 1716 2107 1775 Episode haften bleibt, immer neugierig und
1203 1757 2107 1820 immer enttäuscht, gehört schon der Vergangenheit
1203 1806 2101 1865 an. Mensch einer anderen Zeit. Nur im Kostüm
1207 1854 2101 1908 der Jahrhundertwende glaubt man Anatol den
1207 1894 2101 1954 heiteren Weltschmerz des reichen jungen Mannes,
1207 1942 2095 1994 dessen Leben in leichten Abenteuern zerrinnt.
1205 1983 1716 2033 Heute haben junge Männer
1819 1991 2102 2051 auch solche mit
1207 2029 2101 2110 Geld, falls es sie noch geben sollte — andere Sor¬
1210 2074 1288 2134 gen.
1234 2107 2101 2180 In der Darstellung hervorragender Mitglieder
1210 2164 2103 2236 des Burgtheaters war die Aufführung dieses
1208 2210 2096 2276 süßen Spieles von heiterer Tändelei und melan¬
1206 2261 2100 2312 cholischem Schmerz ein voller Genuß. Raoul
1198 2300 2097 2363 Aslan ist vor allem ein bewundernswerter
1201 2350 2088 2408 Sprecher. Er holt aus Wert und Satz die heim¬
1207 2385 2092 2446 liche Melodie heraus, die Schnitzler ihnen gab.
1201 2431 2095 2490 Aslan mag manchmal zu herb zu schweren Blutes
1205 2482 2095 2543 sein für den Lebensverschwender Anatol, aber er
1198 2535 2095 2582 gleitet elegant und mit sicherem Griff von der
1201 2572 2096 2632 heiteren Skepsis zu hingegebener Träumeret,
1200 2621 2095 2679 vom Zweifel zu selbstvergessenem Genuß. Neben
1195 2664 2088 2726 ihm gab Paul Wagner (Deutsches Volkstheater)
1192 2706 2107 2769 mit Geschmack und Zurückhaltung die Stichworte
1197 2759 2098 2811 zu den bezaubernden Dialogen, deren Meister
1198 2799 2092 2849 Schnitzler war. Unter den Frauen ragte Alma
1195 2841 2088 2899 Seidler, das Ballettmädchen Anni, hervor,
1193 2888 2087 2952 deren sprudelnde Geständnisse, derer Tempera¬
1192 2929 2098 2983 ment hinreißend waren. Marie Kramer war
1192 2981 2086 3036 eine weiche, zart gemalte Cora, als Bianca gelang
1192 3022 2088 3075 ihr in den paar Sätzen, die Umrisse der Gestalt
1192 3066 2095 3123 nachzuzeichnen. Ebba Johannsen charakteri¬
1195 3112 2093 3180 sierte scharf; bei den „Weihnachtseinkäufen" klan¬
1195 3159 2095 3214 gen Stimme und Stimmung ineinander. Etwas
1190 3212 2088 3268 muß man feststellen: Die Dekorationen waren
1192 3246 2086 3312 ärmlich Die immer wiederkehrenden, nicht sehr
1192 3297 2090 3377 geschmackvollen Tapeten kommen einem schon
1195 3339 1528 3401 im Traume unter.
1221 3371 2090 3435 Das Haus war ausverkauft. Es mußte auf die
1193 3411 2087 3489 Gäste lange warten, um so mehr, als viele Zu¬
1192 3475 2086 3536 schauer, durch die unrichtige Angabe des Vorstel¬
1195 3523 2083 3564 lungsbeginnes auf den Plakaten erregeführt wor¬
1188 3560 2086 3625 den waren und schon zur gewohnten Stunde ins
1184 3611 2084 3668 Theater kamen. Aber das hat die Aufnahms¬
1191 3659 2088 3711 freudigkeit nicht gemindert un die Gäste wurden
1195 3707 1855 3771 oft und oft vor den Vorhang gerufen.
2548 764 2917 881 BSERVE
2380 845 3021 998 Wien, I., zeile Nr.
2496 920 2939 1012 laton K. 23.0.42
2444 1022 3046 1176 the New York Times New
2385 1124 2844 1236 200K 1934
2266 1242 2801 1329 WELLESLEY GROUP
2341 1310 2922 1409 CIVES THREE PLAYS
2270 1400 2911 1519 Barnswallows Stage, Coach and
2329 1495 2844 1560 Act Dramas Without Any
2448 1552 2745 1638 Outside Help.
2337 1664 2833 1726 Special to THE NEW YORK TIMES.
2304 1697 2909 1745 WELLESLEY, Mass., Oct. 27.—
2267 1742 2909 1786 In Alumnae Hall tonight the Ban¬
2270 1776 2900 1820 swallows, Wellesley College drama¬
2267 1814 2908 1868 tic organization, started their
2270 1860 2910 1908 year's program of serious produc¬
2272 1903 2915 1959 tions with a presentation of three
2270 1947 2910 1986 plays, "The Artist," by A. A.
2264 1983 2909 2028 Milne: "The Affairs of Anatol," by
2270 2019 2910 2061 Arthur Schnitzler, and "The Little
2270 2056 2769 2105 Man, by John Galsworthy.
2291 2073 2906 2125 The plays were entirely the work
2264 2107 2909 2163 of the students, who are required
2261 2157 2908 2191 by college legislation to ask no out¬
2261 2188 2908 2229 side help in staging, costuming,
2270 2227 2917 2270 coaching or acting for the Fall
2270 2256 2906 2304 informals." Later in the season,
2264 2291 2906 2330 about Thanksgiving time, the Ban¬
2264 2322 2933 2369 swallows will produce a play for
2270 2351 2917 2400 which they are permitted to hire a
2267 2395 2903 2433 professional coach and to engage
2270 2419 2910 2473 the assistance of such a group as
2261 2455 2908 2496 the Harvard Dramatic Association.
2291 2494 2906 2534 The Barnswallows, under the di¬
2264 2523 2906 2567 rection of Miss Jeanette Sayre of
2243 2558 2906 2617 South Orange, N. J., president, and
2261 2591 2908 2636 Miss Betty Creamer of Brooklyn,
2258 2630 2909 2669 business manager, has become this
2264 2665 2906 2704 year one of the most popular and
2261 2696 2909 2737 active organizations on the campus.
2267 2733 2909 2776 It sponsored the first appearance
2267 2767 2908 2817 of the Abbey Theatre Players in
2267 2801 2901 2837 America this year with the presen¬
2258 2826 2915 2889 tation of "Drama at Innishat
2261 2860 2719 2908 Alumnae Hall on Oct. 8.
2288 2884 2906 2939 Some time in the Spring the or¬
2270 2928 2910 2981 ganization will join the Wellesley
2267 2968 2908 3006 Choir and the Harvard Glee Club
2270 2997 2910 3042 in a production of a Gilbert and
2261 3036 2909 3078 Sullivan operetta, still to be chosen.
2291 3069 2909 3108 Among the students fron New
2273 3102 2909 3147 York and New Jersey who took
2267 3139 2908 3177 part in the three plays were the
2258 3172 2909 3216 Misses Virginia Spangler of Mont¬
2267 3206 2909 3248 clair, Jeanette Sayre of South
2261 3238 2901 3280 Orange, Ellen Pugh of Brooklyn,
2267 3273 2898 3311 Elizabeth Ebert of Glen Ridge,
2267 3308 2911 3370 N. J., and Barbara Lieberman /
2267 3341 2451 3406 Brooklyn.
