3436 4352
1395 147 1751 257 box 9/4
267 161 833 281 4.9. Anatol
192 1683 2934 1786 hant recht schwacher Sorte bekamen wir — bis Rechtssprache mit dem Verbrechen gegen das kein, noch farinierenden Stimmittel zu Gehör. In zwei
185 1765 2937 1827 s Eintagsfliege — serviert „Ob Du willst oder mende Leben" ausdrückt. Das Stück ist Tendenz, es Dichterstunden lasen Hermann Hesse und René
2009 1796 2941 1854 Schickele aus eigenen Werken. Weniger erfreulich
1052 1810 1985 1871 wird für die Abschaffung dieses Paragraphen Pro¬
195 1817 877 1871 ...“, von Hans Sturm und Bachwitz
2012 1847 2934 1916 war Kubeliks Konzertabend, der Virtuose schien nicht
1063 1854 1974 1906 paganda gemacht in der Person eines menschli¬
192 1841 1035 1909 twas ganz anderes war da des Tschechen
1069 1892 2577 1974 sehr sympathischen Frauenarztes. Manch gute und mehr auf seiner einstigen Höhe
195 1906 1035 1957 tisek Langer „Peripherie". Das wurde ein
2063 1906 2934 1988 Konzerte: Mit Rudolf Serkin als Solist brachte
1066 1940 1988 1998 fesselnde Szene ergibt sich, aber auch manch undra¬
192 1947 1035 2005 terabend, an den man noch lange zurückdenken
216 1967 2937 2039 Die Regie war großartig, die Bühnenbilder matische, in der es einem schwer fällt, mitzugehen, Direktor Andreae Vivaldis E-Moll Concerto grosso,
199 2022 2937 2104 im Frey) hervorragend, die Aufführung mit in der man das Interesse zu sehr verliert. Das Pro¬ Regers Klavierkonzert und Richard Strauß „Also
2015 2063 2937 2122 sprach Zarathustra“ zur Aufführung. Im letzten
213 2070 1991 2149 Shall als Franzi und Mathilde Danegger als blem ließe sich kürzer und prägnanter fassen. Die
189 2104 2944 2204 untadelig. Wer wird all die faszinierenden Aufführung war glänzend, sie hatte ihre Hauptträger Abonnementskonzert griff Andreae auf Musik des
2015 2156 2937 2207 18. Jahrhunderts zurück, unterstützt von Wanda
189 2156 1837 2224 er vergessen: die Baustelle, das Kino, die Szene in Heinrich Heilinger und Lotte Schramke.
2015 2200 2927 2248 Landowska am Cembalo, Haydn, Couperin, Scar
1111 2176 1985 2255 Das Zürcher Stadttheater setzte sich in einer Ur
189 2207 1035 2286 dem Motorrad usw.? Der Inhalt des Stücke¬
2009 2242 2934 2293 latti, Dandrieu, D'Aquin vermittelten uns selten Ge¬
1063 2245 1985 2300 aufführung für Karl Heinrich Davids Oper „Traum
192 2262 1039 2320 in tragikomischer: Ein Mörder ist die Haupt
216 2293 2941 2362 dem man den Mord oder vielmehr Totschlag wandel ein. Sie erzielte einen sympathischen Ach= hörtes. Am siebten Kammermusikabend erfreute uns
209 2327 2931 2399 glaubt, der sich schließlich denunziert und von tungserfolg. Die Musik schien teilweise nicht ganz mit vollendetem Spiel der Pariser Meisterpianis
195 2375 2934 2440 Polizei ausgelacht und fortgeschickt wird, weil originell, sondern an bewährte Vorbilder angelehnt, Robert Casadesus in Werken von Mozart und Mau¬
192 2416 2934 2499 sorgsam aufgestellte Polizeiprotokoll mit seinen das Libretto hatte Turgenjews „Triumphgesang der rice Ravel. Erwähnt seien auch noch eine Auffüh¬
195 2454 2934 2529 sagen unvereinbar ist. Die Handlung ist tief Liebe zum Vorbild. Es war vom Komponisten rung von Händels selten gehörtem Chorwerk „Is¬
1066 2509 2934 2567 selbst verfaßt, der aber die vielfachen Möglichkeiten rael in Aegypten" durch den Lehrergesangverein
189 2516 1035 2577 tisch, und jedes Bild vermag für sich allein
2015 2553 2941 2605 unter der Direktion des fähigen Dirigenten und
1063 2557 1991 2608 seiner Vorlage nicht ganz ausnütte. David dirigierte
223 2564 1035 2636 zu fesseln durch seine straffe Komposition
185 2588 2937 2691 hmal freilich — Gott sei Dank selten — leiht das Orchester, die Regie von Alois Hofmann war Komponisten Ernst Kunz, und ein Gastspiel des
2012 2639 2951 2715 Lenerquartetts aus Budapest, das uns wie gewohnt
1066 2653 1227 2708 sehr gut.
192 2646 1045 2715 der mystischen Lösungen sein Ohr, so auch am
2015 2687 2629 2749 Schubert=Mozart=Schumann spielte
1117 2667 1981 2745 Weiterhin mühte man sich mit gutem Erfolg un
195 2701 1042 2783 liß, doch fällt dies gegenüber den Vorzügen des
2067 2694 2941 2797 Schließlich sei noch auf zwei der bedeutendsten
1059 2735 1988 2787 ältere wohlbewährte Dinge, wie den „Barbier vor
195 2742 593 2807 es kaum in Betracht
2019 2773 2941 2831 gesellschaftlichen Ereignisse der letzten Zeit kurz hin¬
195 2756 1875 2841 s seltener Gast endlich wieder einmal Arthur Sevilla", die „Tosca, die „Zauberflöte"
192 2814 2937 2883 litzler. Sein unsterblicher „Anatol" agierte in „Wildschütz" usw. Als Gastspiel wäre zu nennen die gewiesen, einmal auf das Frühlingsfest des Lese¬
1066 2855 2937 2924 zwei Abende von Frau Hüni=Mihacsek (in „Lohen=zirkels Hottingen, das eine spanische Redoute un
192 2869 1042 2944 lebendigen Bildern vor uns und erfreute gleich
415 2896 2955 2989 Als beste Skizze erwiesen sich die grin" und „Macht des Schicksals"). In der Operette ter der Devise „Olé, Olé“, Sueños de España brach¬
192 2920 387 2982 sie stets
2012 2944 2944 3006 te, wobei — leider — fast doppelt so viel Karten
195 2934 1995 3037 achtseinkaufe, als schwächste „Anatols Höch¬ ist eine wohlgelungene Neuinszenierung von Kalman¬
2015 2992 2948 3040 ausgegeben wurden, als Leute Platz fanden, und
192 2996 1991 3061 ekommen wir vielleicht einmal auch „Zirkusprinzessin" zu erwähnen. Von Borodins Ope¬
2012 3033 2951 3081 dann der Theaterball, der dies Jahr allerdings et¬
213 3044 1981 3105 großen Schnitzler zu sehen, etwa „Das weite Fürst Igor" wurde bereits an anderer Stelle ge
2015 3078 2955 3133 was weniger Zuspruch fand, als in früheren Jahren.
284 3102 1227 3157 Ich glaube, das Interesse des Publikums sprochen.
1121 3092 2944 3191 Von weiteren genußreichen Abenden seien ge¬ Schuld daran mag sein, daß sich allzu viel Festlich¬
202 3143 1032 3194 vorhanden. Als neuester Schlager wäre schließ
1073 3167 2673 3246 nannt: Mary Wigman tanzte mit ihrer Gruppe keiten zuvor schon ausgetobt hatten.
192 3184 1045 3236 Noch zu nennen „Der Frauenarzt des Berliner
1131 3222 2009 3290 Stadttheater: Leo Slezack brachte seine immer
199 3229 1063 3301 sa, der das Problem behandelt, das sich in der
