3344 4256
107 210 1057 328 4.9. Anatol - Zyklus
1225 213 1572 322 box 9/5
245 768 1334 922 tum schensatzung
231 850 1324 987 der ein Kant vande
232 923 1322 1108 von deme daran
214 1026 1277 1172 nen
204 1088 1263 1264 des en tiellen
193 1182 1043 1341 -
317 1289 1339 1448 tigte die normale
215 1389 1288 1544 das sagen Hafen von
204 1454 1258 1650 entgleisungenen
194 1552 1288 1717 geurs mit auf den dürfen
196 1648 1254 1837 ger, für alle
158 1747 1288 1935 in
182 1823 1253 2006 und auf unten der
177 1942 1264 2138 stete in ging from
169 2052 1213 2203 -
191 2131 935 2313 .
301 2881 1163 3012 Rogel nom, St. Petersburg
504 2978 957 3046 Quellenangabe ohne Gewähr.
274 3033 1115 3147 Aus OLMUTZ
276 3102 708 3189 vom
210 3243 442 3326 Rönne.
263 3271 1151 3368 Artur Schnitzler do Plzně. Zná-
213 3351 1157 3413 mý spisovatel Amer, jehož práce, ze-
218 3405 1157 3467 jména „Milkováni", „Anatole a jiné dávaji
215 3448 1154 3509 se na našich scénách, zavítá do Plane v dru¬
215 3502 1164 3571 hé polovici března, kdy spolučinkuje jeho
215 3548 774 3602 cho y mistním koncertu.
1637 632 2649 725 en kommt, daß er gestern nach dem Polterabend no¬
1643 715 2649 773 en Maskenbell besuchte und dort seine Freundin
1640 753 2645 816 sona wiedersand, die eben über Nacht bei ihm war.
1644 808 2650 881 die weiß nichts von seiner so nahen Verheiratung
1643 861 2640 918 nd bekommt einen Anfall, als sie es jetzt erfährt.
1647 906 2653 973 natol flüchtet, Max aber legt der Wütenden nahe
1688 961 2650 1009 möge sich nun an dessen Frau machen, indem
1651 1006 2649 1056 dieselbe mit Anatol betrüge und siehe! Die leiden¬
1645 1044 2643 1112 aftliche Ilona geht darauf mit Freuden ein und
1643 1103 2649 1167 t beruhigt. — Beide Stücke wurden flott gespielt,
1638 1146 2640 1212 der Viktora schien nur als Anatol besser als
1633 1203 2645 1261 mancher Gesangsrolle. Den Freund Max, der stets
1633 1246 2646 1312 lätten soll, stellte Herr Serhouset ganz ehrlich und
1637 1296 2643 1346 echtschaffen dar. Die Anni im ersten Stück war
1633 1341 2642 1398 benso Rasseweib des Fräuleins Kriß wie die Ilona
1633 1388 2645 1455 es Fräuleins Hiller im zweiten, Letztere erhielt
1627 1447 2646 1505 von ihren Freunden Blumenkörbe, Herr Hofstädter
1627 1488 2643 1540 tellte ls Spielleiter, insbesondere ein auserlesene
1627 1536 2640 1595 Junggesellenzimmer. Den Schluß des Abends bil¬
1627 1593 2640 1644 ete das Altwiener Singspiel: „Brüderlein sein
1621 1634 2635 1688 von Leo Fall. Dem hübschen Werke fehlte heuer
1627 1686 2640 1741 gegenüber dem Vorjahr mit der Moll die richtige
1624 1734 2643 1790 Wärme, obzwar sowohl Herr Teumann als Kapell¬
1624 1776 2643 1842 neister Drechsler, Fräulein Lambauer als dessen
1624 1837 2643 1886 Frau und Fräulein Moser in der Doppelrolle der
1621 1879 2659 1938 alten Haushälterin und der Jugend, welche das alte
1624 1930 2650 1983 Paar nach 40jähriger Ehe im Traume nochmals ihrer
1621 1975 2655 2039 ersten Hochzeitstag erleben läßt, sich somit gut an
1621 2027 2659 2082 die Rollen schickten. Die hübschen Wiener Weisen
1616 2066 2649 2138 kamen unter Herrn Hager=Hajdus Leitung klang¬
1624 2117 2653 2177 schön zur Geltung. Fräulein Moser erhielt viele Blu¬
1616 2168 2646 2242 menspenden. Und doch fehlte die Stimmung. Angenehm
1624 2218 2646 2284 fiel wieder die Ausfüllung der Pause durch Musik
1612 2265 2649 2313 auf, die unter Herrn Konzertmeisters Kühnhackle
1619 2314 2640 2373 Leitung zu Beginn des Abends die Einleitung zu
1621 2363 2643 2422 „Dichter und Bauer" sehr schön spielte. Die Fräuleins
1619 2410 2649 2467 Berger, Freya und Maylor, die auch als Tenehmer
1612 2457 2646 2518 am Ehrenabend verzeichnet waren, hatten keine be¬
1616 2505 2663 2567 legenheit aufzutreten, konnten sich also nicht einmal
1619 2563 2208 2619 für den guten Besuch bedanken.
1712 2638 2646 2711 Die Spielzeit umfaßte volle sieben Monate,
1609 2705 2638 2754 vom 30. September 1916 bis 30. April 1917.
1619 2747 2645 2815 Es fanden 244 Vorstellungen statt (davon 42
1612 2801 2645 2856 Nachmittage und 23 Abende bei Einheitspreisen).
1612 2853 2646 2908 Als Gäste traten auf: Alfred Piccaver, Karl Streit¬
1612 2901 2646 2946 mann, Alfred Gerasch, Alfred Rittig, Arthur
1621 2949 2648 3009 Preuß. Georg Reimers, Rudolf Schildkraut, Theo¬
1612 3002 2640 3061 dor Eckert, Siegfried Hofer und Richard Hold, Elly
1612 3047 2646 3106 Cleron, Adele Baum, Maria Mayen und Elsa
1612 3094 2645 3154 Soland. Zur Aufführung kamen 75 verschiedene
1616 3146 2643 3196 Werke: 14 Opern, 7 klassische Werke, 25 Operet¬
1616 3196 2638 3256 ten und 29 Lust= und Schauspiele und Volksstücke.
1609 3241 2646 3299 Wagners „Meistersinger“ und Verdis „Aida" ge¬
1612 3298 2635 3358 langten in dieser Spielzeit zur Erstaufführung
1607 3343 2635 3408 am Aussiger Stadttheater. Im Schauspiel ka¬
1612 3391 2645 3479 men alle bedeutenderen Neuheiten zur Darstellung,
1603 3441 2632 3509 darunter: Armut, Liebe, Könige, Die Werber,
1612 3496 2632 3561 Fasching, Kömödie der Worte, Freier Dienst us.
1612 3547 2635 3598 Operetten Neuheiten: Wenn zwei sich lieben. Die
1609 3596 2635 3643 oder Keine. Die Winzerbraut, Der Sterngucker, Die
1609 3641 2632 3710 ideale Gattin, Der Weltenbummler, Fürstenliebe,
1612 3695 2629 3768 Die Rose von Stambul, Mein Annerl (unter per¬
1607 3740 2632 3817 sönlicher Leitung des Komponisten Georg Jaro),
1603 3797 2659 3864 Liebeszauber, Schöne Unbekannte, Soldat der¬
1606 3842 1862 3895 Marie usw.
