3344 4256
1221 306 2713 428 THIEVENING POST; NEW YORK, SATURDAY, JUNE 5, 1920
1969 406 2743 494 a crust of bread, a broken shoe, a spell of
2816 404 3230 504 I thought of somethin
1971 481 2743 535 freezing weather, everything. Even the
376 395 1886 545 Dr. Arthur Schnitzler on Vienna of Today
2788 473 3222 547 afternoon. Down one
1980 526 2734 573 end of fighting in the field brought no
2782 537 3228 596 of Vienna a cart full of
866 543 1385 629 (Continued from Page One.)
1975 567 2745 629 actual relief. Food stock still went on
2788 569 3243 635 Behind it walked a mi
1975 603 2741 667 sinking; prices soared still higher. The
2792 616 3237 678 faded uniform to gu
344 607 1112 673 us there was Wiener Wald to go to and
1159 601 1924 682 inclination of our people to recognize the
1971 648 2741 706 Austrian krone could buy almost nothing
2788 656 3239 720 thought. Then as the wa
338 665 1112 731 play. The Viennese are a most lovable
1161 665 1929 714 intrinsic worth of its own talent has a
1971 695 2739 748 from abroad. The foreigner came and
2782 706 3233 765 me I saw that he was
344 703 1118 767 people when the sun smiles. They have
1159 714 1924 765 positive fault. Viennese are prone to ac¬
1980 740 2734 791 pought everything in Austria for prae¬
2796 750 3245 817 big lumps of coal from
336 752 1108 802 a veritable talent for laughing, for melo¬
1148 759 1926 819 cept the shody products not in art, fo¬
1976 783 2741 855 cally nothing and at his coming prices
2792 791 3224 851 putting them in a sack
329 793 1108 844 dy, for art, for the graces of life. When the
1161 798 1924 844 their taste is sure in that respect, but of
1980 821 2316 881 leaped up and up.
2781 834 3224 898 anything that man was
340 840 1078 911 suu smiles Dr. Schnitzler repeated.
1154 836 1922 900 demagogues who lay themselves out to
2012 849 2737 926 "It became a tremendously profitable
2781 879 3233 941 Nor was there the leas
1154 877 1922 936 capture popularity. We had a burgo¬
374 885 1108 953 But one of the most characteristi¬
1980 894 2726 962 thing to smuggle in food from the country
2786 921 3254 984 fear in his manner. Ha¬
1155 922 1926 979 master not so long ago who was a genius
336 930 1114 986 traits of the Viennese is changeableness
1975 956 2726 1007 and to sell it at illegal rates to the for¬
2792 960 3237 1028 he gave it to his comra
1154 973 1931 1033 in his way. He knew exactly the degree
336 977 1114 1024 of mood," he continued. "And the modern
1976 1001 2735 1048 eigner and the profiter. The farmer who
2792 1016 3252 1077 who had been walking no
1154 1011 1924 1069 of folly in the Viennes mind and how to
338 1022 1108 1073 world did not leave them free for long, free
1975 1041 2734 1105 had food kept it from the open market
2786 1050 3200 1105 ing from him another
1159 1060 1928 1114 cater to it. As a result is popularity was
338 1061 1107 1112 of the cares of maturity. From every side
1975 1084 2734 1139 for the schleichhändler, who paid him ex¬
2786 1095 3224 1155 fill that, too. Nobody se
1155 1103 1920 1154 so tremendous that Emperor Franz Joseph
338 1107 1107 1161 problems closed in on them social, polit¬
1967 1135 2732 1182 orbitant prices and still made a huge profit.
2781 1139 3213 1189 proceeding nor to think
1154 1142 1926 1193 himself was jealous of the huzzas which
333 1154 1110 1199 cal, economic, racial problems which are
1976 1176 2732 1217 Our people saw their own children star¬
2788 1184 3171 1242 if they did notice it.
1159 1191 1922 1249 greeted this burgomaster every time he
338 1193 1103 1242 breaking down sterner peoples than the
1975 1216 2728 1272 ing. And in the big hotels and restau¬
2816 1223 3215 1293 That, commented
1150 1231 1914 1287 stirred out of his house. He got it all by
338 1234 1107 1291 Austrians. And the youthful Vienna of
1971 1263 2739 1323 rants, on the Ring and before the Opera
2786 1264 3226 1330 common in Vienna to-
1150 1274 1924 1323 such utterances as this: Nature knows
338 1283 1108 1326 Anators day soon vanished like a dream.
1975 1302 2728 1356 House, they saw overed, bejeelle, fu¬
2775 1313 3228 1373 acteristic of it. It simp
1150 1321 1924 1373 best. If I were dangerously ill I would
336 1321 1105 1375 Long before the Great War came that
1971 1347 2730 1407 clad schiebers (profiteers) and schleich¬
2782 1356 3156 1420 spirit is submerged."
1154 1360 1922 1413 follow the advice of a superstitious wife
342 1366 1101 1417 Vienna became a changed world. Possibly
1965 1388 2726 1441 händler rolling in opulence. It made our
2809 1387 3183 1462 Crushed?" I asked.
1159 1407 1914 1458 rather than that of the wisest doctor
333 1413 1105 1465 it is because I am much older that I see
1975 1433 2448 1501 people exceedingly bitter."
2812 1437 3243 1505 The spirit of Vienne
1155 1454 1924 1522 That's one aspect of Vienna. Another
338 1450 1099 1507 things differently. But I know many
2007 1465 2737 1541 "How is it they don't take stones and
2777 1482 3226 1541 crushed," he said with
1154 1486 1764 1556 the great number of bookstores.
344 1495 1108 1554 young men to-day. And it seems to me
1965 1516 2726 1578 mash in the windows of hotels and res¬
2786 1539 3226 1595 "There is still too muc
1184 1537 1926 1586 That was one of the things which struck
338 1542 1099 1591 that the present generation is much dif¬
1975 1567 2734 1621 taurants and help themselves?" I asked.
2781 1571 3215 1636 left. Relieve it a little
1154 1580 1922 1633 me most forcibly about Vienna. Food is
329 1593 1110 1653 ferent from that of Anatols day. It is
2003 1610 2734 1663 "Well, for one thing, the Viennese is not
2781 1616 3224 1680 and you will see it rive
1150 1619 1924 1672 scarce, paper costs appallingly; rags are
329 1629 1108 1691 made of sterner, solider stuff. It has been
1971 1646 2726 1725 the explosive kind. Physical violence is
2781 1666 3230 1721 strong friend to help it
1155 1665 1918 1723 almost precious; and yet the bookstores
336 1676 1108 1721 tempered by fire and hammered on the
1963 1706 2734 1753 rather repultive to him. Another reason,
2773 1702 3230 1766 country like America.
1155 1715 1924 1768 about the city are many and opulent in
333 1725 1105 1775 anvil of economic life. Our young men
1965 1736 2734 1792 however, is that it is not the proletariat
2777 1745 3235 1800 hand. And well it would
1155 1757 1907 1813 stock. And the beauty and color of lithog
329 1760 1099 1815 since the 80's have had to choose side¬
1967 1783 2726 1839 who have suffered out of proportion in all
2781 1796 3230 1852 assistance. It would rep¬
1155 1802 1911 1854 raphy, the unstinted quality and quantity
329 1804 1099 1849 and fight in many a war. I don't mean
1965 1822 2726 1877 this as it is the middle class the profes¬
2781 1836 3222 1896 every kind. With high
1148 1847 1911 1916 of material and the briskness of the busi¬
333 1839 1101 1901 national was only. They are easier for
1960 1869 2728 1926 sionals, the people living on incomes, the
2781 1873 3230 1937 dustr. With a lovin¬
1148 1886 1526 1954 ness are astonishing
329 1888 1099 1946 youth to weather. You go with the rest,
1967 1918 2732 1971 sently bred. Laborers are organized and
2777 1918 3228 1982 With enthusiasme in we
1182 1892 1909 1988 "There you have it, Dr. Schnitzler com¬
329 1933 1097 1984 that's all. But when it is a case of war
1961 1961 2730 2012 can force their needs on the attention of
2777 1958 3222 2020 interested. With musie
1154 1950 1914 2029 mented when I spoke of it. "On the one
323 1973 1097 2046 between clericalism against agnosticism
1971 2010 2726 2055 employers, for labor is always in demand
2771 2008 3224 2070 art, with modern scen¬
1148 2018 1905 2082 hand, a readiness to accept the shodd
329 2014 1093 2076 and atheism, capitalism against socialis
1971 2046 2722 2106 and labor has managed to get pald. But
2766 2046 3224 2117 taste of beauty; with my
1150 2057 1909 2115 demagogue; on the other hand, a keen de¬
329 2063 1099 2114 militarism against its antagonists why,
1965 2091 2728 2138 the arts, the luxuries, the refinements of
2771 2095 3231 2153 decoration, music, archit
1148 2102 1918 2161 sive for the best in thought and art. Re¬
333 2104 1103 2153 then the battleground is often in the heart
1965 2132 2722 2189 life are dispensed with at such times.
2766 2136 3228 2196 great modern city can
1148 2151 1918 2206 luctance to accept a prophet of their own
329 2155 1099 2196 and mind and family of the young fellow
1960 2179 2728 2224 know that the families of even physicians
2773 2177 3237 2236 actionably you
1148 2194 1911 2254 people and the quick appréciation of the
327 2194 1095 2245 himself. It is no longer a question of
1961 2219 2732 2279 go hungering today. And this class of
2773 2226 3231 2285 tured by great experien
1148 2238 1916 2286 talent and genius of other lands. I sup¬
323 2241 1088 2296 yielding to contagion. It becomes a mat-
1960 2254 2719 2315 people have not the hardihood to take up
2771 2266 3222 2328 fire and made wiser by
1146 2281 1909 2332 pose Vienna is adolescent still; its char¬
327 2277 1099 2348 ter of hear searching, bitter conflict in
1960 2309 2728 2363 cobblestones and help themselves. But
2781 2309 3211 2371 Vienne of the merely ge=
1142 2326 1911 2371 acter is not yet formed; its inconsistencies
318 2326 1095 2375 the home, in the workshop, in the circle of
1961 2343 2724 2407 among the desperately poor and others
2771 2356 3233 2418 though less youth, is gon
1148 2369 1909 2425 still lie side by side, intact and unmodified.
318 2369 1086 2425 friends where formerly you found only
1960 2394 2722 2439 there has come a new point of view in
2771 2397 3228 2454 the hands of the Alles
1148 2409 1909 2461 Or rather I should say that was the con¬
329 2412 1097 2478 the problem of what to play. Strikes and
1958 2431 2728 2489 morality or unmorality. You hear people
2771 2439 3215 2501 there develops a new
1142 2452 1914 2508 dition of affairs with us in 1914. Since
327 2459 1097 2506 election campaigns, mass demonstrations
1961 2484 2626 2531 saying. Since it is permitted to steal¬
2766 2484 3207 2548 stead of being a burden
1150 2502 1916 2555 then there have been fiery years, years in
323 2502 1093 2555 and repression, military abuse and the
1990 2527 2734 2602 He finished with a sbrug of the shoul¬
2766 2525 3215 2589 to itself, becomes one
1148 2542 1916 2615 which the character of Vienna has aged
327 2546 1099 2595 hatred they bred these were the matters
1956 2563 2052 2623 ders.
2766 2570 3237 2634 beautiful cities of civili¬
1144 2581 1557 2643 many times six years.
327 2589 1097 2642 that soon took up the time and thoughts
1180 2610 1903 2694 "The Crown Prince, Franz Ferdinand
318 2628 1088 2683 and emotions of our young people. On
2294 2617 3158 2717 ASKYOUR BOOKSELLER FOR
1144 2675 1913 2724 was not very much liked in Vienna, Dr.
321 2673 1090 2724 they kept on playing, too, of course. They
1144 2707 1909 2769 Schnitzler went on, his tone changing un¬
318 2719 1090 2771 will never stop playing. That is in the
2008 2696 3222 2792 LEONARD MERRICHS irresistibly char¬
1144 2760 1913 2822 consciously as he came to the war. But
321 2762 1090 2811 bone and blood of the Viennes. But they
2125 2764 2621 2858 The Worldlings
318 2805 817 2876 no longer played with life.
1142 2797 1911 2848 his murder produced a genuine shock. Be¬
1148 2846 1911 2903 fore Vienna could recover from it and to
2108 2809 3228 2901 As an artist depicting the finest shades of human cha¬
353 2861 1090 2908 "You see, the city itself developed like
1142 2893 1903 2942 think clearly events came rushing like a
2112 2895 3198 2983 telling a thrilling story, Mr. Merrick is simply
321 2906 1090 2944 a too fast growing child. In 1850 it was
1135 2936 1899 2982 mountainside. Of course they were largely
2108 2935 2215 3002 able.
312 2946 1088 2995 a comparatively small affair surrounded
1142 2982 1903 3029 manipulated; and still more they had their
323 2989 1084 3032 by a fortress. The Ring, which is now the
2003 2980 3220 3081 RICHARD WASHEURN CHILES new no
1142 3025 1911 3074 momentum in great economic and political
321 3032 1084 3089 main artery of the city, was then only
1135 3066 1913 3122 movements of hostility over which not
321 3072 1093 3122 country, a free place, a road. Why, as
2119 3057 2766 3149 The Vanishing Men
1135 3111 1914 3179 only Vienna had no control, but even the
321 3119 1093 3177 late as 1890 Marianifestrasse was a sub¬
2112 3130 3213 3188 A mystery ingeniously conceived, a solution hidden
1140 3153 1497 3207 rulers of the world.
318 3156 1088 3207 urb. Today it is one of the busiest of
2108 3183 2747 3246 end, and delightfully related.
1176 3175 1907 3252 I feel that our people have no love for
327 3198 1088 3246 Vienna's business streets. The city grew
1142 3239 1903 3299 militarism and that, left to themselves,
318 3243 1082 3297 too fast for its small clothes. New de¬
1999 3226 3220 3329 Dr. FRANCIS BRETT YOUNGS new novel
1144 3277 1909 3348 they would have sought a solution les
314 3292 1088 3352 mands were made on hearts to young to
2114 3292 2812 3386 The Young Physician
1135 3325 1899 3378 savage than war; but events and insti¬
321 3335 1090 3380 meet them. The result was wory, con¬
1139 3367 1903 3412 tutions dragooned them into it and Aus¬
318 3372 1088 3425 fusion, the punishments of life on all mis¬
2106 3359 3209 3442 The story of a youth at the critical years which may
1135 3406 1903 3461 tria was one of the very first countries to
321 3416 1084 3464 takes of immaturity. From much of this
2102 3425 3218 3479 coming man is told with the delicacy and fine in
1144 3455 1909 3510 feel the shock of war. In September and
318 3463 1082 3521 Vienna has recovered. But it has not re¬
2108 3470 2869 3532 distinguished "The Crescent Moon."
1144 3498 1909 3551 November of 1914 the Russian armies
318 3504 1086 3570 covered its unthinking youth, its untroub¬
1997 3517 3042 3605 SHEILA RAYE-SMITH new novel
1129 3538 1911 3596 swept into Austria like a tidal Wave and
314 3549 528 3615 led gayety.
1139 3587 1903 3637 it seemed as though it would go all the
348 3566 1084 3649 "You must remember that to begin with
2117 3581 2625 3673 Tamarisk Town
1139 3635 1907 3682 way. In Vienna there was quite a flutter.
321 3635 1090 3694 Vienna was not quite so light as the world
2110 3628 3209 3716 When a man's whole soul is in one undertaking, and
1142 3665 1901 3739 To fly or not? Some people, notably the
321 3696 1080 3735 imagines it." Dr. Schnitzler had con¬
2106 3699 3149 3786 love passionately a woman who hates that
1139 3727 1903 3771 very rich their very wealth seems to
319 3733 1084 3786 stantly to retrace his characterizations. It
2112 3756 2683 3821 strongly worked out story.
1139 3759 1903 3812 breed a cowardice did fly in their autos.
321 3776 1080 3833 was interesting to see in him the impulse
1139 3806 1903 3859 But in the main Vienna stayed. Some out
321 3819 1090 3872 to sketch a character or a situation with
1995 3793 3128 3906 MARIORIE DOUIES Burmese mystery
1139 3848 1899 3895 of pride; others because of fatalism; many
314 3861 1086 3913 à striking figure of speech, and to see that
1135 3893 1905 3938 because leaving Vienna would be a dis¬
2115 3866 2711 3949 The Pointing Man
306 3904 1086 3960 impulse overtaken, checked and corrected
1139 3936 1899 3990 comfort and a strangeness worse than any
312 3951 1090 4005 by the equally strong passion to present
2106 3927 3209 4005 Has in it the fascinating color of an Eastern baza
1139 3979 1903 4052 evil they could picture of occupation by a
321 3994 1082 4049 the same subject in all its fullness and
2102 3990 3213 4060 Oriental intrigue, and a web of cross-purposes, a
1139 4021 1347 4086 foreign foe.
312 4036 1090 4088 complexity along with Strauss waltes
2112 4043 2523 4113 curiosity provoking.
1174 4066 1905 4114 The Russians did not come to Vienna,
316 4081 1082 4146 Vienna has produo steel and surgery
1133 4101 1903 4152 but a terrible measure of war came to the
1999 4098 3194 4178 ALBERT PAYSONTERKUNES ne dogs
