3436 4256
200 203 1159 312 4.9. Anatol - Zyklus
395 816 848 903 Seite 8 — Nr. 121.
290 939 1380 1035 tols Hochzeit ist für heute angesagt. In einem Zimmer als
300 1008 1284 1061 seiner Junggesellenwohnung aber hat er noch Tamen¬
294 1050 1287 1092 besuch, der das bevorstehende Ereignis unbekannt ist.
290 1088 1280 1145 Anatol kann selbst mit Hilfe seines Freundes den Besuch
294 1124 1294 1194 nicht los werden; schon drängt die Zeit. Anators
300 1161 1295 1215 undin reizt diesen im Verlaufe eines Gespräches, er
287 1204 1287 1256 könne sie nicht lassen, werde nie heiraten, bis er wütend
294 1243 1287 1305 gesteht heute noch. Wutausbrüche, zerbrochenes Ge¬
300 1284 1294 1330 schirr, ein zertretenes Bouquet. Ruhe erst, als Anatols
300 1324 1285 1366 Freund ausspricht, er ist Ihnen doch nicht verloren, „zu
297 1359 1277 1410 Ihnen kann man zurückkehren, jene kann man verlassen.
300 1401 1285 1453 „Oh — wenn das . . . .“ — Die Darstellung litt einiger
294 1439 1282 1495 maßen darunter, daß wahrscheinlich für die Vorbereitung
294 1477 1288 1533 nicht zu viel Zeit zur Verfügung stand. Vorzüglich
297 1516 1285 1561 wiedergegeben wurden vor Allem der erste zweite und
287 1550 1294 1597 dritte Akt, über den vierten erhob sich an darstellerischer
297 1593 1292 1639 Güte wieder der letzte. Herr Dr. Franz Ferdinand als
294 1631 1282 1677 Anatol holte aus dieser Bombenrie sehr viel Gutes heraus
294 1673 1288 1715 Herr Dr. Ad. Schippel als Max, der ruhige überlegen¬
297 1712 1288 1765 Freund, war an seinem Platze, von den Damen verdient
297 1749 1285 1796 vor allem genannt zu werden Frau Elsa Ferdinand
294 1786 1287 1842 Bielitz, deren vollendetes Spiel den weiten Akt au
297 1827 1296 1875 besondere Höhe hob, dann Frl. Lili von Asten als
300 1859 1394 1922 Annie, die vorzügliche darstellerische Talente zeigte,
294 1904 1298 1960 weiter Frl. Lia Landt, die den herzlichen Ton prächtig
294 1945 1298 2005 traf, dann in ihrer schwierigen Partie Frl. Lili Deeren
294 1987 1294 2043 und in ihrer etwas undankbareren Rolle Frl. Gwenny
297 2031 1291 2076 Karen. Die Darstellung löste im Publikum die beste
300 2065 1296 2113 Stimmung aus und wird es noch mehr bei einer Wieder¬
302 2087 1396 2160 holung, in der einige Unebenheiten abgestreift sein werden. Die
434 2211 1183 2331 Jugend=Bewegung.
388 2300 1294 2372 Achtung, Kollegen von Aussig, Kleische,
302 2356 1295 2408 Glashütte und Pokan! Am Sonntag den
300 2398 1288 2467 8. Oktober findet ein gemeinsamer Ausflug
297 2453 1298 2510 der genannten Gruppen nach Peterswald
308 2496 1396 2572 statt. Die Kollegen von der Sektion Glashütte
302 2547 1298 2610 und der Sektion Kleische sammeln sich um 8 Uhr
311 2596 1298 2666 früh in der Flurenstraße und vereinigen sich
297 2654 1298 2710 um ½9 Uhr mit den Kollegen von Aussig und
1106 2692 1298 2773 Kollegen
308 2695 1043 2755 Pokau bei der Pokauer Volkshalle.
307 2734 1098 2832 Nehmt Alle an diesem Ausfluge teil!
395 2838 1291 2904 Ara 22. Oktober, vormittags 9 Uhr, beginnt
305 2891 1397 2971 wie bereits berichtet, die im Volkskaffee in Aussig,
304 2941 777 3018 Pokauerstraße, tagende
619 2974 990 3063 Kreiskonferenz
755 3039 1084 3125 Tagesordnung:
302 3014 699 3109 der Jugendlichen.
360 3088 556 3153 Berichte:
356 3116 1301 3202 a) des Kreisvertrauensmannes, Referent Koll,
461 3185 878 3251 Heinrich Wissiak;
357 3199 1302 3294 b) des Kassiers, Referent Koll. R. Müller:
357 3280 1219 3359 c) der Kontrolle, Referent Koll. Kozak;
745 3325 1298 3387 Referent Kollege Antor
360 3333 697 3402 Bildungswesen,
455 3388 932 3448 Jenschik aus Wien;
316 3419 1296 3493 3. die Organisation der weiblichen Jugend
461 3471 1295 3535 Referent Koll. Josef Hofbauer=Teplitz
314 3521 1309 3592 Organisation und Agitation, Referent Koll.
455 3571 892 3643 Heinrich Wissiak;
318 3599 1312 3702 j. der Verbandstag im Jahre 1912, Referent
448 3665 966 3739 Koll. Rudolf Müller;
321 3696 1301 3783 . die gesundheitlichen Gefahren für die Jugend
455 3770 1246 3854 Referent Gen. Dr. Markus Ungar:
321 3807 608 3886 Neuwahlen
365 3854 1310 3933 Sonstige Anträge, Referent Koll. Wenzel
448 3923 658 3983 Lorenz.
409 3942 1313 4029 Zu delegieren haben alle Organisationen
326 4018 1308 4075 er jugendlichen Arbeiter im Aussiger Kreisgebiete,
323 4059 1306 4116 und zwar haben alle Funktionäre dieser Orga¬
329 4116 1306 4166 sationen anwesend zu sein. An den Unter¬
794 4155 1060 4231 .
1315 181 1680 301 box 8/6
1975 1826 2489 1985 Z TAT
2549 1904 2752 2050 n
1884 2064 2551 2180 Anatol. Schnitzler.
1851 2150 2853 2230 Raz jedyny pokusi się Artur Schnitzler w
1729 2219 2843 2282 swem długiem życiu literackiem o problem, obcy
1732 2271 2838 2327 erotyce. Było to, kiedy myślał o temacie drama¬
1743 2325 2839 2376 tycznym na te stosunków politycznych austracko-
1729 2369 2855 2435 francuskich i kiedy ten dramat poprzedzi wstępem
1732 2418 2495 2489 do dramatur: Modym Medarden.
1845 2463 2838 2528 Lecz i w tym wypadku dramatu nie ma, po-
1726 2512 2846 2563 został tylko wstęp. wspomniany jako jedyna prób
1737 2562 2838 2619 ujęcia temu poważniejszego, pytania z dziedziny
1735 2607 2849 2666 moralności społecznej, etyki. Poza tym jedynym
1740 2660 2838 2719 wypadkiem przewielebna erotyka wzięta laska-
1740 2703 2845 2769 wie całą twórczość Schnitzlera w dożywotnią dzie-
2755 2754 2843 2818 10
1732 2755 2703 2806 rzawę. Co poza tem, to same milosti
1729 2806 2843 2862 Anatolz Kora, Blanka, Emilia, Anetta, Elza, long
1761 2852 2845 2905 trzema tysiącami innych dziewczątek, jaśniejszych
1732 2904 2843 2961 niż blask skońca, mitych i układnych, niezawsze
1732 2950 2843 3013 madrych, lecz zawsze sprytnych i dość godnych,
1726 3002 2838 3080 aby im poświęcić dzień, dwa dni, ba nawet cały
1735 3049 1901 3111 miesiąc,
1855 3066 2843 3153 Wszystkie te kobiety Schnitzlerowskie są
1740 3149 2846 3219 prostej linii descedentkami swoich matek rzym-
1726 3195 2814 3254 skich, każda z nich musi mieć swego Anatola¬
1726 3244 2845 3307 musi mieć co dni kilka innego, Anatola — żadna
1732 3286 2850 3352 z nich na tema życia nie hamletyzuje. Zadną z
1735 3349 2848 3405 nich, tak samo jak żadnym Anatolem, nie powoduje
2878 1758 3294 1849 milose — ich wy-
2884 1824 3312 1903 na odwrot ma sw
2891 1883 3300 1945 czystszej krwi i tyl-
2894 1931 3303 1999 mogte An¬
2894 1975 3312 2052 jak tylko z lekko
3003 2030 3318 2096 Jak gis bu¬
2884 2071 3318 2148 biete sodka, która
2887 2132 3252 2201 Marca Retimusa,
2894 2176 3300 2240 lubem swoim z
2891 2222 3289 2290 szty meskie, tak
2894 2274 3296 2338 kach dzieczne,
2894 2323 3297 2388 tola, który ją odne
2898 2369 3300 2421 wyprowadził te no
2898 2419 3300 2495 widza, Wiedenz,
2891 2463 3142 2542 ści klaskać.
3006 2506 3300 2576 Th. Fontanne
2898 2558 3296 2628 Schnitzler, na
2898 2612 3296 2680 Schlenthera, rados
2891 2659 3304 2724 ta, jak i inne ko-
2901 2710 3298 2780 pogodzi nasza kul-
2895 2762 3300 2821 niły kobiety rzym-
2891 2806 3324 2883 kochać już nie um
3003 2856 3303 2920 Th. Fontanne
2895 2902 3290 2971 dziwym obowiem
2895 2953 3297 3021 kobiety Schnitzler
2891 3003 3297 3077 ciała, to reprezent
2887 3053 3300 3118 mieszania barbar
2894 3102 3298 3163 ry, to te Fontanno
2891 3143 3305 3224 dzisiejszego Widni
2894 3189 3291 3263 godzić dzisiejszą
2895 3244 3300 3325 mächtigem Triebe
3006 3293 3284 3357 Pozor
2895 3322 3290 3405 tylko droge, która
