3436 4256
1409 223 1763 314 box 8/5
283 218 1242 341 4.9. Anatol - Zyklus
406 469 575 559 „OB
385 546 571 617 ter
432 602 544 668 kon¬
392 693 546 789 für 7.
1003 761 1485 858 4
435 804 630 886 Konkord
754 875 1425 987 Berliner Börsen Zeitung,
978 960 1381 1049 Morgenausgabe
650 1122 1305 1220 Kunst und Wissenschaft.
639 1196 1426 1249 Das Lessing=Theater kam gestern mit
519 1243 1410 1289 Arthur Schnitzlers Einakterzyklus „Anatol
519 1282 1432 1328 heraus. Es brachte natürlich nicht den ganzen
524 1323 1416 1370 Zyklus, der aus ungefähr zehn Stücken besteht
535 1364 1386 1417 sondern nur die fünf: „Frage an das Schicksa
530 1403 1416 1453 „Weihnachtseinkäufe", „Abschiedssouper", „Episode
519 1448 1432 1493 und „Anatols Hochzeitsmorgen“. Und das war
530 1476 1431 1535 eine gute Auswahl, die es zu einem schönen, starken
532 1524 798 1578 Erfolge brachte.
568 1544 1429 1609 Drei dieser Einakter, „Episode", „Weihnachts¬
527 1600 1432 1646 einkäufe" und „Hochzeitsmorgen", sind in Berlin
530 1637 1437 1690 noch nicht gegeben worden, waren also gestern so
530 1677 1428 1726 etwas wie Novitäten. Aber sehr neu muteten sie
532 1721 1431 1766 nicht an und aufregendes ist nicht über sie zu ver¬
527 1755 1434 1808 melden, denn genauer besehen, ist ja einer dieser
538 1795 1431 1869 Schnitzlerschen Einakter immer genau so wie der
530 1841 653 1891 andere.
562 1854 1438 1925 Der gute Anatol hat ein Rendezvous oder eine
527 1913 1432 1963 Begegnung oder er plaudert mit seinem klugen
538 1953 1431 2002 Freunde Max über die Liebe mit wehmütiger Ironie.
530 1999 1428 2046 Oder mit ironischer Wehmut, je nachdem und
534 2033 727 2087 wie's treft.
571 2043 1434 2125 Die Stücke sind alle meisterhaft leicht und heiter
532 2105 1438 2155 hingestellt mit jener an Heine erinnernden Selbstver¬
535 2155 1434 2208 ständlichkeit, hinter der sich doch feinster künstlerischer
535 2196 1437 2241 Bedacht und eine erstaunlich vorsichtig abge¬
535 2233 1431 2277 wo de Oekonomie verbirgt. Unaufdringlich und
527 2274 1434 2319 vornem lässig wird im Dämmer eleganter
535 2311 1431 2361 Herrenzimmer geplandert: von jener Passion, für die
532 2347 1431 2394 das Wort Liebe viel zu ernst und schwer ist; von
532 2390 1434 2434 der Treue, die keiner hat, vom Vergessen, und wie
530 2428 1437 2479 heiter das Leben ist und wie traurig trotzdem immer
532 2466 727 2525 unser Herz.
572 2488 1444 2555 Ein bißchen viel Wienertum. Uns, die wir nicht in
535 2541 1437 2595 Capua geboren sind, geht's doch auf die Nerven,
535 2587 1434 2630 wenn da die beiden eleganten jungen Herrchen
532 2628 1447 2671 immer um das Kanapee stehen und von ihren
538 2662 1440 2710 schwächlichen Abenteuern seufzen und witzeln. Da
532 2704 1434 2754 draußen braust die Welt, da brechen die Speere in
535 2739 1441 2795 größten Geisterschlachten. Habt ihr Waschlappen
535 2783 1112 2833 nichts als eure Coras im Kopfe?
568 2808 1440 2869 Aber ein feinster Künstler hat das mit leisen Händen
544 2860 1440 2906 gemeistert und wir haben uns seinem Willen zu
538 2898 1440 2972 fügen. Außerdem wird im Lessing=Theater stark der
535 2946 1435 3006 Akzent auf das Lustspielhafte der Werke gelegt, sodaß
538 2990 1446 3050 die etwas verdrießliche Stimmung, die sich bei der
541 3034 1302 3098 Lektüre meldet, auszukommen nie Zeit findet.
572 3062 1440 3151 Den schauspielerischen Ehrenpreis des Abends holte
546 3106 1441 3174 sich zu allgemeiner Ueberraschung Mathilde
538 3149 1453 3199 Sussin. Sie war im „Abschiedssouper“ von
547 3193 1448 3258 einem Uebermut und in all ihrer tollen Laune von
550 3233 1446 3288 einem Charme, den man der strengen Meisterin
550 3261 1447 3329 Ibsenscher Frauen nicht zugetraut hätte. Die anderen
547 3303 1450 3363 Darstellerinnen der durch Schnitzlers Stücke huschenden
553 3342 1446 3415 süßen Mädels traten hinter dieser starken Wirkung
544 3379 1447 3441 zurück. Auch Irene Triesch, die als Ilona sich
544 3416 1447 3499 die Komik ihrer Rolle durch eine herausfordernd über¬
544 3472 987 3543 moderne Toilette verdarb.
583 3480 1440 3555 Den Anatol gab Heinz Moissard mit einer
550 3540 1450 3595 Glatze, die von Stück zu Stück wuchs wie der Mond
550 3577 1451 3639 in seinen ersten Vierteln. Er war ganz vortrefflich
591 3615 1454 3690 sehr drollig und es schadete nicht viel, daß er sich
555 3655 1459 3723 durch den Beifall des Publikums in den letzten
556 3696 1460 3763 Stücken verleiten ließ, seine Drolligkeit etwas allzu
553 3745 916 3808 sehr zu unterstreichen.
591 3749 1457 3842 In der brillanten Rolle des Max fiel Reicher
553 3814 1462 3885 ziemlich ab; schon weil er sich eine herzlich unbedeutende
550 3859 1339 3947 und unvornehme Maske zurecht gemacht hatte.
1307 3882 1422 3946 V. A.
1922 749 2556 823 in Berlin, Brüssel, Budapest,
1923 796 2971 864 Genf, Kopenhagen, London, Madrid, Mailand, Minneapols,
1919 844 2971 920 New-York, Paris, Rom, San Francisco, Stockholm, St. Peters¬
2316 886 2581 941 burg. Toronto.
2267 922 2628 994 lange des doute
1879 962 2755 1134 Aunehat auch
1926 1102 2072 1149 vom
2158 1083 2633 1189 4
2046 1232 2714 1308 Aus dem Kunstleben.
2187 1297 2565 1370 Lessing-Theater.
2128 1342 2652 1426 Schnitzlera „Anatol.
1882 1386 2968 1474 Wir waren bedeutend jünger, als Artur Schnitzlers
1795 1440 2971 1515 elegant melancholische Szenenreihe aus dem abenteuerreichen
1798 1497 2968 1564 Dasein eines Wiener Don Juanito erschien. Aber grade darum
1800 1540 2968 1597 dachten wir heut abend recht vergnügt die nachdenklichen
1800 1589 2968 1646 Witze und heiteren Problemchen des fein unterhaltenden
1800 1628 2962 1684 Buches im Theater zu genießen — zumal es noch immer
1802 1677 2968 1739 eine Ausnahme ist, wenn Brahm die moderne Dramatik
1791 1715 2353 1780 auf die leichte Achsel nimmt.
1884 1749 2974 1826 Es war auch zunächst sehr vergnüglich, den
1791 1804 2962 1858 wegnerischen Lebenskünstler und Selbstbetrüger, seinen
1783 1854 2968 1912 trockenen Freund und Szenenfüller Max und das eine oder
1791 1904 2969 1951 andere Weiner Madl beisammen zu sehen und plauschen
1794 1944 2959 2000 zu hören. Doch ließ die Freude bald nach, da die Geschichte
1791 1991 2959 2047 im wesentlichen sich nur um sich selbst drehte, statt sich vor¬
1794 2025 2962 2074 wärts zu bewegen. Der Horizont ist zu eng, das psycho¬
1785 2071 2963 2127 logisch Fesselnde zu zersplitternd fein für eine regelrechte
1791 2106 2056 2171 Abendfüllung.
1875 2125 2959 2215 Dazu kommt wohl auch, daß die zwei bühnenwirksamsten
1785 2193 2959 2264 der fünf Stücklein („Die Frage an das Schicksal" und „Das
1786 2239 2966 2310 Abschiedssouper") längst, zusammen oder getrennt, über
1779 2291 2957 2348 viele Bühnen gegangen sind. „Weihnachtseinkäufe und
1791 2332 2959 2394 „Episode sind doch gar zu dünn und handlungs¬
1785 2376 2692 2431 los, um als dramatische Werke noch
2741 2385 2962 2446 so kleinen
1791 2420 2959 2477 Stils betrachtet werden zu können. Und zu Ehren
1779 2468 2953 2522 des Dichters muß festgestellt werden, daß er das offenbar
1788 2506 2953 2568 auch gar nicht beabsichtigte, als er in lyrisch-humoristisch¬
1794 2550 2959 2614 sentimentalen Stunden der sachte schwindenden Jugend diese
1780 2606 2963 2659 zarten Skizzen hinwarf. Im selben Maße, in dem sie dem
1786 2643 2947 2705 derberen Wesen des Dramas oder dem lauten des Theaters
1792 2684 2957 2763 sich nähern, im selben Maße müssen sie an ihrem eigensten
1782 2721 2230 2773 Reiz Einbuße erleiden.
1869 2764 2950 2822 Trotzdem eines ins andere gerechnet, ein recht unter¬
1779 2804 2957 2875 haltsamer Abend ward es doch noch. An drolligen
1782 2857 2956 2913 Situationen und witzigen „Prägungen" blieb genug, um
1776 2900 2950 2963 über matte Stellen immer wieder hinwegzukommen.
1776 2938 2953 3010 Das Lessing=Theater hatte auch keine künstlerischen
1776 2988 2950 3044 Kosten gescheut, um den „Anatol“ für die Bühne
1776 3040 2949 3100 zu gewinnen. Die Regie Emil Lessings half tunlichst
1774 3083 2949 3143 nach, allzu Schmächtiges durch Mimenkünste kräftiger
1776 3130 2949 3176 erscheinen zu lassen. Heinz Monnard war im Wieneri¬
1794 3164 2951 3216 schen wie im Selbstironischen des Lebemanns gelegent¬
1776 3210 2950 3267 lich ein bißchen zu besorgt, um deutliche Kund¬
1780 3260 2949 3311 gebung der künstlerischen Absichten, hatte aber viele
1776 3292 2949 3356 köstliche Momente und war der Verlebendigung
1773 3336 2947 3394 des blassen Buch=Anatols im ganzen äußerst nützlich. Aus
1780 3382 2947 3456 Max, dem Mann im Schatten, machte Emil Reichers
1776 3426 2956 3480 launige Mimik erstaunlich viel. Und die Damen
1774 3472 2944 3530 Somary, Lossen, Sussin, Herterich
1773 3518 2944 3568 und Triesch waren jede auf ihrem Posten ebenso reizend
1767 3552 2947 3618 wie vortrefflich. Die beste Gelegenheit, sich auszuzeichnen,
1776 3599 2944 3661 hatten dabei Mathilde Sussin und Irene Triesch, beide
1769 3655 2949 3714 nutzten die Gelegenheit mit glücklicher Mischung von Können
1767 3686 1999 3760 und Laune.
2528 3696 2862 3763 Willy Rath.
