3484 4256
812 65 1491 179 Fünf Episoden von Artur Schnitzler.
1705 116 2571 174 Kalbeck für die Regie danken die diesem Spiel
1568 116 1680 205 Josef
2596 142 2698 200 den
1124 163 1400 233 städter=Theater.
1707 161 2568 230 der schwerelosen Melancholie und des verträumten
2594 188 2689 244 Eink.
1703 207 2568 274 Scherzes den lückenlosen, leichten Fluß gab und
2598 240 2691 300 Bezü¬
863 177 2564 328 * Die Regisseure des Josefstädter=Theaters be¬ in dem Miniaturtumult, im Kammerchaos sozu
810 256 1684 342 rieten seinerzeit darüber, ob man diese lieben Ein¬
2589 286 2689 347 A. E.
1712 300 2564 365 sagen, der Souperszene eine hohe technische Vir¬
814 328 1684 393 akter der tränenfeuchten Frivolität nicht im
2587 330 2680 402 tagsa
1712 354 2552 426 tuosität zeigte. Es war gewiß einer der erquickend
814 358 1684 444 Kostüm der Zeit spielen sollte. Im „Kostüm der
2589 393 2691 442 gara
1712 393 2124 479 sten Abende der Saison.
817 409 1689 486 Zeit? Ist es denn schon so lange her? Dem
2587 433 2684 489 für
2198 409 2536 523 Béla Balas.
814 454 1687 530 größten Pedanten der historischen Treue würde es
2584 475 2668 535 diese
814 505 1687 575 nicht einfallen, ein vorjähriges Stück in der vor¬
1896 516 2384 626 Modernes Theater.
817 549 1689 630 jährigen Mode spielen zu lassen. Das Wechseln der
2580 570 2671 637 eine
807 600 2678 700 Mode bedeutet meistens nur ein Wechseln der „Fräulein Jeanne — unsere Geliebte, Lustspiel Aus
807 649 1680 716 Saison und nicht das der Zeit. Und doch scheint
1947 656 2319 733 von Felix Gandera.
807 689 1680 768 in diesem Fall das Bedenken der Josefstädter Re¬
1742 686 2568 791 Fräulein Jeanne, die Kammerzose, ist ein
800 749 2552 847 gisseure nicht unangebracht gewesen zu sein. Denn anständiges Mädchen. Da der Herr sie zu sic
2587 772 2666 828 Si¬
800 793 1675 856 diese lebensfrische, in jeder psychologischen Einzel¬
1703 817 2668 907 nehmen will, verrät sies der Frau. Die Frau
805 835 1670 910 heit auch heute noch gültige Dichtung ist ein
1703 879 2564 935 geht zum Rendezvous. Und niemand hat's ge¬
805 879 1675 949 historische Miniature aus der Vorkriegsepoche, die
1710 921 2564 977 sehen. Nicht einmal der Herr. Weil's finster war.
805 937 1670 993 (so nahe gebracht, wie sie es nur die dufterhaltend
1700 968 2564 1024 Auch nicht der Hausfreund. Beide halten die
803 979 2564 1091 Schnitzlersche Kunst nahebringen kann, zeigt es sich Gattin für die Zofe. In der Nacht. Das stiftet
798 1042 1666 1096 erst) uns ferner dünkt als Krinolinen und Pe
1700 1061 2045 1124 heitere Verwirrung.
800 1077 1675 1154 rücken. Gewiß: die süße Wehmut der leichten Liebe
1738 1082 2561 1165 Verwirrt ist rasch was. Die Fäden auf drei
800 1135 1666 1196 ist uns auch heute nicht fremd. Die Sehnsuch
1691 1147 2557 1228 Akte auszudehnen hält dann schwerer. „Fräulein
803 1170 1670 1245 dichtet auch heute noch jedes Abenteuer zum
1700 1207 2561 1277 Jeanne", das ist unsere geliebte, französische
805 1214 2554 1317 Gleichnis der großen Liebe um, und parfumiert Schwankidee. Eine sieht wie die andere aus. Im
793 1270 1666 1342 die flüchtige Stunde mit Ewigkeitsstimmung, un
1698 1307 2557 1368 zweiten Akt ist sie noch munter, im dritten steht
800 1317 1666 1398 den Verwesungsgeruch zu unterdrücken. Doch eine
1700 1354 2552 1412 sie auf schwachen Beinen. Das Thema ist immer
805 1359 1666 1424 scheint uns heute an diesem Anatol und an aller
1694 1403 2547 1466 das gleiche, das ewig Menschliche, der Text änder
798 1424 1663 1486 andern so exotisch fremd, daß man sie nur in
1694 1449 2547 1514 sich. Hier lustspielt er vom Zofen zum Zoten¬
793 1454 1666 1533 Kostüme kleiden wollte, die mit unserer Trach
1698 1498 2554 1568 haften, aber kommt noch ungefährdet an der
800 1512 2547 1607 gar keine Ähnlichkeit mehr haben: es ist die große, Klippe vorbei. Alle Figuren stehen im erotischer
796 1552 1668 1617 lebenausfüllende, ausschließliche Bedeu¬
1696 1591 2547 1659 Zwielicht, diese Gattin schwankt zwischen Kokette
793 1598 1654 1666 tung, welche besagte Wehmut für so einen Vor
1684 1645 2545 1700 und Kokotte, dieser Gatte zwischen bürgerlichen
796 1647 1659 1724 kriegs=Anatol gehabt hat. Da gab es noch anschei
1684 1696 2545 1759 Don Juan und Hahnrei, dieser Hausfreund zwi¬
793 1707 1659 1759 nend eine Herrenklasse, deren Leben so gesichert
1691 1740 2261 1805 schen Herzensbrecher und Trottel
793 1752 1666 1821 von jeder objektiven Wirklichkeit so hermetisch
1728 1777 2554 1842 Es wird sehr reizend gespielt. Herr Jensen
793 1791 1656 1866 isoliert war, daß es durch erotische Enttäuschun¬
1687 1838 2543 1891 macht aus dem Gehörnten nicht die usuelle Tad
798 1835 1659 1910 seinen einzigen Sinn und ganzen Inhalt verlor
1684 1884 2545 1959 dädl-Type, er spielt ihn mit ironischen Zwischen¬
798 1891 1663 1949 Ihr Liebesschmerz war ihr Weltschmerz, denn
1689 1935 2547 2001 tönen, so gleichsam aus der Vogelperspektive, als
789 1945 1659 2015 einen anderen kannten sie nicht. Seit nach dem
1689 1975 2543 2038 lachte der Ehemann über die eigene Karikatur
796 1991 1659 2045 Krieg ist die leichte Liebe allgemein viel leichte¬
1691 2026 2545 2087 Herr Schmöle hat seinen Charakter in der
796 2040 1656 2105 geworden, denn was sie nicht ist, ist nicht meh¬
1680 2070 2538 2138 Stille zur Komik gebildet. Seiner Hände jungen
791 2084 1656 2149 alles, und die Enttäuschung, die sie uns bringt
1680 2124 2540 2184 haftes Schlenkern kontrapunktiert dem schnarrend¬
784 2133 1654 2191 ist nicht die einzige, die uns widerfahren kann
1689 2180 2543 2243 energischen Organ: ein Liebhaber wider Willen.
789 2175 1649 2245 Die Frivolität der Menschen, die auch ander
793 2215 2536 2282 Sorgen haben, ist viel frivoler und unpoetischer. Eine köstliche Figur, Marietta Weber spiel
1682 2270 2538 2333 aus dem Handgelenk die Gattin als Stellvertre¬
793 2270 1654 2333 Doch gerade durch diese Distanz bekommt der
1677 2312 2538 2384 terin der Geliebten. Niemand könnte zweifeln
793 2315 1649 2389 Anatol-Typus seine letzte Abgeschlossenheit und die
784 2368 2540 2429 unverwüstliche Lebensfülle des Kunstwerkes be, daß ihre Andree die Fähigkeit zu solcher Prokura
1682 2417 2543 2484 hat. Fräulein Camilla Weber, die Charlotte
777 2426 1654 2494 währt sich erst, da keine Wirklichkeitsassoziationen
784 2461 1207 2517 mehr nachhelfen können
1673 2459 2384 2547 Ander ersetzen soll, ist hübsch und lieb.
826 2508 1652 2577 Das Josefstädter=Theater zeigte mit dieser Auf¬
2380 2480 2510 2584 Nr.
789 2561 1656 2622 führung wieder ein Meisterstück. Waldau als
782 2610 1638 2678 Anatol! Warum wird sein Name noch nicht ge
1680 2596 2531 2710 Festvorstellung im Theater a. d. Wien
779 2661 1649 2724 nannt, wenn man die fünf größten deutscher
1677 2682 2524 2761 „Die schöne Galathee" und „Der Liebesbrief
777 2701 1642 2778 Schauspieler nennt? Ist sein Schicksal so diskret
1712 2740 2533 2810 * Eine Idealbesetzung der Suppeschen Operette
777 2750 1649 2815 wie sein Spiel? Seine tiefe Innerlichkeit erschein
1673 2801 2536 2866 Die Stimmen Marie Raidls (eine wunderschöne
779 2796 1645 2861 als eine zerstreute Unbeteiligtheit an den Dingen
777 2843 2536 2905 die er spricht und tut. So viel er auch in das Wort Galathe), Rosette Andays (ein humorvoller
779 2889 1640 2959 hineinlegt, man fühlt ein Wesentlicheres dahinter
1677 2892 2536 2954 Ganymed), Aagard Oestvigs (ein Apoll von
779 2950 1645 3012 Alle Worte und Gebärden läßt er mit müder Re¬
1675 2945 2531 3010 einem Pygmalion) und die lebhafte Komik Treu¬
784 2989 2533 3057 signation von sich abgleiten: sie können es ja ohne¬ manns als Mydas haben die Aufführung auf
779 3038 2533 3103 hin nicht sagen. Sie sind ungelenk und festgehalten, ein ungewöhnliches Niveau gehoben. Treumanns
779 3096 2545 3150 wie durch tiefe Wurzeln. Jede Bewegung bleibt Auftrittslied, das Harfenlied Frau Rajdls und
779 3136 2533 3206 halb im Leibe und jeder Ton halb in der Brust besonders das modernisierte Couplet „Klassisch,
777 3187 1642 3254 stecken und doch wahrnehmbar. Wie der schwim
1670 3189 2540 3240 klassisch", das Fräulein Anday mit überlegener
777 3238 1642 3289 mende Eisblock unter dem Wasser noch fünfma
1673 3236 2531 3294 Kunst vortrug, brachten der selten gehörten
777 3285 2533 3340 größer ist, so scheint sein Ausdruck nur der kleinste Operette einen großen Erfolg. Die Musik Suppés
779 3331 2540 3408 Teil einer schweren Gefühlsmasse zu sein, die klang unter Nilius Leitung reich und frisch.
777 3378 1647 3443 unter der Oberfläche mitschwingt, und deren Wucht
1710 3387 2533 3445 Die darauffolgende Ballettpantomime, deren
775 3424 2543 3494 alles entscheidet. Und seltsam ist Waldaus Art zu Inhalt im „Tag" bereits erzählt wurde, über¬
