3436 4256
1386 115 1740 219 box 8/5
1003 130 1171 215 ku
258 142 672 248 4.9. Ana¬
530 1061 1583 1151 rungen sind jetzt von drei Organisationen, dem soge¬
535 1126 1590 1194 nannten alten Verband (sozialdemokratisch), dem Ge¬
533 1182 1591 1243 werkverein der Bergarbeiter Hirsch=Dunckerscher Rich¬
533 1242 1593 1300 tung und der polnischen Berufsvereinigung erhoben
533 1293 1591 1349 worden. Neben diesen Organisationen hat eine Ver¬
533 1346 1591 1408 trauensmännerversammlung des Gewerkvereins christ¬
533 1402 1591 1469 licher Bergarbeiter Deutschlands selbständig eine Ein¬
533 1463 1591 1517 gabe dem Zechenverband eingereicht, in welchem ver¬
533 1508 1595 1577 langt wird, „soweit wie möglich eine den Verhält¬
533 1556 1591 1615 nissen entsprechende Aufbesserung der Löhne der
1507 1607 1583 1671 Be¬
535 1614 1464 1676 Arbeiter unter und über Tage vorzunehmen“,
645 1724 1472 1811 Artur Schnitzler: „Anatol.
612 1815 1525 1901 Erstaufführung im Lessing=Theater.
566 1919 1590 2017 Das Herz geht einem auf, gedenkt man dieses Abends.
527 1990 1590 2047 Wieviel Entzückendes. Wieviel Lachen, wieviel
535 2037 1357 2100 Leisheit, — und wie sehr beides gemischt.
574 2086 1590 2144 Anatol... War es nicht gestern, daß er uns in die
535 2141 1590 2202 Hände fiel; daß jüngere Menschen überrascht einen
541 2189 1583 2247 Spiegel ihres Lebens in hundert Seiten fanden?
560 2238 1587 2294 Ich fraß dieses Buch. Und alles, was dem elenderen
533 2284 1581 2340 Teil unserer selbst, dem Kritiker, widersprach, das fraß
533 2336 1585 2388 ich schließlich mit.“ War es nicht gestern? Wer weiß.
535 2382 1590 2434 Der Artur ist längst ein Klassiker geworden. Im
535 2434 1590 2496 Mai wird er neunundvierzig. Kinder, Kinder. Ich
541 2476 1594 2532 sehe die frühe Buchhausgabe; „1893. Verlag des
535 2525 1581 2581 Bibliographischen Bureaus Alexanderstraße 2". Ein
527 2576 1583 2657 Klassiker ist er längst. Im Mai wird er neunund¬
527 2624 670 2684 vierzig.
568 2654 1011 2741 Doch, es war gestern.
571 2752 1587 2834 Das Herz geht einem auf beim lustigen Gedenken
527 2829 1590 2888 dieses Abends. Dieses Lachens; dieser Zauderungen;
530 2877 1589 2936 dieser Ironik; dieses Verstummens; dieser Stöße; dieser
530 2926 1583 2979 Holdheit; dieses Betrugs; dieses Fragens; dieses Zer¬
526 2979 1586 3033 fließens ... Gestern? Heute, morgen, übermorgen.
567 3020 1583 3073 Wie dachte man sich das damals? „Lautlos öffnet
529 3077 1590 3146 ein blasser, eleganter Herr die Tür und blickt hinein
1659 1045 2706 1145 an ihn an
1666 1130 2715 1198 dingt dieses eine scharfe grundsätzliche Stellung gegen
1654 1187 2718 1255 die Sozialdemokratie, welche von dem sogenannten
1663 1239 2716 1306 alten Verbande die eifrigste Förderung erfährt. Häufig
1654 1298 2715 1355 bringt das Verbandsorgan Artikel zur Förderung der
1666 1346 2712 1423 sozialdemokratischen Bestrebungen; in Ergänzung
1655 1402 2708 1467 dieser Taktik werden die bürgerlichen Parteien her¬
1658 1458 2712 1516 untergerissen und an ihnen kein gutes Haar gelassen,
1670 1512 2716 1569 so daß bewußt und systematisch der Eindruck erzeugt
1659 1564 2712 1635 wird, als sei die Sozialdemokratie die einzige und
1658 1619 2710 1667 beste und uneigennützigste Vertreterin der Arbeiter¬
1658 1715 2716 1770 mit melancholisch-witzigem, etwas müden, aber innigem
1658 1765 2712 1818 Ausdruck.“ War es so, Herr Monnard? Es war
1658 1809 2712 1875 vielleicht besser... Auffassung? Ich habe mehr als
1655 1856 2715 1915 einmal folgendes wörtlich betont: „Verfehlt scheint
1658 1923 2711 1977 mir, allzuviel von Auffassung einer Rolle zu sprechen.
1658 1960 2718 2013 und in der Kritik ein Gequatsche zu machen über das
1658 2007 2712 2064 System, das der Künstler nie gehabt hat. Wir
1658 2051 2712 2107 wissen, daß der die Dinge meistens so bringt, wie
1658 2109 2710 2160 er sie mit seiner Technik am besten hinlegen
1658 2153 1760 2206 kann.
1843 2152 2714 2218 Und ich wünsche nicht, nachträglich
1658 2203 2716 2254 eine Theodize seiner Seifenblasen: sondern eine
1656 2247 2712 2316 Feststellung dessen zu geben, was er hinlegte, heraus¬
1658 2302 2712 2355 kriegte, machte"... Oder: „Völlig auf einem anderen
1655 2345 2704 2404 Blatt steht die Frage nach jenem Erinnerungsbild
1651 2406 2712 2458 das er — wollend oder nicht — kraft seiner ein¬
1660 2446 2712 2504 geborenen Beschaffenheiten, kraft seiner Instinkte zuletzt
1652 2488 2710 2556 doch hinterließ. Was bei seiner Technik und bei seiner
1658 2543 2107 2606 Natur schließlich kam.
1691 2574 2707 2645 Also was gab der Schauspieler Monnard? Es
1648 2635 2707 2690 war ein Vorteil, daß bei Brahm die Lyrik nur leicht¬
1655 2686 2708 2744 hin, und mehr durch die Frauen, dämmernd erhellt;
1648 2733 2708 2800 daß Schalkheit, Skepsis, Drastisches funkelnder bestrahlt
1651 2784 2698 2834 wurde. So war an dem Liebeskoster, dem Suchenden
1647 2828 2707 2895 dem Anatol, mit versunkener Ergötzlichkeit gezeigt,
1651 2894 2708 2942 worin er auch eine Wurzen ist... Die Musik war
1712 2934 2706 2980 nicht von Schumann, sondern ein Gemisch von
1648 2981 2707 3044 Schumann und Offenbach... Eine Wurzen; eine
1648 3029 2708 3078 ungezogene Wurzen; eine seelenschleckerische Wurzen in
1648 3073 2707 3139 der Mitte. Nicht zu zart. (Schumanns Töne klangen
2777 1063 3339 1161 werde ge¬
2794 1134 3354 1199 Wirtschaftslebens kann unab¬
2792 1190 3342 1268 für die ganze Nation, even
2777 1243 3350 1320 und patriotischen Standpunkt
2785 1295 3342 1358 wenn durch die Sozialdemo¬
2785 1352 3327 1424 Maße Abneigung und Haß
2782 1401 3339 1487 land in dieses Riesenarb
2777 1464 2940 1525 werden.
2825 1485 3344 1575 Für die Beurteilung der
2782 1554 3344 1623 vereins christlicher Bergarbei
2777 1619 3346 1677 den Mitgliedern gebilligte He
2773 1713 3315 1794 mehr nach Pantalon, nach
2773 1761 3316 1819 Der Leser weiß Bescheid.)
2779 1814 3289 1892 denkt man dieses Abends
2818 1950 3340 2023 Und der Frauen. Die
2780 2002 3339 2074 Cora.... Aber reizend. D
2777 2052 3327 2112 sagen: reizend. Mädel mit
2780 2113 3351 2164 Vielleicht Mädel mit den durch
2780 2154 3342 2219 Nein, beides; beides. Re¬
2780 2203 3348 2262 Künstlerin ist: den Mädelko
2777 2243 3346 2321 Als ob man sie erwischt hät¬
2771 2300 3348 2366 Magie: etwas Scham, etw
2773 2347 3315 2423 gefressenhaben... Reizend.
2818 2396 3344 2455 Nach der mit den zersto¬
2779 2446 3344 2502 sie von allen, so hier Schn
2777 2500 3336 2559 läßt, am längsten und am lu¬
2771 2537 3346 2597 die Gabriele vorbei, die Dam
2771 2593 3346 2647 die mit den Weihnachtsein
2773 2639 3277 2704 die den Mut nicht hat
2773 2686 3351 2747 aus der besseren Welt hinaus
2813 2737 3338 2806 Was war diese Linna Los
2773 2777 3336 2850 Wie fern und wie ahnung
2771 2836 3348 2890 geschehen war dies alles. Es
2780 2882 3339 2942 schattung, leis, eine dunkeln
2768 2928 3343 2987 manchmal; der Widerschein
2765 2973 3340 3038 einer Verfinsterung.... Kein
2767 3030 3351 3103 machung. Es trug sich zu
2768 3073 2975 3147 Himmlisch.
