3436 4256
225 255 1179 346 4.9. Anatol - Zyklus
1339 232 1693 324 box 8/6
2085 180 3016 243 Leitmeritz. (Oeffentliche Eisenbahnerver¬
2025 215 3012 279 sammlung.) Sonntag, den 8. Oktober, nachm. halb
2013 270 3018 313 3 Uhr, findet im Elbschloßpavillon eine freie Eisenbahner¬
2011 310 3018 362 versammlung mit der Tagesordnung: „Die Forderungen
2013 336 3019 400 der österr. Eisenbahner aller Kategorien" statt. Eisen¬
2013 377 2975 431 bahner, besucht zahlreich diese wichtige Versammlung!
2091 420 3016 478 Leitmeritz. (Eine Maßregelung.) Wegen eines
2018 448 3018 521 in der letzten Samstagnummer im „Volksrecht" erschie¬
2011 502 3018 560 nenen Artikels aus der Lederfabrik wurde, wie uns mit¬
2015 540 3016 594 geteilt wird, der Arbeiter Wenzel Stefan aus Schütte¬
2013 580 3012 632 nit entlassen. Wenn es der Wahrheit entspricht, daß
2016 615 3015 667 Stefan aus diesem Grunde entlassen wurde, so kommt
2020 646 3016 712 dieser Arbeiter sehr unschuldig dazu, denn er hat den
2016 689 3021 743 Artikel weder geschrieben noch steht er ihm nahe, denn
2013 736 3018 782 Stefan ist nicht einmal unser Parteigenosse, sondern ein
2011 762 3019 827 patriotisch gesinnter, unaufgeklärter Mann. Die Verhält¬
2013 814 3014 859 nisse in der Lederfabrik unter der jetzigen Leitung sind
2015 843 3011 898 uns schon seit langem bekannt und werden wir uns ein¬
2015 883 3011 948 mal der Mühe unterziehen, eine Blumenlese unter der
2016 925 3016 977 Ueberschrift „Das neue Regie, oder „Wie man sich der
2018 962 2900 1025 denkenden Arbeiter entledigt schreiben
1995 1067 3014 1157 Theater, Kunst und Wissenschaft.
2088 1136 3014 1194 Anatol. Ein Spiel in fünf Szenen von Artur
2049 1159 3007 1230 chnitzler. Eigentlich hat der Autor unter dem
2019 1219 3011 1278 ten dem Namen des Helden der einzelnen
2010 1265 3015 1309 Szenen, sieben Einter zusammengefaßt. Fünf davon
2013 1303 3011 1344 gelangten am Freitag auf unserer Bühne zur Wieder¬
2007 1340 3014 1391 gabe. Anatol, das ist der ohne eine beschönigende
2007 1378 3006 1434 Glasur hingestellte Lebemann, und die fünf Akte sind
2010 1414 3009 1466 fünf Erlebnisse in seinem Liebesleben, wahr und natür¬
2001 1462 3012 1514 lich gezeichnet. Anatol schreitet über alle hinweg und
2007 1495 3006 1544 doch: er verträgt es nicht, daß eine seiner Freun¬
2007 1530 3016 1586 dinnen über ihn hinwegschreitet; er soll derzeit der
2010 1569 3009 1620 Einzige in ihren Leben sein und es bleiben, solange es
2001 1613 3014 1661 ihm beliebt. Der eingebildete, skrupellose und dann in
2006 1647 3007 1708 der Erinnerung an diese und jene schöne Stunde senti¬
2009 1695 3015 1746 mentale Herrscher in der Damenwelt. Der Dialog ist
2006 1734 3012 1793 frisch, ansprechend und zeigt prächtige Formen.
2001 1771 3023 1819 Die einzelnen Akte haben kurz folgenden Inhalt:
2007 1807 3007 1866 1. Die Frage an das Schicksal. Anatol zwei¬
2009 1847 3005 1902 felt an der Treue seiner Geliebten. Sein Freund Max
2001 1892 3007 1945 rät ihm, ihr in der Hypnose das Bekenntnis zu entreißen,
2002 1931 3005 1983 ob Anatol der Einzige ist, dem sie ihre Gunst schenkt.
2001 1967 3007 2028 Prächtig wird nun dargestellt, wie Anatol Schritt für
2004 2000 3010 2065 Schritt zurückweicht; er könne doch nicht klar fragen,
2002 2044 3005 2103 gewiß, sie habe vor ihm auch geliebt. Schließlich, sie
2002 2084 3002 2140 könne doch auch in Versuchung geraten sein, seit sie ihn
2001 2122 3006 2172 liebe, in irgend einem betäubenden Zustand, das ent¬
2001 2163 3004 2213 schuldige. Er will nicht wissen, ob er allein begünstigt
2001 2200 3002 2246 wird, mit einem „Wach auf — und küsse mich!“ been¬
2000 2241 3001 2298 digt er die Hypnose, denn sie liebt ihn ja doch — jetzt
2004 2277 3002 2326 wenigstens — und das genügt. — 2. Weihnachts¬
1997 2321 2993 2372 einkäufe. Anatol trifft, da er „einem süßen Mädel
2001 2356 3002 2405 ein Weihnachtsgeschenk kaufen will, eine ihm bekannte
2004 2393 2998 2444 jung verheiratete Frau. Sie plaudern, suchen zusammen
2001 2443 2998 2490 ein passendes Geschenk und Anatol muß beichten, für
1995 2471 3001 2528 wen, wie es dort bei „dem süßen Mädel" sei und sie
1995 2507 2989 2564 erfährt es in begeisterten Worten, hört von einer Liebe
1995 2551 3002 2602 heißlodernd, lebensfroh, die Frau kennt selbst dergleichen
1997 2593 2997 2647 nicht. Ein Geschenk finden sie nicht, da gibt die Frau
1995 2625 2996 2684 Anatol ein Blumensträuchen, er möge es dem Mädchen
1993 2665 2996 2728 bringen mit den Worten: „Diese Blumen, mein . . .
2001 2704 2996 2755 süßes Mädel schickt Dir eine Frau, die vielleicht ebenso
1995 2747 2993 2796 lieben kann wie Du und die den Mut dazu nicht
1995 2786 3000 2840 hatte..." 3. Abschieds=Souper, Anatol will
1995 2820 3002 2870 heute das Letztemal mit Annie soupieren, er hat eine
1992 2870 3004 2911 neue Freundin gefunden. Also will er es der
1990 2898 2995 2947 Annie heute beibringen und hat sich zum Bei¬
1997 2940 2991 2993 stand seinen Freund mitgenommen. Während des
1990 2986 2997 3037 Souper erzählt aber Annie selbst, daß sie heute von
1990 3011 2998 3070 Anatol scheiden will, ein Anderer sage ihr mehr zu.
1992 3054 2987 3113 Anatol, der das Gleiche, die Trennung, erreichen wollte,
1992 3104 2992 3156 wird ärgerlich, daß ihm gekündigt wird, statt daß er
1990 3137 2988 3184 der Absagende ist, Grobheiten.... 4. Episode.
1990 3173 2996 3226 Sie war für Anatol ganz besonders eine Episode, zwei
1990 3215 2995 3266 Stunden lang, und er glaubte sich von ihr mehr denn
1990 3254 2995 3305 je geliebt, er meinte, sie werde diese Stunden nie aus
1990 3299 2989 3340 ihrem Sinn schaffen können. Nun steht er im Zimmer
1990 3331 2995 3374 seiner Freunde. Nach Jahren war sie, eine Zirkus¬
1990 3369 2989 3419 künstlerin, wieder in diese Stadt zurückgekehrt; nun tritt
1999 3409 2991 3460 sie in das Zimmer von Anatols Freund. Diesem galt
1992 3449 2987 3499 ihr Besuch, und als Anatol vortritt — kennt sie ihn
1992 3490 2987 3535 nicht mehr. „Man kann sich doch nicht an Alles er¬
1986 3521 2992 3578 innern. — Anatols Hochzeitsmorgen. Ana¬
