3344 4256
501 1033 681 1134 Seite 4
1327 1040 1503 1154 Montag
2056 1054 2513 1158 Neues Wiener Journal
2927 1058 3211 1151 28. Juli 191
456 1099 1659 1210 Stemmer. Wir lesen fortwährend von Rekord Konkurrenzen
1687 1116 3218 1213 Madrider Sonderkorrespondenden des „A, Est mit einem dortigen der als Protekti
456 1185 1662 1258 Der Sport ist gesund — aber doch nur bei entsprechender Nahrung
1687 1199 3214 1262 einflußreichen Politiker gibt uns näheren Aufschluß über die gegen vereinigungen v.
453 1234 2177 1310 Bei knappen Lebensmitteln ist eine Reduktion überflüssiger Körper¬ wärtige Lage in Spanien.
3024 1255 3214 1320 Noch kri¬
453 1282 1666 1351 anstrengung erforderlich. Ich spreche mich mit dieser Motivierung
1804 1272 3211 1358 „Alles," sagte der Gewährsmann, was Sie über die militäri¬ Lage durch di
456 1334 1455 1400 in der jetzigen anormalen Zeit gegen den Sport aus
1687 1334 3207 1403 schen Fragen berichteten, ist ungeschminkte Wahrheit. Sie haben ihnen stehende
567 1351 1659 1452 Hat die Anzahl der Hypochonder, der eingebildeten Kranken
1687 1396 3221 1452 sich nicht geirrt und nichts übertrieben. Sie sind sogar leider offen die Revo¬
456 1424 3200 1493 zugenommen? Im Gegenteil: die schlechten Verhältnisse sind für hinter der traurigen Wirklichkeit zurückgeblieben. Es wäre vor weiß nicht,
449 1486 3194 1545 viele Leidende ein Trost geworden. Dies war ehedem paradox anderthalb Jahren an der Zeit gewesen, den Wünschen des korps die Diß
446 1531 1659 1583 aber nun bestätigt es die Zeit. Da sind Schwerkranke, Krebs
1687 1538 3204 1593 Offizierskorps nachzukommen, als diese noch gerecht und annehmbar Monaten wolle
453 1576 3204 1662 leidende, die sich die Gesundheit einbilden. Sie glauben, alle waren, allein Romanones überließ schnöde die Schwierigkeiten vor dem sie
453 1621 3207 1694 ihre Beschwerden wären eine Folge der schlechten Ernährung und seinem Nachfolger. Als Garcia Prieto die Regierungsgeschäfte Regierung den
453 1673 3204 1770 hoffen zuversichtlich, daß das Ende des Krieges auch das Ende übernahm, war die Lage bereits so chaotisch, daß entweder der Streikenden
449 1714 1334 1804 ihrer Uebel sein werde. Eine süße Täuschung.
1687 1728 3207 1790 6500 Infanterieoffiziere, die die Juntas de defensa gebildet Ballon des
560 1742 2907 1842 Zum Schluß möchte ich Ihnen noch sagen, daß zwischen hatten, vor das Kriegsgericht hätten gestellt werden müssen oder
3028 1780 3214 1853 Die Ente
446 1808 3211 1911 Magen und Gemütszustand eine keineswegs nebensächliche Ver¬ man hätte ihre Forderungen bedingungslos erfüllen müssen, insbesondere ge¬
449 1859 1666 1922 bindung besteht. Magendepressionen werden durch physische De¬
1687 1880 3211 1942 Garcia Prieto vermochte der Schwierigkeiten nicht Herr zu werden, Wohlwollen erst
446 1911 2896 2005 pressionen hervorgerufen. Gegen die Lebensmittelnot, gegen die er demissionierte, Dato aber erkannte die Gesetzlichkeit der Schutz¬
2921 1929 3204 1994 hat sie erbittert
439 1963 1942 2032 durch spärliche Mahlzeiten hervorgerufene Melancholie gibt es vereinigungen
2914 1980 3159 2060 pessimistischen
442 2008 1673 2070 immerhin auch ein psychologisches Heilmittel: Etwas mehr
1804 2005 3200 2088 Sie können sich gar nicht vorstellen, was das bedeutet, gelesen. In
435 2067 3211 2157 Optimismus, etwas mehr Glaube an die Zukunft. Dies kann Sie wissen wahrscheinlich nicht, Sie können es ja auch nicht keine Milch und
439 2098 3218 2215 ein Ersatz für ein Zuwenig an Nahrung sein Man erträgt in wissen, daß das Offizierskorps unter anderem das Verlangen die Lage kritisch
442 2153 1389 2219 der Hoffnung auf gute Zeiten die schlechten besser.
1683 2177 3207 2233 stellte, daß die Angelegenheiten des Militärs den Schutzreich essen werd
563 2212 3197 2278 Ich wagte einzuwenden, ob es nicht eher umgekehrt wäre: vereinigungen unterstellt werden, und daß in den Vereinigungen weder angelangt sein
435 2243 3204 2347 Der Pessimismus eine Folge von Magenleere, die üppige Mahl=Generale noch der König, aber auch die Regierung und das ist doch se
435 2302 836 2378 zeit Lebensmutersatz:
1676 2312 3211 2402 Parlament nicht ein Einspruchsrecht besitzen dürfen. Was nun gern wiederho
560 2319 1559 2419 Der Herr Professor aber war bereits aufgestanden.
2921 2364 3159 2433 Die Armee
1680 2374 2544 2447 geschehen wird, ist wohl schwer vorauszusagen.
435 2368 1531 2457 Vorzimmer stehen Kästen, die er geheimnisvoll ausschloß.
1552 2340 1659 2468 .
2914 2402 3194 2485 Thessaliens,
1790 2409 2893 2495 Seine Majestät wurde in dieser Frage schlecht informiert
435 2440 1659 2530 dachte ich, eine Sammlung interessanter Lebensmittelpräparate
2910 2464 3183 2520 treide, unser
1687 2468 2883 2530 Als man mit den Schutzvereinigungen noch hätte reden können
442 2499 1656 2551 Er öffnete die Schachteln. Und darin lagen, Flügel an Flügel,
2914 2502 3204 2568 König Alfonso
1683 2523 2889 2578 wollte der König mit unerbittlicher Strenge gegen sie vorgehen
439 2544 667 2606 aufgespießt,
719 2540 1182 2616 sorgfältigst konserviert,
1237 2547 1514 2613 Schmetterling
2917 2558 3183 2616 die Person des
1545 2565 2889 2647 neben und er inspirierte die Handlungen des Generals Aquilera hinter
442 2589 1652 2651 Schmetterling, die der Herr Professor in Indien gejagt hatte
2917 2599 3207 2665 über wünschen
1680 2616 2889 2679 dem Rücken der Regierung. Als jedoch die Vereinigungen der
2914 2654 3190 2717 alles hingeben,
435 2637 2893 2717 Falter in der buntesten Urwaldpracht, Riesenschmetterlinge in Weg der Revolution betraten und es angemessen war, mit ihnen
435 2686 1652 2755 satten, schillernden, tropischen Farben. Jede Nuance war aus
3017 2703 3204 2779 Merkwür¬
1676 2720 2883 2775 ohne Zorn, jedoch energisch zu verhandeln, gab der Monarch
442 2737 3197 2817 Indien wohlbehalten in die Sammlung hinübergerettet worden, wiederum hinter dem Rücken der Regierung, dem General ventionistischen
442 2789 3204 2865 An den tödlichen Nadeln protzten die Tiere noch mit ästhetischer Marina die Weisung, die Forderungen des Offizierskorps ohne nicht exportieren
442 2834 1652 2921 Gesundheit. Es waren durchaus wohlgenährte Schmetterlinge.
2914 2851 3211 2914 statten wir aber
1673 2858 2889 2917 jede Unterhandlung bedingungslos zu erfüllen. Außerden
1669 2896 3207 2955 unternahm General Weyer, ebenfalls im Auftrage des mittelpreise in
1669 2941 3204 3017 Königs, eine Rundreise nach Zaragoza, Pamplona, der Revolution.
594 2959 1510 3073 Spanien und die Not
1669 3003 2886 3059 Huesca und anderen Provinzen, um den aufständischer
3010 2997 3183 3066 All das
1669 3045 2758 3111 Garnisonen den königlichen Gruß zu überbringen
2907 3035 3200 3114 viele andere
795 3045 1300 3169 Frankreichs.
1673 3097 3207 3152 in dieser Weise die Liebe und Anhänglichkeit der Mehrheit des und der Hofke
1673 3145 2889 3204 Offizierskorps abermals errungen war, betraute Seine Majestät
2914 3149 3138 3207 keine Hand,
515 3135 1590 3239 Unterredung mit einem spanischen Politiker.
1662 3200 3204 3256 an Stelle Mauras Dato mit der Regierungsbildung, von dem alles verläßt sie
1120 3221 1618 3290 Budapest, 19. Juli.
1673 3242 3200 3294 das Offizierskorps nur allzugut wußte, daß er der Vertraute des und feig auf de
546 3283 3204 3346 Fast drückender noch als andere neutrale Staaten wird von verhaßten Romanones ist, und der auf Einflüsterung des Königs der Araber laste
422 3318 1649 3387 diesem Weltkriege Spanien in Mitleidenschaft gezogen. Verschieden¬
3014 3339 3204 3404 Innerhal¬
1673 3339 2896 3391 den greisen General Primo de Riviera sich als Kriegsminister
429 3363 3200 3449 Berichte über die im spanischen Volke zunehmende Gärung sind beigesellte. Primo de Riviera steht unter dem Einfluß seines die Antwort er
425 3429 3111 3487 bereits zu uns gedrungen. Eine interessante Unterredung des gleichnamigen Neffen des Generals Miguel Primo de Riviera, zu können.
2851 3525 3200 3612 Begründet 188
3003 3591 3190 3657 Leserven
2654 3550 2914 3698 AN
2941 3639 3197 3698 17 Millionen
2647 3684 3204 3747 platz 2, verm. Anton Cen¬
2658 3722 3207 3760 13 u. Pro stern; V., Mar¬
2658 3750 3207 3802 VII., Alse
2661 3774 3097 3819 II., Elternate 4.
2675 3788 3207 3871 uck a. d. M. Laibach, Krakau, Brü¬
2675 3840 2851 3888 Krumman.
3062 3923 3200 4016 A
3062 4006 3204 4054 Jahren
3059 4044 3204 4106 verkau¬
2679 4047 2986 4113 e falsche Zähne
