3436 4352
1379 173 1749 332 box 9/4
271 169 1220 308 4.9. Anatol - Zyklus
718 729 1311 864 HEMSTREET
752 847 1291 918 96 WARREN STREET
790 905 1183 1006 NEW YORK CI
1518 851 2535 1051 Live Topic
1071 1162 1247 1315 8
549 1288 3274 1477 s of the Theater, Its Plays and
1108 1515 2738 1674 Bits From the Revival of Anatol at the Lyceum
1718 1810 2125 1955 Wenn
674 3636 3131 3755 This presentation of the famous Schnitzler comedy had its premiere Friday night. In the cast are Joseph Schildkraut, Miriam Hopkins,
1430 3697 2392 3819 Walter Connolle, Patricio Colinge and Anne Forrest.
