3436 4352
356 80 1555 135 Heimat Wirklichkeit zu werden schien und die Theater aus¬
359 134 1554 188 gelöst wurden, wanderte ein Teil als Erinnerungsstücke zu
353 182 1552 248 kunstfreundlichen Einwohnern, ein kleiner Teil kam auf viel
353 230 1552 285 verschlungenen Wegen in die Heimat und hat einen würdigen
362 278 1551 333 Platz im Museum der Kriegsgefangenschaft in Wien, 7. Karl
362 324 1551 380 Schweighofer=Gasse 3, gefunden. Die Bühne aber samt ihren
362 372 1551 429 Dekorationen und die Möbel wurden „nationalisiert", das
365 417 1549 477 heißt, es spielten dort Vereine, Schulen und Gewerkschaften
359 467 1551 522 russisches Theater. Schließlich ordnete ein alle neiner Befehl
356 516 1551 570 des Moskauer Kommissariats für Volksaufklärung an, daß
359 564 1551 614 jeder Soldat der Garnison zweimal im Monat das Theater
359 610 1554 659 besuchen müsse. Und da bei der Riesenstärke der Garnisonen
362 659 1554 718 es technisch ganz unmöglich war, diesem Befehl so zu ent¬
362 706 1554 751 sprechen, hatte der Stationskommandant von Nowo¬
362 749 1554 809 Nikolajewsk einen ebenso genialen Ausweg gefunden, er
360 805 1552 857 ordnete an: Das Regiment Nr. 132 besucht morgen das
365 844 1554 899 Theater, und zwar: das erste Bataillon den ersten Akt, das
362 893 1554 953 zweite Bataillon den zweiten Akt und das dritte Bataillon
359 940 1551 992 den dritten Akt. Jetzt konnte der Vollzug des Befehles ge¬
365 989 1554 1045 meldet und die gewünschte Volksaufklärung als durchgeführt
359 1034 721 1111 angesehen werden.
393 1079 1555 1156 Burgschauspieler Karsten, selbst sechs Jahre als Kriegs¬
359 1150 1554 1204 gefangener in Sibirien interniert, fand mit seinem überaus
362 1201 1551 1257 interessanten Vortrag, dem ein dankbares Publikum bei¬
365 1249 1554 1308 wohnte, reichen Beifall. Er hat all dies selbst erlebt und
357 1296 1558 1357 mitgemacht und war somit auch einer der Wegbereiter eines
368 1341 1557 1396 großen, unvergeßlichen Kulturwerkes in den trostlosen
368 1395 1042 1462 Steppen und Eiswüsten Sibiriens.
396 1423 1563 1507 Den Vortrag leitete Direktor Dr. Hans Weiland ein.
365 1503 1551 1566 Er sagte die schönen Worte: Trotz unsäglichem Leid, trotz
359 1552 1560 1605 allen Bitternissen einer jahrelangen Kriegsgefangenschaft
362 1603 1557 1653 war auch diese fürchterliche Prüfung eine Gnade der Vor¬
371 1645 1563 1705 sehung, denn sie schuf unvergängliche Werke des Geistes und
365 1696 1569 1755 der Kultur, die als deutsch=österreichische Sendung in oft nie
359 1747 1306 1829 betretenen Gegenden Sibiriens Eingang fanden.
1786 179 2737 275 4.9. Anatol - Zyklus
1928 531 2337 634 Heilkräftigste
1928 590 2701 715 Radiumiherme der Welt
2172 706 2717 788 Verlangen Sie Prospekte
2174 764 2714 865 von der Kurkommission!
2219 937 2683 1063 OBSERVER
2192 1040 2731 1129 Erstes österreichisches be¬
2198 1093 2737 1178 hördlich konzessioniertes
2202 1162 2500 1239 Unternehmen
2201 1199 2737 1287 für Zeitungsausschnitte
1980 1276 2241 1371 WIEN, I.,
1983 1309 2747 1423 Wollzeile 11. Telephon R 23-0-43
2267 1387 2846 1507 Prager Tagblatt, Pra¬
1986 1486 2312 1578 Ausschnitt aus
2378 1479 2777 1602 8. Z. 1930
2003 1639 2124 1705 vom
2039 1687 2419 1798 esdites Frauen
2115 1791 2755 1881 Anatol ist gestorben
2024 1860 2897 1938 Seit die zu Strandbädern ausgebaute Riviera
1979 1926 2900 1988 ein vielgesuchtes, ja in den Monaten Juli und
1985 1971 2893 2030 August maßlos überfülltes sommerliches Reise¬
1982 2019 2906 2082 ziel geworden ist, bilden die winterlichen Vor¬
2003 2067 2903 2115 rühlingwochen einen merkwürdigen und so ver¬
1979 2096 2900 2162 anderten Anblick, daß die ältern, den einstigen
1979 2141 2900 2196 Gepflogenheiten treuen Menschen, die auf der
1982 2187 2900 2247 Flucht vor Kälte und Schnee hier lustwandeln,
1977 2238 2897 2306 ihren Erinnerungen recht ungestört nachträumen
1976 2273 2893 2328 können. Das ist in alten Zeiten völlig anders
1973 2325 2894 2375 gewesen. Damals waren die herrlichen Hotel¬
1970 2372 2900 2426 paläste, die blendenden Schaufenster der Luxus¬
1970 2416 2891 2467 geschäfte im Sommer geschlossen. In den Win¬
1973 2458 2894 2521 termonaten dagegen entfalteten sie ihren reich¬
1976 2495 2894 2546 sten Glanz, überboten sich an kostbarsten Herr¬
1965 2543 2890 2596 lichkeiten der erfinderischen Mode und wetteifer¬
1965 2587 2894 2641 ten an allen Ecken und Enden der von hochschla¬
1968 2636 2885 2684 gender Lebenslust sprühenden Gegend, es ein¬
1967 2678 2885 2738 ander an Darbietungen jeder Art zuvorzutun.
1965 2720 2888 2776 Damals gab es auch junge Menschen in großer
1970 2761 2888 2807 Zahl an der blauen Küste — Eltern oder Vor¬
1970 2804 2885 2858 fahren derer, die der Winter nur noch in die
1965 2845 2887 2896 Berge zieht, die den Schnee suchen und Mimosen
1965 2893 2882 2944 ungesehen verblühen lassen. Jene Generation, die
1967 2933 2882 2986 so manche Errungenschaft verwirkte, aber nie¬
1965 2980 2881 3027 mals aufhört, ihre Unschuld an den grauenhaften
1968 3019 2875 3070 Geschehnissen zu beteuern, welche sie jedenfalls
1959 3058 2881 3123 durch keine Großtat verhindert hat, schickt noch
1968 3108 2876 3162 immer ihre Vertreter an den milden Strand, wo
1953 3153 2875 3213 der Frühling schneller bereit ist, seine Schätze
1953 3204 2879 3255 abzuladen. Ein Wiener aus solchen Tagen, deren
1968 3237 2876 3289 friedliche Geborgenheit uns Heutigen, selbst wenn
1953 3289 2875 3342 wir sie erleben durften, fast unwahrscheinlich
1959 3324 2873 3396 vorkommt, ist kürzlich dort unten im Süden er¬
1962 3369 2873 3417 loschen, gerade an dem Ort, der zuerst vor den
1956 3417 2873 3469 andern Landschaften sich hinzubreiten scheint in
1956 3451 2870 3504 die nahende Sonne, in der provinziell anmuten¬
1952 3504 2867 3558 den schönen Kleinstadt der französischen Riviera
1968 3546 2876 3600 — in Mentone. Er hat einmal zu Wiens
1959 3582 2869 3644 jeunesse dorée gehört. Aus altem Patrizierhaus,
1953 3635 2867 3683 berechtigte er wohl zu Hoffnungen und benahm
1962 3674 2873 3732 sich auch so, obgleich niemand zu sagen gewußt
1956 3719 2878 3777 hätte, welche Erfüllung von ihm erwartet wurde.
1962 3764 2869 3809 Immerhin hat ihn der große Dichter Arthur
1953 3803 2867 3855 Schnitzler, zuerst sein Schulkamerad, später
1923 3849 2861 3894 der Freund seines ältern Bruders und bewun¬
1950 3893 2864 3942 derter Zeitgenosse, zu einem Vorbild erwählt.
1953 3930 2864 3981 Nach diesem blendenden jungen Lebenskünstler
1953 3977 2860 4044 formte der östereichische Dichter seinen „Anatol“
1991 4023 2864 4097 Der im Süden einsam Entschlafene muß einen
1959 4095 2873 4139 legitimen Zauber auf seine Umwelt ausgeübt
2900 177 3255 278 box 9/5
