3436 4352
1358 172 1712 262 box 8/4
913 178 1159 273 Zyklu-
241 167 873 298 4.9. Anatol-
944 824 1205 947 100
546 1016 1558 1133 Deutsches Volkstheater. Zum ersten Male:
398 1090 1533 1177 „Anatol. Fünf Einakter von Artur Schnitzler
464 1137 1553 1225 Die Büsten von Grillparzer, Schiller und Lessing und
398 1180 1541 1271 auf der Stirnseite dieses Theaters aufgestellt, das den
398 1219 1561 1319 stolzen Ehrennamen „Deutsches Volkstheater trägt. Aber
411 1334 1553 1395 der Geist, der in diesem Spielhause herrscht und ent¬
422 1380 1552 1454 scheidet, schwenkt ab und zu ganz auffallend von den
418 1424 1555 1492 Wegen dieser drei ab. Ich kann mit allerbestem Willen
418 1477 1553 1538 nicht einsehen, was so flatterleichte, frivole Unterhaltung,
411 1510 1549 1580 wie die heutigen Einakter in einem Theaterfür das „deutsche
414 1563 1549 1630 Volk zu suchen hat. Trotz der gestickten Komposition etlicher
411 1598 1561 1656 Situationen, trotz allerhand hübscher Ideen, trotz der prickeln¬
421 1650 1553 1713 den Abwechslung, mit der ein stets wechselnder Reisen von
418 1690 1553 1755 Choristinnen, Modistinnen, Zirkusreiterinnen, Salondamen
422 1733 1550 1804 und Dutzenden ähnlicher Gestalten aus der großen und
416 1774 787 1839 kleinen Welt um
933 1787 1547 1851 berkünstler Anatol herumtanzt;
418 1822 919 1885 trotz des bald ernsten hal=
953 1833 1549 1891 brutalen, bald melancholischen,
418 1863 1073 1920 bald burlesken Grundiones in
1108 1887 1503 1948 in einzelnen Szenen
421 1916 1543 1972 ron alledem gähnt eine eintönige Leere, eine tiefinnere
416 1959 1025 2014 Hohlbe aus jedem einzelnen
1239 1963 1556 2025 ter wie aus
419 1966 1136 2069 dem Gesamteindruck des Abends. Es
1251 2011 1549 2075 mer wieder nur
416 2043 1094 2106 das Weib, das Weib, das Weib
1286 2055 1546 2111 ob es kein
407 2085 1259 2149 anderes Lebensmotiv gäbe! Im ersten
422 2128 1285 2200 Frage an das Schicksal, versetzt
1317 2126 1440 2203 nale
414 2175 1458 2246 Liebchen Cora in hypnotischen Slaf, um so zu erfragen,
407 2215 1540 2290 sie ihm wach gewiß nie verriete: ob sie ihn nur allein liebt. Aber
408 2267 1544 2332 er schreckt dann doch vor der Gewißheit zurück und weckt
411 2306 1540 2370 sie, ohne zu fragen. Freilich, sie verrät sich dann selbst
405 2347 1142 2413 durch die ängstliche Frage: Habe
1257 2359 1537 2419 das Unrechtes
414 2398 1540 2467 gesagt? — Der zweite Akt, „Weihnachts einkäufe,
408 2442 1541 2504 spielt am Bescherungsabend auf der Straße im Schnee,
407 2479 1540 2553 ein Gespräch zwischen Anatol und einer Dame der großen
402 2520 1543 2590 Gesellschaft; Thema: das Vorstadtmädel, das unbekümmert
405 2562 1533 2633 liebt, wenn sie mag, und die vornehme Dame, die zu schwach
402 2611 1546 2668 ist, ihrer Liebe zu leben. — Das „Abschieds¬
418 2669 1540 2718 souper führt uns in eine Chambre particulière, wo
401 2703 1537 2766 sich Anatol und die Choristin Annie frank und frei die
402 2754 1540 2800 „Liebe kündigen, weil sie einander satt sind und sich ander¬
393 2798 1530 2850 weitig verliebt haben. — Die „Episode", übrigens
393 2829 1530 2890 wohl das beste und relativ gehaltsvollste der fünf
401 2878 1537 2947 Stückchen, führt Anatol bei einem Freunde zufällig
391 2926 1537 2998 mit Bianca, der Zirkuskünstlerin, zusammen, die
398 2966 1533 3029 ihm vor Jahren einmal, so glaubt er, ihre
399 3015 1530 3076 ganze Seele schenkte. Und jetzt — sie erkannte ihn nicht
387 3064 1538 3116 einmal wieder. Der letzte Einakter, „Anatols Hoch¬
387 3104 1529 3161 zeits morgen", spielt wieder in Anatols Wohnung:
393 3147 1530 3202 Heute ist seine Hochzeit aber die schöne Ilona, die er vom
394 3184 1529 3247 Maskenball der letzten Naht mitgebracht, will ihn nicht
399 3225 1527 3286 fortlassen. Er muß sich fast gewaltsam losreißen. Aber
404 3273 1533 3340 Freund Max tröstet die unglückliche Ilona: Anatol wird
402 3325 1533 3380 ja nach der Trauung wieder zu ihr kommen. Das ganze
399 3368 1530 3420 ist im günstigsten Falle als leicht, seichte, frivole Unter¬
393 3398 1535 3458 haltung zu bewerten. Amusement, sonst nichts. Die sorg¬
391 3443 1530 3515 fältige, verschwenderische Inszenierung ist viel mehr wert
396 3495 1532 3557 als die Stücke selbst. Herr Kramer spielte mit seiner
396 3534 1527 3597 bekannten Lebemannsroutine den Anatol; den Reigen der
388 3573 1537 3644 Cora, Gabriele, Annie, Bianca und Ilona gaben die
387 3612 1524 3689 Damen Hannemann, Reinan, Glöckner,
387 3670 1524 3727 Müller und Galafres, jede ihre Rolle typisch
387 3705 594 3788 gestaltend.
1257 3719 1463 3790 Dr. W
2266 725 2611 807 Konkordiaplatz 4
1946 838 2206 944 1. 1910
2405 904 2883 1005 Wiener Journal
1920 1013 3029 1114 (Deutsches Volkstheater.) Anatol, das ist die
1805 1094 3027 1165 Jugend. Das ist das süße Mädel. Das sind die kleinen, wichtigen
1799 1137 3019 1233 Nichtigkeiten. Die erste Liebelet / die erste Wehmut, die erste
1808 1183 3022 1263 schmerzliche Enttäuschung, die Heiterkeit des Genießens, die süße
1802 1234 3027 1308 Torheit und der skeptische Leichtsinn. Anatol: das ist der Blüten¬
1811 1280 3032 1363 staub, der über jungwienerischer Dichtung schimmerte, das Muster
1808 1331 3029 1415 einer literarischen Gattung, die mit Worten und Empfindungen
1802 1386 3030 1455 tändelte, Worte und Empfindungen mit einander ver¬
1802 1429 3030 1523 wechselte, sich in Spöttellust verlor. Artur Schnitzler hat
1805 1471 3029 1549 diesen Reigen geführt und hält jetzt längst schon
1802 1527 3032 1586 bei den Dämmerseelen. Aber man ist immer noch mit Vergnügen
1808 1575 3029 1642 und Interesse dabei, wenn die Marksteine auf Anatols Liebes¬
1811 1622 3019 1692 wegen aufgerichtet werden. Wenn er die „Frage an das Schicksal
1814 1662 3035 1747 stellen kann, indem er die süße Cora in hypnotischen Schlaf ver¬
1817 1722 3030 1799 setzt, um zu erfahren, ob sie ihm auch treu ist. Er fragt dennoch
1814 1768 3038 1842 nicht, weil ihm die Illusion, der Zweifel lieber ist als die
1814 1827 3039 1883 Wahrheit. Oder wenn Anatol „Weihnachtseinkäufe" macht, der
1814 1871 3036 1943 schönen mondainen Bekannten von seinem Mädel in der Vorstadt
1817 1911 3041 1986 vorschwärmt und in ihr die Sehnsucht nach dem Glück
2746 1959 3038 2026 Anatol beim
1817 1983 2686 2035 im Winkel wachruft. Oder wenn
1824 2014 3052 2086 „Abschiedssouper hält, um sich mit seiner kleinen Ballettratte
1824 2057 3044 2140 für immer auseinanderzusetzen, wobei sie ihm zuvorkommt und ihm
1817 2108 3041 2195 zuerst den Abschied gibt. Oder wenn Anatol wieder einmal eine
1827 2167 3050 2232 „Episode" hinter sich hat, in der Erinnerung einer flüchtigen
1814 2206 3044 2275 Liebesstunde schwelgt, die sicher auch für jene Holde unvergeßlich
1821 2260 3042 2329 sein muß, während dieses brave Geschöpf an der schrecklichsten
1827 2304 3047 2370 Gedächtnisschwäche leidet. Oder wenn die Süßigkeiten des kleinen
1821 2358 3045 2425 Verhältnisses ein vorläufiges Ende nehmen, „Anatols Hochzeits¬
1824 2395 3045 2465 morgen" heranbricht und im Nebenzimmer die ahnungslose
1827 2442 3047 2527 Freundin Ilona die letzte Junggesellenfreiheit markiert. Das
1821 2488 3049 2551 ist der Anatol, der süße Bub, mit dem wienerisch-romantischen
1830 2542 3045 2611 Einschlag, der so wehmütig lustig durchs Leben schreitet, so im
1830 2596 3050 2657 Dreivierteltakt die Freuden kostet, und bei seinem kühlen Freunde
1821 2643 3052 2708 Max immer so wenig Verständnis für die Illusionen einer kost¬
1785 2694 3009 2803 lichen Jugend findet. Es ist nicht Schnitzlers Schuld, daß die
1785 2772 3007 2852 Stimmungen, die er heraufbeschwört, der Witz und die Lyrik nicht
1788 2818 3010 2900 mehr so unmittelbaren Reiz haben; man hat ihn zu viel kopiert, at
1793 2869 3010 2947 die kleinen Goldmünzen, die er ausstreute, inzwischen zur gangbaren
1799 2918 3001 2996 Scheidemünze gemacht. Aber die kleinen Anatol-Einakter wirken noch
1793 2964 3009 3042 immer und sind auch gestern dankbar begrüßt worden. Herr
1793 3022 3018 3088 Kramer als der sentimentale Lebejüngling mischte der Figur zwar
1796 3062 3016 3136 ein bißchen viel Reiffe bei, aber in den fröhlichen Momenten hatte
1802 3116 3018 3190 seine sicher treffende schauspielerische Fertigkeit das Wesen der
1801 3153 3024 3230 Dinge rasch beleuchtet und erschöpft. Von dem Max des Herrn
1793 3205 3021 3288 Lackner ging jene beabsichtigte kalte Heiterkeit aus, die dem not¬
1799 3251 3013 3332 wendigen Wurstigkeitsgefühl entsprach. Im „Abschiedssouper
1807 3308 3029 3380 stellte Frau Glöckner die Annie vergnügt, wenn auch ein wenig
1799 3346 3027 3432 scharf dar, in den „Weihnachtseinkäufen" war Fräulein Reinau
1796 3400 3029 3468 eigentlich mehr süßes Mädel als mondaine Dame, und in
1808 3440 3029 3526 „Anatols Hochzeitsmorgen" vertrat Frau Galafres geschickt die
1805 3489 3033 3567 lärmende weibliche Lustigkeit. Der große Beifall, der den einzelnen
1805 3540 3038 3620 Stückchen folgte, rief auch Artur Schnitzler wiederholt vor den
2866 3587 2953 3656 he¬
1804 3610 1988 3681 Vorhang.
