3248 4224
79 183 474 292 4.9. Ana
563 181 1017 295 Zyklus
0 1059 1269 1160 arine¬ Mächten in Schange, gut ge¬
150 1165 1277 1248 wenn sie auf roten Stelzchen ihre Gefühlchen zerpflückten. Es
14 1196 110 1250 is
148 1231 906 1315 waren Schäferszenen in Gasbeleuchtung.
8 1239 110 1302 der
241 1236 1275 1332 So werden sie jetzt auch im Akademietheater vorgestellt,
17 1291 109 1343 einer
153 1316 1274 1381 absichtlich entrückt, ja noch etwas entrückter, als sie tatsäch¬
153 1363 1277 1430 lich sind, mehr achtziger als neunziger Jahre des vorigen
156 1409 1278 1474 Jahrhunderts und von einer Musik umwoben, die sie mit
153 1467 1280 1534 goldenen Fäden noch weiter in den Hintergrund der Zeiten
161 1504 1281 1568 zurückzieht. Bevor der Vorhang zum erstenmal sich teilt, sitzt
162 1553 1277 1627 schon Aslan als Anatol halbabgewandt da und spricht mit
153 1601 1283 1658 einem mokanten Seitenblick ins Publikum von heute den
153 1642 1278 1706 Prolog, wie vor sich hinträumend, als ersänne er ihn eben.
154 1690 1277 1754 Dann schwebt der Vorhang auseinander, Anatol wendet das
158 1735 1283 1803 Gesicht nach rechts und ohne daß er aufstünde oder seine
153 1789 1274 1851 Stellung veränderte, beginnt er mit dem ihm schräg gegen¬
154 1828 1281 1899 übersitzenden Max zu sprechen. Das ist hübsch erfunden
161 1876 1286 1953 und aus dem Material heraus. Nennt doch Cora gleich im
38 1892 115 1955 gen¬
164 1923 1281 1991 ersten Stück Anatol ihren „kleinen Dichter, mit dieser Be¬
20 1939 115 1994 deine
156 1970 1285 2043 nennung auch dem Darsteller die einzuschlagende Richtung
19 1983 115 2049 in
158 2024 1281 2079 weisend. Die halb literarische Abkunft dieses Wiener Haus¬
20 2033 126 2089 von
153 2068 1289 2133 herrnsohnes unserer l'art-pour-l'art Epoche wird damit be¬
14 2076 117 2141 Träne
156 2114 1285 2191 segelt, und der jüngste Darsteller des Anatol, gerade weil er
17 2126 121 2182 er sie
158 2156 1288 2221 der jüngste nicht mehr, drückt das Siegel seines klugen
17 2167 121 2224 merkt
161 2208 1291 2267 Kopfes ins erwärmte Wachs. Er bleibt seinem „leichtsinnigen
17 2219 106 2271 lett!
164 2252 1293 2314 Melancholiker, als welchen Anatol sich selbst definiert, nichts
38 2257 125 2319 die
164 2301 1289 2371 schuldig, am wenigsten die Melancholie. Leichtsinniger und
158 2356 1293 2409 elementarer mutet das weibliche Personal dieser Szenenreihe
167 2401 1289 2465 an, am elementarsten die resolute Annie in dem übermütigen
170 2442 1296 2520 Abschiedssouper, bei der so wie Alma Seidler dies
170 2483 1293 2550 Gestalichen hinstellt, gar kein ungelöster literarischer Rest
170 2536 1288 2596 bleibt, alles in zündendes Leben sich verwandelt. Darauf
167 2593 1296 2647 konnte man freilich gefaßt sein, denn wo gäbe es heute eine
164 2626 1297 2684 natürlichere Wiener Anmut, einen unverstellteren Wiener
164 2676 1297 2732 Humor, als im künstlerischen Haushalt dieser wahrhaft
164 2725 1291 2803 bodenständigen Schauspielerin, die ganz das Zeug hat, so
175 2771 1291 2834 etwas wie ein weiblicher Girardi zu werden. Ueberraschender
173 2815 1294 2878 wirkte schon das Hervortreten der Frau Johannsen, die
177 2866 1294 2944 sich einzuwienern beginnt Ihre Ilona in dem letzten Stückchen
235 2910 1291 2974 „Anatols Hochzeitsmorgen" — ist trotz ihres ungarischen
180 2954 1294 3019 Vornamens eine Wiener Lebedame, und daß sie dabei und
173 3004 1300 3083 trotz der nicht eben damenhaften Situation eine Dame ist,
1195 173 1560 277 box 9/4
1871 1091 2924 1198 Das Telegramm ist vom Außenminister Lowenkan
1791 1165 1992 1239 gezeichnet.
1794 1258 2913 1322 kommt dem kleinen Stück äußerst zu statten. Schnitzler selbst
1797 1297 2918 1370 hat es keineswegs geliebt. Aber geliebt oder nicht, es ist doch
1797 1349 2924 1415 dasjenige unter den fünfen, das am meisten Stück
1794 1404 2929 1467 ist, wenn auch mehr Schwank als Lustspiel. Die
1794 1438 2927 1518 anderen sind Proverbs, lockere oder empfindsame Szenen,
1797 1488 2922 1564 und die am wenigsten lockere, empfindsamste: „Weih¬
1797 1532 2924 1609 nachtseinkäufe, ist die bezauberndste von allen. Wenn
1794 1581 2924 1647 es ein Seitenstück zum Walzer „An der schönen blauen
1802 1624 2924 1699 Donau“ in unserer Literatur gibt, so ist es diese
1808 1671 2926 1748 schwebende Szene: Geschichte eines zärtlichen Frauenherzens,
1802 1731 2926 1789 das sich aus der Innern Stadt in die Vorstadt, aus der
1800 1765 2924 1843 Tugend in die Liebe sehnt, aber eben nur sehnt, nichts weiter.
1805 1819 2926 1887 Frau Mayen drückt diese Sehnsucht reizend aus, im
1802 1860 2922 1928 übrigen bleibt sie eine etwas verschwommene „Mondänne",
1800 1903 2924 1977 vielleicht, weil sie, auf Wunsch des Spielleiters Herterich
1802 1969 2929 2025 die Wienerin allzu geflissentlich betont. Das gleiche gilt von
1805 2014 2933 2076 der Cora der Frau Dreger und von dem Max des jungen
1803 2052 2924 2128 Herrn Reimers, der, von den Apachen, die er für ge¬
1802 2111 2932 2175 wöhnlich spielt, zu den Lebemännern kommend, im Anfang
1813 2148 2932 2211 einen wahren Thury-Dialekt spricht, sich aber dann gegen
1814 2191 2932 2257 den Schluß hin immer mehr ins Gesellschaftliche hinüber¬
1821 2251 2937 2317 spielt. Vollendet in einer winzigen Rolle ist Frau Mar¬
1805 2284 2938 2347 berg, obwohl, oder weil sie spricht wie sie spricht, ohne den
1803 2334 2941 2410 wienerischen Grundton allzu ängstlich zu betonen. Er wird im
1808 2388 2943 2451 allg einen etwas krampfhaft festgehalten, obschon keine
1814 2434 2938 2492 Gefahr besteht, daß man Schnitzler in Wien für einen Aus¬
1817 2476 2940 2539 länder hält. Einmal, in einem bewegten Augenblick, sagt
1817 2524 2943 2580 Anatol sogar „Dulli", um den Dialog in einem, wie der
1817 2565 2940 2645 Spielleiter geglaubt haben mag, zeitgemäßen Sinne auf¬
1816 2615 2940 2688 zufrischen. Allein dieses Heurigenwort hat mit der Anatol¬
1819 2659 2946 2735 Welt ungefähr ebenso viel zu tun wie das Tonfilm=Wien
1817 2706 2944 2782 mit dem wirklichen. Es verschwinde und damit der einzige
1824 2760 2944 2834 Fleck auf der sonst geschmackvoll gehaltenen, sauberen Auf¬
1830 2799 2940 2872 führung, die, freudigst aufgenommen, zahlreiche Wieder¬
1825 2847 2941 2916 holungen verspricht. Wir buchen sie als eine Anzahlung auf
1824 2908 2946 2967 die schwebende Schuld eines größeren Schnitzler=Stückes,
1822 2944 2951 3009 etwa des „Jungen Medardus, und schreiben einstweilen dem
1827 2992 2941 3060 Burgtheater gut, was es seinem Dichter verdankt. Es ist
2349 3048 2927 3118 Raoul Auernheimer.
1824 3050 2052 3132 nicht wenig.
