3436 4256
312 176 1310 308 4.9. Anatol - Zyklus
680 647 1130 734 Wellenangabe ohne Gewinn
366 732 784 815 Ausschnitt aus:
790 686 1448 878 resurger Tagblatt
373 801 804 896 vom 18 1. 1913
392 976 1313 1097 Theater, Musik und Kunst.
475 1076 1359 1168 „Anatol." Lustspiel in 5 Bildern von Ar¬
358 1154 1366 1224 thur Schnitzler, übersetzt von L. Biro und
368 1197 1369 1273 E. Goldr. Dieses Werk, welches vor eini¬
365 1250 1363 1325 gen Jahren in den meisten großen Städten
360 1294 1369 1372 mit ziemlichen Erfolg gegeben wurde, besteht
360 1336 1366 1409 eigentlich aus fünf inhaltlich lose zusammen¬
361 1392 1366 1465 hängenden dramatischen Bildern, eine Art
360 1443 1369 1506 dramatisiert: Novellen, wie man sie derzeit
357 1480 1369 1555 häufig als Einakter in Orpheums und Kaba¬
351 1552 1363 1618 retts zu sehen bekommt. Diesen fünf Geschich¬
356 1581 1363 1653 ten verleiht die Einheit des Helden und eine
351 1645 1359 1709 gewisse Auffassung der Liebe den Zusammen¬
357 1682 1362 1749 hang Als Drama kann dieses Werk daher
351 1729 1359 1801 nicht in Betracht kommen. Auch sonst ist an den
346 1776 1358 1858 einzelnen Bildern, was die dramatisch-techni¬
362 1822 1358 1887 sche Seite derselben anbelangt, nichts Besonde¬
357 1883 1359 1950 res. Mit etwas gutem Willen könnte man so
356 1925 1351 2001 manchen Feuilleton auf dieser Weise „dramati¬
357 1968 1359 2047 sieren“. Der Erfolg wird aber durch den schlag¬
361 2021 1357 2092 fertigen Dialog und die geschickt zugespitzte
357 2070 1362 2128 Pointe gesichert. Was nun den gewissen Grund¬
356 2122 1357 2199 gedanken anbelangt, welcher durch die fünf
346 2159 1354 2243 Bilder hindurchzieht, müssen wir leider konsta¬
347 2214 1343 2276 tieren, daß derselbe der Ausfluß der modernen
349 2256 1357 2332 von den Franzosen importierten Moral=Phi¬
353 2311 1358 2366 losophie ist, deren Alfa und Omega der Ehe¬
353 2353 1354 2418 bruch ist. Das Werk zeigt uns das großstädti¬
346 2400 1354 2477 sche Liebesleben mit seiner laxen Auffassung
349 2452 1351 2522 der Moral, mit all seiner Leichtsinnigkeit und
345 2503 1351 2560 Oberflächlichkeit. Daß Schnitzler dieser Le¬
347 2545 1351 2619 bensauffassung nahe treten und in ihre Tiefen
350 2594 1350 2667 dringen will, daß wäre anerkennenswert,
341 2638 1352 2719 denn die Erkenntnis der Erscheinungen bahnt
342 2690 1354 2771 die Möglichkeit einer Heilung. Doch dieses Le¬
341 2740 1352 2817 ben hat keine Niefe; es besitzt nur die Dimen¬
350 2788 1350 2865 sionen der trostlosen Oberflächlichkeit, die in den
347 2840 1343 2913 Sumpf des Lebens führt. So bewegt sich der
343 2880 1348 2963 Geist und der Witz des Verfassers sehr auf der
335 2944 1354 3011 Oberfläche, und wenn man das Theater verlas¬
347 2980 1343 3044 sen hat, so bleibt als geistiger Gewinn Null.
347 3033 1350 3100 Die Vorstellung war sorgfältig vorbereitet und
343 3076 1343 3156 trug zum Erfolg des Stückes seinen Teil be¬
342 3126 1348 3205 Die Titelrolle lag in den Händen des Herrn
343 3178 1348 3249 Gözon, der total verkühlt war, welchem Um¬
346 3223 1350 3293 stande wir die etwas monotone Ausarbeitung
339 3277 1346 3339 der Rolle zuschreiben wollen Herr Ladenyi
335 3320 1348 3402 als Neo-Mephisto bemeistert seine Rolle mit
361 3400 1376 3480 der von ihm gewohnten Routine. Von den
366 3454 1373 3545 Tamen hatte besonders Frau Harmath
366 3509 1369 3587 einen schönen Erfolg. Auch die Damen Ne¬
362 3562 1373 3638 mes, Sandor und Gergely bemühten
364 3599 1377 3672 sich erfolgreich). — Die Regie war tadellos.
358 3651 1374 3743 Manchmal ließ sich der Soufleur unangenehm
361 3703 1285 3810 vernehmen. Das Haus war mäßig besetzt.
1188 3736 1389 3855 E.
1430 196 1778 301 box 9/
2095 1060 2563 1128 (quenenangabe ohne Gewahr.
2103 1121 2193 1224 :
1801 1136 2077 1213 Ausschnitt
2221 1110 2813 1276 Pressburger Zeitung
1805 1251 1945 1306 vor:
2053 1236 2314 1328 18 u. 1913.
2233 1324 2481 1426 healer.
2236 1417 2448 1504 „Anatol".
1889 1465 2881 1564 Spät aber doch! Das Stück ist schon mehr als
1800 1541 2883 1605 zwanzig Jahre alt, das Erstlingswerk des nun so be¬
1791 1601 2885 1667 rühmten Dichters und erst jetzt seit zwei Jahren hat
1785 1651 2880 1716 es eine Rmaissance vollständig wieder in den Vor¬
1785 1690 2879 1768 dergrund gebracht. Hie und da erschienen wohl ein¬
1797 1750 2881 1812 zelne der für sich vollständig abgeschlossenen Szenen
1786 1797 2879 1857 auf der Bühne, so besonders unvergeßlich für uns
1787 1837 2874 1912 die Glöckner im „Abschiedssouper", aber den voll¬
1786 1886 2877 1958 kommenen, reizenden Gedanken geben uns erst alle
1796 1940 2873 2013 fünf Akte. Im Mittelpunkte Anatol, dessen Name
1782 1990 2873 2068 bereits Sinnbild des entsprechenden Charakters ge¬
1779 2050 2870 2098 worden ist; der liebe, flatterhafte, genießende Groß¬
1791 2085 2868 2158 stadtjüngling, dem die Wiener Note: eine leise Me¬
1779 2139 2866 2199 lancholie und ein subtiles Aesthetentum das Lokal¬
1780 2180 2868 2267 kolorit gibt. Neben ihm sein Freund, der skeptische
1776 2237 2870 2317 Räsonneur und um sie herum schwebt der eigen der
1774 2282 2862 2349 „süßen Mädel" schlank und blond, lieb und flatter¬
1775 2344 2853 2407 haft! Während die Freunde den Celloton des Wie¬
1776 2397 2853 2456 ner Gemüts ansetzen, tanzen die bunten und beschei¬
1765 2434 2855 2513 denen Schmetterlinge vorüber; ein jeder fesselt Blick
1765 2481 2862 2564 und Herz für eine Sekunde, um dann im großen
1761 2527 2858 2598 Traumlande des Andenkens oder der Vergessenheit
1772 2589 2850 2665 zu entschwinden. Diese kleinen Bilder sind vielleicht
1760 2647 2850 2714 mehr oder minder wahr, aber sie haben eine satte,
1763 2682 2850 2761 warme Farbe, sie sind hübsch! Zur Vervollständig¬
1761 2728 2850 2797 ung gehört dann noch die „Liebelei", wie sie uns
1763 2784 2847 2873 Karoline Medelsky vorspielte: das tändelnde Spiel
1760 2838 2731 2906 greift oft zu tief in die Saite, daß sie springt!
1852 2890 2850 2958 Das Schnitzler'sche Stück wurde gestern in
1757 2937 2853 3008 einer ungemein liebevollen, sauberen Inszenierung
1764 2985 2842 3050 gegeben: das intime Milieu war in den meisten Fäl¬
1759 3030 2847 3106 len bereits durch die Dekoration gegeben. Herrn
1752 3071 2847 3163 Gozon lag die still meditierende, melancholische
1748 3119 2838 3205 Rolle des Anatol vorzüglich; er hat hier eine seiner
1763 3177 2838 3252 schönsten Leistungen geboten. Auch die Damen wa¬
1753 3240 2840 3307 ren nicht nur als Bilder hübsch, sondern schwatzten
1745 3279 2839 3361 und kicherten so süß, wie sie eben sein sollten! Dey
1753 3330 2835 3396 größte Teil des Publikums nahm den Leckerbissen
1753 3380 2825 3460 sehr dankbar auf, ein — kleiner Teil schien nur die
1737 3426 2523 3487 derbere Hausmannskost vorzuziehen.
2574 3435 2792 3504 — hm. L.
