3484 4256
341 117 1392 170 Geschik und einer kleinen verlogenen Wollust vor sich
353 158 1392 209 selbst posiert. Ein bißchen weichliche Schwermut aus
341 201 1394 261 dem Klubsessel heraus, Melancholien eines Flaneurs,
347 242 1398 300 Entzückungen eines Aestheten vom Ringstraßenkorso.
344 285 1395 348 Kokette Selbstironien und sanfter Skeptizismus, Feinheit
341 336 1400 383 ohne Tiefe, Geist ohne Ernst, Humor ohne Herz. Kein
344 371 1400 438 Mut zu sich selbst, aber viel Wohlbehagen an der eigenen
348 417 1395 483 Kompliziertheit und allen Entscheidungen gegenüber ver¬
353 471 1398 518 zagt. Immer wird ihm der Mut fehlen, die „Frage an
348 512 1395 582 das Schicksal zu stellen. Das ist der Typus, den
347 553 1160 603 Schnitzler in seinem Anatol geschaffen hat.
386 598 1395 656 Fünf Episoden voll Geist und Witz und einer hell¬
350 635 1394 694 sichtigen, seinen Psychologie, die wie etwas ganz Selbst¬
347 688 1394 738 verständliches zu der liebenswürdig leichten Ware und
348 729 1395 794 ihrer lächelnden Ironie zugewogen wird. Diese fünf
350 776 1391 830 geistreichen, fein und graziös pointierten Szenen ver
347 821 1406 868 langen auf der Bühne ihren eigenen Stil, den man
353 864 1404 917 vielleicht am besten mit den Worten Intimität und
347 901 1398 965 Leichtigkeit andeuten kann. Daß der Spielleiter des
356 951 1401 1011 Abends, Herr Dr. Thumser, auf beides Wert legte,
361 992 1398 1056 soll gern anerkannt werden. So war es eine vor¬
347 1039 1398 1092 treffliche Idee, eine kleine Bühne auf der großen Bühne
356 1080 1401 1133 zu errichten und in den einzelnen Szenen nur den kleinen
356 1129 1400 1182 Ausschnitt eines Zimmerwinkels zu geben. Dadurch
356 1167 1404 1220 wurde eine traulich intime Wirkung geschaffen, die den
356 1214 1385 1273 Szenen, mit Ausnahme der einen „Weihnachtseinkäufe
347 1251 1407 1321 sehr gut zu statten kam. Weniger berechtigt, oder um
350 1304 1404 1360 es deutlicher zu sagen, ganz verfehlt ist aber der Ge¬
359 1345 1403 1401 danke, die Auftritte und Abgänge der einzelnen Per¬
362 1392 1401 1441 sonen über die große Bühne und die Stufen zur Welt
353 1438 1404 1486 der kleinen Bühne erfolgen zu lassen. Die Intimität
353 1482 1404 1541 und das Geschlossene des Gesamteindrucks wurde dadurch
355 1523 1407 1585 immer wieder durchbrochen. Das Streben, etwas ganz
353 1562 1407 1626 Originelles geben zu wollen, hat hier zu einer Unreinheit
353 1606 1404 1665 des Stiles geführt, die schon deswegen bedauerlich ist,
359 1657 1407 1713 weil sonst wirklich Vortreffliches zustande kam. Mit
353 1698 1404 1757 Ausnahme der Weihnachtseinkäufe, die in dieser Art der
356 1744 1404 1791 Szenengestaltung eigentlich unmöglich sind. Weihnachts¬
356 1785 1409 1848 abend 6 Uhr. — In den Straßen Wiens, schreibt
356 1835 1415 1891 Schnitzler vor. Wir hatten zu beiden Seiten der Bühne
353 1880 1404 1932 graue Vorhänge und im Hintergrunde die kleine Bühne,
355 1921 1404 1968 hinter deren Vorhang die Lichter eines Weihnachtsbaumes
358 1968 1410 2013 schimmerten. Davor gehen Anatol und Gabriele mit
356 2013 1404 2060 Weihnachtspäckchen beladen auf und ab, bis Gabriele
353 2045 1407 2107 durch die Vorhänge der rechten Seite einen Wagen
356 2100 1410 2151 besteigt, dessen Heranfahren zu allem Ueberfluß und
362 2139 1407 2195 gegen jedes Stilgefühl noch naturalistisch nachgeahmt
365 2189 1410 2248 wurde. Und die ganze Szene ist mit ein paar einfachen
362 2233 1417 2298 Mitteln so hübsch und stimmungsvoll zu gestalten. Der
359 2272 1362 2330 kleine Raum der übrigen Szenen war sehr gut gestellt.
406 2319 1412 2371 Den Anatol gab in den fünf Szenen Herr Dr. Ger¬
362 2365 1410 2418 hardt mit liebenswürdigster Natürlichkeit und vielen
365 2407 1410 2460 seinen Beobachtungen in der Charaktergestaltung. Nur
353 2454 1412 2512 in Anatols Hochzeitsmorgen dürfte er etwas weniger
362 2494 1410 2542 burlesk sein. Die Damen Mayen. Köck, v. Emme¬
353 2536 1412 2597 ring und Kennedy gaben in ihren Rollen Aus¬
365 2588 1413 2638 gezeichnetes. Das liebe Wiener Mädel Cora, die degagierte
359 2632 1418 2683 Zirkuskünstlerin Bianka, die Brollige Annie und die
358 2674 1410 2724 temperamentvolle Ilona können nicht besser gestaltet
362 2721 1417 2771 werden, als am Mittwoch gelang. Frl. Schuhmann
359 2762 1418 2816 versagte. Herr Dr. Thumser sollte seiner Neigung
362 2809 1407 2860 zu unterstrichenen Pointen weniger nachgeben, sein Max
362 2851 1410 2901 würde dann diskreter wirken und eine gute Leistung sein.
371 2894 1415 2944 Zur Einleitung gab man Hofmannsthals anmutig müden
362 2941 1410 2992 Prolog, der von Frl. Kröck, Frl. v. Emmering
359 2982 1410 3030 und Herrn Hadank sehr hübsch gesprochen wurde.
362 3025 1417 3088 Die Musik hinter der Szene war laut und eher lästig
359 3072 798 3135 als stimmungsfördernd.
412 3107 1418 3163 Wenn man auch da und dort gegen Einzelheiten Ein¬
362 3157 1421 3213 wände erheben muß, der Gesamtendruck des Abends
365 3204 1420 3257 war doch so, daß der Geist der Anatol-Szenen, dieser
368 3250 1427 3307 feine, fazettierte, witzige, ein wenig lässige und resignierte
365 3291 1424 3336 Geist fast überall lebendig wurde. Und das ist ein
359 3336 1426 3395 künstlerisches Ergebnis, das man gern und freudig
362 3381 479 3447 bucht.
2450 121 2768 192 Ausschnitt aus
2224 253 2812 361 Leipziger Volkszeitung
2392 435 2660 541 30. 1219
1976 577 3101 662 Schauspielhaus (Anatol. Es ist gut, daß wir jetzt in
1904 642 3101 708 Schauspielhaus fünf Bilder aus Schnitzlers Szenenbündel
1907 683 3103 742 Anatol zu sehen bekommen, nachdem wir jüngst im Stadttheater
1904 718 3103 779 Das weite Land erlebt haben. Wir sehen nun deutlich, auf welcher
1904 776 3104 815 Grundlage sich die nihilistische Psychologie des letzten Stücks ent¬
1910 798 3098 865 wickelt hat. Es liegt hier eine ganz folgerichtige Entwicklung vor
1904 850 3101 901 die ihr Interesse hat. Welches war der Reiz der Anatol-Szenen,
1913 877 3109 944 als sie vor etwa 20 Jahren erschienen und zunächst nur gelesen
1913 927 3103 982 wurden? Anatol war der junge Wiener Lebemann mit Kultur
1910 957 3107 1017 Nicht nur der mehr oder weniger elegante junge Lebemann, sondern
1916 1004 3106 1057 der frühreife Jüngling, der die Form beherrschte die ihm das Leben
1898 1042 3116 1103 heiterten Wiener Bürgertums auf den Lebensweg mit ab.
1935 1092 3128 1171 Frühreif, und deshalb von einer Bewußtheit im Genießen, die das
1932 1138 3128 1210 derbe Zupacken zerstörte, dafür aber ein Schwelgen in Stimmungen
1930 1186 3124 1241 und eine weiche Melancholie bescherte. Als „leichtsinniger Melan¬
1927 1236 3118 1292 choliker stellte sich der Typus Anatol vor, der halb nachdenklich,
1936 1264 3118 1330 halb genießerisch durchs Leben ging, halb frivol, halb weichherzig
1936 1300 3121 1364 Agonien und Episoden, nie Katastrophen und Tragödien erlebte.
1926 1341 3124 1412 Ein Mensch, der die Mittel dazu hatte, sich treiben zu lassen und mit
1927 1380 3121 1450 dem Leben geschmackvoll zu spielen. Und diese Jugend fühlte sich
1924 1430 3118 1489 als etwas Neues, noch nicht Dagewesenes, und Hugo von Hofmanns¬
1930 1460 3119 1532 thal fand in schönen, weichen, runden Versen die Formel für ihr
1926 1495 3119 1567 Wesen: „Wir habe, aus dem Leben, das wir leben, Ein Spiel ge¬
1923 1547 3119 1603 macht und unsre Wahrheit gleitet Mit unsrer Komödie durchen¬
1926 1582 3115 1641 ander Wie eines Taschenspielers hohle Becher“. O, sie kam sich sehr
1923 1621 3113 1691 interessant vor, diese goldne Jugend, und sie wurde nicht müde, nach
1927 1660 3118 1732 schönen Formeln für ihr Wesen und für die Episoden zu suchen, in
1923 1700 3121 1765 die sie ihr Leben zerstückte. Sie weiß sehr genau Bescheid über ihre
1923 1744 3112 1815 Art; aber sie hat auch noch den jugendlichen Leichtsinn, der ihr trotz
1920 1785 3116 1847 allem die Möglichkeit schafft zu genießen: die Jugendkraft, die sie
1915 1821 3112 1894 trotz allem haben, läßt die jungen Herren sich als Herren des Lebens
1918 1862 3115 1942 fühlen, sie fühlen sich als Menschen, die ihr eignes Leben formen, es
1913 1901 2550 1960 zu einem seinen Spiel umformen.
1992 1941 3121 2012 Aber man wird älter und mit der Jugendkraft schwindet die
1910 1986 3116 2045 Selbstherrlichkeit. Hieß es früher: „Wir haben aus dem Leben, das
1920 2030 3109 2086 wir leben, ein Spiel gemacht, so ist ihnen jetzt, als spiele etwas mit
1918 2063 3112 2136 ihnen ein Spiel. Eine geheimnisvolle Macht, mag sie Schicksal heißen
1912 2100 3109 2174 oder sonstwie, fühlt der kultivierte Genießer in sein Leben ein¬
1913 2144 3109 2219 greifen, und der sich ein überlegener Spieler dünkte, fühlt sich als
1913 2186 3104 2256 ein Spielzeug einer unentrinnbaren Macht. Das Spiel bleibt;
1910 2229 3107 2291 aber der Spieler wird zum Spielzeug, wird zur Marionette, die im
1906 2260 3106 2344 Leben hin und her geschoben wird. Junge Hure, alte Betschwester.
1920 2306 3101 2371 Junger Lebemann, alter Fatalist und Skeptiker. Das Leben der
1909 2353 3109 2416 Serie ist ein weites Land mit vielen Möglichkeiten, und niemand
1904 2398 3101 2457 weiß, welche Möglichkeit im nächsten Moment an die Reihe kommt;
1910 2427 3103 2497 denn etwas Unergründliches dirigiert, dem sich niemand widersetzen
1906 2468 3103 2544 kan. Wir gelangen zur nihilistischen Psychologie der Schnitzlerschen
1903 2504 3097 2604 Alterswerke. Keiner von Schnitzlers Altersgenossen ist zurzeit so
1903 2550 2559 2610 „alt" wie der Schöpfer des Anatol¬
1985 2582 3106 2656 Das sehen wir jetzt, und deshalb haben wir heute eine andre
1907 2616 3104 2694 Stellung zu den Anatolzenen als früher. Früher hörten wir nur
1904 2669 3091 2736 die Jugend aus ihnen heraus, heute sehen wir auch den Keim des
1904 2710 3094 2780 Alters. Und früher nahmen wir auch die Gestalt des „füßen
1907 2751 3094 2822 Mädels anders, die im Leben der Anatole eine große Rolle spielte.
1898 2788 3095 2853 Auch da sahen wir früher in erster Linie die Jugend und das ge¬
1903 2829 3092 2901 sunde, frohe Fühlen. Jetzt achten wir darauf, wer für das süße
1901 2871 3095 2935 Mädel schwärmt, wer es sich wie ein kleines Wunder von Frische
1901 2913 3094 2983 in Leben hineinstellt. Wir achten darauf, daß es Unfähigkeit
1904 2950 3088 3019 frischen Genießens ist, die Lebemannssehnsucht ist — wenn auch
1901 2992 3092 3053 freilich eine verfeinerte Lebemannssehnsucht —, die zu diesem Ge¬
1904 3033 3089 3095 schöpf betet und es zur Erfrischung braucht; die Gestalt will uns
1897 3072 2476 3141 öfter übel verschönt vorkommen.
1968 3110 3089 3182 Aber wenn wir auch anders zu Schnitzlers Jugendwerk stehen
1895 3142 3092 3207 als früher und wenn wir auch jetzt öfter eine merkwürdige Nüchtern¬
1895 3188 3088 3251 heit inmitten der Stimmungsschwelgerei, des Schwärmens und
1894 3225 3085 3298 Scherzens entdecken — der gute, leichtsinnige Melancholiker Anatol
1895 3285 3078 3335 mit seinem kühleren Freunde Max und seinen mehr oder wenigen
1895 3316 3085 3377 liebenswürdigen und seinen Damen und Mädels sei uns doch will¬
1892 3348 3085 3416 kommen. Denn das alles ist doch immerhin Jugend.) Aber unsre
1891 3395 3080 3459 Schauspieler sollten diese Plauderszenen mit einem gewissen Respekt
1898 3427 3083 3498 behandeln und mit Liebe, eben als Dokumente eines jugendlichen
1886 3474 3083 3536 Schaffens, das nun schon historisch geworden ist. Und sie sollten
1889 3516 3074 3571 an den Kulturkreis denken, aus dem die Szenen stammen, sollten nie
1889 3548 3075 3619 vergessen, daß diese jungen Herren, die frühgereift und zart und
1889 3597 3078 3662 traurig für böse Dinge hübsche Formeln fanden und ein halbes,
1883 3630 3080 3695 heimliches Empfinden kultivierten, eben eine besondre Vornehmtheit
1882 3669 3078 3742 hatten — nicht diese kalte, glatte Vornehmtheit, die sich langsam
1883 3709 3080 3775 und gewichtig und scharf gibt, sondern die leicht spielt und immer
1883 3748 3072 3827 dem Träumen nahe ist. Was Herr Wildenhain bot — von der un¬
1882 3794 3071 3860 möglichen, fatalen Figur des Herrn Leibelt gar nicht zu reden —,
1882 3839 3074 3897 war ein Anfang des Schaffens. Er muß noch aus dem korrekt Vor¬
1879 3871 3065 3945 nehmen herauskommen, in das spielerisch, träumerisch, melancholisch
1874 3916 3068 3971 Vornehme hinüber, und das kann ihm ja sicher noch gelingen, wenn
1876 3948 3072 4018 er nur daran mit aller Energie denkt, daß der Anatol ein lieber
1882 3986 3065 4077 Junge ist, daß man ihn unwillkürlich den guten, lieben Anatol (nicht
1877 4027 2338 4098 den feinen Anatol) nennt.
