3344 4256
169 143 714 231 4.9. Anatol
1295 139 1653 229 box 9/5
811 136 1125 249 Zyklus
843 1214 1945 1289 muten kann. Dieses Interesse schwindet in den nächsten
848 1269 1947 1330 Stücken immer mehr. Die lange Aufzählung seiner Lieb¬
850 1302 1949 1367 schaften und Liebeserlebnisse mit den Halbweltdamen in
845 1339 1938 1403 dem zweiten Stück „Episode langweilt das Publikum
845 1381 1945 1437 Die Schlußpointe, daß nur die Illusion glücklich macht
845 1427 1942 1477 und mit der Zerstörung der Illusion auch das Glück selbst
843 1456 1949 1521 zerstört wird, kehrt in dem vierten Stück, „Die Frage an
849 1495 1944 1559 das Schicksal, die uns eine hypnotische Seance vorführt,
848 1528 1948 1594 wieder. Für die Art von Glück, das Anatol mit seinen
852 1570 1938 1625 Damen „der kleinen Welt sucht, stimmt dies allerdings
849 1611 1942 1677 Das flotte Stückchen „Das Abschiedssouper ist von frü¬
843 1646 1578 1699 heren Aufführungen her schon bekannt
918 1679 1941 1741 Das letzte Stück, das derbste von allen, „Anatols Hoch¬
849 1714 1937 1778 zeitsmorgen", dem ein so böser Ruf vorausgegangen war,
849 1768 1940 1820 erzielte einen durchschlagenden — Heiterkeitserfolg. Das
849 1797 1938 1856 Publikum, das den sogenannten Helden des Zyklus über¬
849 1835 1933 1889 haupt nur von der komischen Seite nahm und sich über
841 1878 1933 1940 den (durch den Rotstift übrigens wohltuend gereinigten)
845 1916 1933 1967 Hochzeitsmorgen so köstlich amüsierte, würde uns wohl
848 1959 1936 2028 nicht ernst nehmen, wenn wir es glauben machen wollten,
839 1993 1610 2052 daß ein tieferer Sinn dahinter stecke.
920 2015 1937 2084 Inszeniert waren die fünf Stücke, die vier verschiedene
849 2052 1937 2118 Szenen erfordern, von Herrn Generaldirektor Dr. Eger
845 2094 1931 2165 mit seinem Verständnis für das Wiener Milieu, das sich
845 2142 1938 2195 in den entzückenden Einzelheiten und intimen Wirkungen
841 2173 1940 2241 der Interieurs kundgab. Auch gespielt wurde gut, wenn
848 2219 1940 2279 auch vielfach die Charakteristik hinter dem bloßen Dialog
843 2254 1936 2319 zurücktritt. Die beiden männlichen Rollen des Anatol
845 2293 1937 2348 und des Mar wurden von den Herren Ehre und
849 2329 1933 2383 Westermann gewandt und mit einer gewissen Dosis
839 2371 1937 2429 von Humor dargestellt: in die Rollen der eine Auswahl
841 2405 1930 2469 von den Geliebten Anatols darstellenden fünf Damen
839 2434 1936 2507 teilten sich ohne Eifersucht, wie die Damen eines Harems,
842 2478 1937 2544 Frl. Pils. Frl. Berka, Frl. Gothe, Frl v. Son¬
842 2524 1934 2569 nenthal und Frl. Alsen. Der Takt und die Zurück¬
837 2561 1936 2629 haltung, mit der diese Damen ihre Rollen spielten, seien
834 2594 1361 2668 besonders lobend anerkannt
2853 1206 3226 1319 le
2846 1408 3216 1529 Anna
3084 1500 3227 1572 nats
2915 1532 3226 1620 von Artur
2683 1583 3227 1664 Am Samstag aber durft
2609 1635 3224 1721 en und Vielgescholtenen von
2616 1703 3216 1763 Publikum eben, der sein
2636 1753 3212 1806 zu fragen. Das letztere
2595 1856 3220 1930 nicht sein sollten, wie sie aber v.
2594 1901 3227 1977 tag zur Aufführung gekomme
2594 1952 3202 2026 denen im Grunde jeder für
2596 1995 3221 2072 werden von einer bei Schnitzl
2590 2054 3231 2109 cholischen Erotik beherrscht, die
2594 2096 3220 2176 im ersten Stück „Weinacht
2587 2155 3224 2219 dem sich Anatol mit einer Fra
2594 2194 3220 2272 „nicht den Mut findet, ihn zu
2594 2249 3223 2313 über sein Liebesverhältnis dra¬
2585 2289 3224 2366 hält. Im zweiten Stück „E
2590 2348 3208 2407 in Gegenwart seines Freunde
2587 2396 3213 2459 all seine Geliebten vorüberziell
2587 2434 3213 2508 erscheinenden Bianca seine En
2583 2492 3208 2555 er glaubt, daß auch in ihrer E
2583 2533 3194 2607 haftet wie das ihrige in der
2576 2583 3221 2657 „Das Abschiedssouper
2584 2636 3213 2701 Hoftheater schon einmal gegeb¬
2576 2687 3210 2743 zende Verhöhung der Männer
2574 2737 3216 2804 wollen, das aber selbst der F.
2574 2780 3160 2845 mit der sie innerlich fertig
2581 2830 3216 2899 bietet „Die Frage an da
2574 2882 3227 2949 Anatol im letzten Augenblick zu
2569 2919 3208 3004 hypnotisierte Cora fragen, ob
2570 2985 3230 3051 aber nicht entschließen, nachdem
2568 3028 3210 3098 von ihren Lippen hört, indem
2569 3069 3216 3153 angab, obwohl sie ihm stets gesa¬
2563 3128 3220 3195 echter Schnitzler ist aber „
2570 3183 3216 3237 morgen". Anatol soll um 2
2563 3215 3213 3293 dem Polterabend geht er jede
2561 3278 3213 3345 nimmt sich Ilona mit nach Haus
2561 3318 3212 3408 stark gezeichnet, jedoch schon vor
