3436 4352
965 169 1243 249 Zyklus
1433 169 1777 266 box 9/4
307 171 861 256 4.9. Anatol
624 238 743 274 .
653 313 825 383 les
719 1967 1902 2051 The Christmas Present Scene From the Revival of "Anatol.
1949 1980 2685 2072 Being Joseph Schildkraut and Patricia
1201 2042 2200 2124 Collinge, With a bit of Vienna as the Background.
920 2310 1092 2383 . . .
742 2367 1345 2456 AVING recently attended both
759 2435 1348 2485 the first and fourth perform¬
768 2478 1330 2531 ances of Schnitzlers Anatol,
669 2516 1352 2569 by petition of the management, I am
669 2561 1345 2607 reminded of the high practical value
669 2600 1337 2651 of a good first-night audience. By
678 2638 1348 2687 the time of the fourth performance
678 2681 1346 2731 Walter Connolly had recovered from
669 2722 1348 2766 laryngitis and Joseph Schildkraut
669 2756 1337 2804 had recovered from nervous indiges¬
672 2801 1342 2854 tion and première paralysis; and
665 2853 1342 2898 although there were two intermis¬
669 2888 1345 2950 sions instead of one, the acceleration
666 2923 1342 2978 in the pace of the performance
669 2965 1342 3019 brought the curtain down at a more
669 3010 1339 3060 reasonable hour. Despite these sey-
669 3048 1345 3096 eral improvements, the comparative
678 3087 1339 3140 tameness of an indiscriminately as¬
672 3134 1345 3191 sembled audience made it more
672 3171 1342 3224 apparent than ever that Schnitzlers
664 3218 1346 3266 processional of sentimental, droll and
664 3259 1336 3309 ironic studies in philandering be¬
672 3297 1345 3354 longs to a more elegant era tan
672 3335 1336 3391 ours; and that Schildkraut's acting
678 3378 1336 3428 wants the resilience and subtlety of
672 3422 1340 3481 perception that are necessary to
666 3469 1334 3515 maintain an interest in Anatol's suc¬
664 3502 1333 3555 cession of crises. Anatole France
664 3546 1339 3590 once observed that religion had done
662 3588 1339 3638 love a great service by making it a
666 3627 1342 3688 sin. Alas, this irreligious era has
666 3677 1301 3728 lost a source of constant pleasure.
672 3759 1340 3856 T is a pity to have "Anatol sink
714 3837 1333 3890 into pleasant enervation. The pro¬
706 3881 1333 3936 duction is enchanting. Jo Miel¬
661 3914 1343 3964 ziner has designed a splendid series
666 3964 1342 4014 of highly ornamental settings; the
664 3997 1336 4052 costumes fairly glow and the entr'acte
666 4047 1339 4089 music caresses the ear with Viennese
661 4087 1333 4136 magic. Some of the acting is extraor¬
