3484 4224
1413 158 1779 279 box 9/2
295 161 728 285 4.9. Anat
1094 181 1195 282 1
789 175 1014 292 12
896 1027 1591 1131 Agramer Tagblatt, Agram
1074 1111 1319 1178 .......
597 1087 973 1195 Ausschnitt au
987 1148 1440 1279 JANUAR 1916
621 1205 762 1269 vom
2655 1198 3376 1299 de
1735 1275 2782 1373 später zur Fülle schicksalsbestimmender Drame
2829 1289 3370 1383 ollen, und doch vergeben
983 1309 1410 1420 Feuilleton.
1742 1359 3376 1426 wird? Er läßt sich mit einem einzigen Worte aus nie noch einmal erleben wol
1749 1410 2786 1460 drücken: die Liebe. Eigentlich nicht viel, und nicht
2816 1410 3383 1477 bestehen alle seine Charakter
980 1406 1447 1514 Nationaltheater.
1745 1453 2786 1507 Neues, nicht wahr? Und doch ist diese Liebe der
2809 1463 3376 1514 spaltige Hingabe an den Mon
1000 1490 1426 1581 Schnitzler: Anatol.
1755 1504 2776 1567 Menschen Schnitzlers ihr Alles. Sie erscheint ihne
2809 1514 3376 1571 Momente nie ganz aufgehen
772 1520 1728 1611 Unser Theater kommt aus Jubiläen nach
1755 1557 3380 1628 als die einzige Krönung und Vollendung des Le=Reflexion, in Betrachtung zu
678 1577 2779 1665 heraus. Nach den vielen angekündigten und absicht bens, sie nimmt in sich all ihr Streben, all ihr Sehne
2819 1614 3376 1675 ungen, sondern solche Stin
681 1645 1725 1712 lichen Festvorstellungen Samstag eine eigentlich
1752 1645 3380 1718 auf. Nach der großen, das ganze Dasein erfüllenden, Tragik dieser Charaktere,
685 1702 3383 1769 ganz ungewollte. Unserer im literarischen Kaledarium einzigen Liebe geht ihr Trachten. Die ewige Ent¬ Cirkulus aller dieser Drame
681 1749 2782 1816 rot angestrichener Festtage so gut bewanderten The täuschung, der ewige Mißklang zwischen der Exten
2813 1755 3373 1812 kennen, alles dreht sich um
685 1799 2782 1866 aterleitung ist diesmal das Ungeschick wiederfahren, stät des mechanisch dahinrollenden Lebens und
2813 1809 3373 1883 ohne je aus diesem qualvo
681 1846 3034 1906 einen festlichen Anlaß unerwähnt vorübergehen zu der tiefsten Intensität des großen Liebesmomentes zu können.
681 1903 1739 1953 lassen. Heuer sind es nämlich gerade fünfundzwanzig
1762 1906 2786 1957 st ihre Tragik. Träume ziehen die an und sobald
2896 1869 3380 1970 Ganz subjektiv sind a
681 1953 2792 2017 Jahre her, daß der Anatol=Zyklus entstanden ist erfüllt sind, sobald sie reale Gestalt annehmen, ist
2826 1930 3380 2007 Haut und doch leben sie von
698 1990 1739 2057 (1889—1891). Ja, diese feinen, kleinen und zarten
1762 2000 2792 2064 der Zauber verschwunden; über dem was das
2816 1997 3366 2054 Gnade des Dichters, denn
698 2054 3383 2114 Dinger, diese poetischen Bibelots können schon auf Leben bringt, in dem was wir selber einem Augen mit jedem Wort die volle R
685 2098 2782 2158 eine ganz respektable, jubiläumsfähige Vergangenheit blicke verleihen, liegt das Glück, das unerreichbar
2813 2101 3380 2158 in den sie gestellt ist aus, je
681 2151 2786 2215 zurückblicken. Und doch noch immer so frisch, so ju= Glück, denn auch in esen höchsten, über Leben und
2809 2151 3376 2218 von ganz anderer Seite den
2819 2192 3373 2259 sie sich befindet. Hier lieg
685 2198 2782 2262 gendlich wie damals, als sie entstanden, keine Spur Tod schwebenden Augenblicken erscheinen das Leben
2816 2242 3376 2316 feinen Dialogs, den Schni¬
681 2245 1735 2316 von terarischem Modergeruch. Woher dieser Zauber
1759 2249 2796 2306 das Gestern und das Morgen, Furcht und Hoffnung,
2816 2292 3383 2359 denn er versteht es sie in
698 2302 1735 2353 Durch ihre eigene eigentlich ziemlich ehemer¬
1765 2292 2792 2359 Streben und Ahnen, Gespenster und Märchen, und
2813 2343 3380 2396 wo sie reden müssen und au
688 2349 2789 2406 künstlerische Strukut wäre dies kaum zu erklären, bleischwer zieht es uns hinunter, in das ewige Auf
2813 2396 3380 2467 All dies klingt im Anatol se
1759 2396 2786 2460 und Ab des Lebensrhymus. Was im Anatol nu¬
691 2393 1728 2457 wenn aus ihnen nicht etwas wie Verheißung au
1762 2440 3376 2504 unstätes Flattern eines feinfühligen Viveurs ist, wenn auch in leichter, unge
681 2447 1735 2500 Kommendes, Größeres und Tieferes klingen würde
691 2494 3366 2554 Und darin liegt es eben; in diesen Spielereien ist wird im „Schleier der Beatrice zur tiefsten Trag k. ein Capriccio, und trotzdem
2816 2541 3373 2598 den Ernst der späteren Ent¬
691 2537 2786 2604 fast das ganze Lebenswerk Schnitzlers in nuce ent¬ Wahr wollen diese Menschen sein, feinfühlig horcher
1762 2584 3376 2655 sie ihre leisesten Regungen ab, folgen den feinsten priccio lamentoso. Und we
691 2594 1732 2651 halten. Was hier nur berührt ist, wird in späterer
2816 2638 3383 2719 Darstellung dieser Einakter
1759 2641 2786 2702 Antrieben, und wenn sie sich am wahrhaftesten vor¬
691 2645 1728 2715 Werken weiter entwickelt, das Angedeutete wir
2809 2685 3376 2755 Strozzi, Kernic,
691 2695 2779 2755 zur Hauptsache, das Vorweggenommene zum Pro¬ kamen, begingen sie die größten Irrtümer ihre
2802 2732 3380 2789 und Dimitrijevic un
1762 2735 2776 2799 Lebens, denn mit jedem Pulsschlag ändert sich die
688 2745 1735 2806 blem. Es sind wie zufällig erklungene einzelne Töne
2816 2789 3370 2846 feinen Anatol des Herrn
1762 2789 2782 2846 Wahrheit. Und wenn Anatol in der Liebe nur der
688 2792 1735 2856 aus denen jedoch schon der Drang herauszufühlen
2809 2829 3370 2910 vom Herrn Papie als
688 2843 2786 2907 ist, zu reichen, vollen Akkorden sich zu entfalten. Genuß des Augenblickes sucht, und kaum bereit ist
2809 2880 3370 2943 hätte, so wäre es eben dies,
1765 2886 2776 2947 sich in den Kampf ums Festhalten, Vertiefen de
688 2886 1742 2957 Es ist in ihnen ein gemeinsamer Grundon, dessen
688 2923 3376 3017 Klang allen späteren Werken Schnitzlers die ein zufällig Errungenen einzulassen, so führt uns später mäßigen Flottheit des Spi¬
1765 2980 3380 3061 Schnitzler in seinem feinsten Werk, im „Zwischen oft etwas verflüchtigt hat.
691 2990 1739 3058 gentliche Färbung verleihen wird. Und was ist dies
695 3037 2816 3115 was in diesen preziösen Kleinigkeiten erzittert, was spiel Menschen vor, die auch dies Höchste Wagen
