3436 4256
1421 169 1789 257 box 8/5
310 183 1255 266 4.9. Anatol - Zyklus
1255 666 1556 750 Telephon 12.801.
477 731 1542 800 en open, Mailand, Minneapolis,
471 781 1536 843 New-York, Paris, Rom, San Francisco, Stockholm, St. Peter¬
874 825 1156 882 burg, Toronto.
794 858 1217 932 (Quellenangabe ohne Gewähr).
465 902 1566 1008 dungen aus. Sie keit am Montag
1143 1036 1419 1125 in
472 1036 1043 1128 Num. 572. 10
876 1181 1186 1284 Theater
550 1284 1496 1356 Schnitzlers „Anatol im Lessing-Theater
499 1318 1603 1418 Allzuviel ist über diesen harmlos netten Abend nicht zu sagen.
424 1378 1602 1451 Man hat sich einmal nicht zu ärgern brauchen; man hat hin und
424 1419 1603 1490 wieder eine mit reinlichen Mitteln erzielte Heiterkeit empfinden
425 1449 1600 1536 dürfen. Das ist in den Zeiten der Theaterverseuchung durch die
421 1493 1603 1578 unterschiedlichen Dramen-Syndikate schon etwas. Zudem kann man,
416 1536 1599 1608 wenn man dieses immerhin frische und durchaus nicht witz¬
419 1570 1594 1643 verlassene Geplausch Schnitzlers mit den zusammengeschwitzten
427 1605 1085 1670 Geistreicheleien derer vergleicht,
1140 1630 1592 1687 die sich als seinen
416 1655 1591 1728 Nachwuchs empfinden, einmal so recht deutlich den Unterschied
414 1688 1592 1769 zwischen Talent und Fingerfertigkeit erkennen. Ich will ein Libretto
411 1721 1588 1807 dichten, wenn es unter dem jungen Nachwuchs in Wien nicht
410 1769 1584 1849 Dutzende gibt, die ohne weiteres bei der Hand wären, Schnitzler
410 1792 910 1860 den Anatol nachzumachen
1030 1818 1602 1881 wenn sie sich über solche
410 1847 1584 1914 Harmlosigkeiten nicht erhaben dünkten. Wenn sie es in¬
414 1882 1583 1961 zwischen nicht mit der „Renaissance“ bekommen hätten — oder mit der
410 1923 1588 1996 Paralyse. Aber das ist es eben: Schnitzler kam sich, als er vor bald
410 1959 1584 2044 zwanzig Jahren diese fünf Szenen aus dem Leben eines Wiener Don
417 1999 1578 2079 Juanerichs dichtete, nicht ganz so bedeutend und jedenfalls er¬
410 2032 1580 2109 heblich gegenwärtiger vor. Er nahm aus dem Zeitlichen, was ihm
403 2082 1580 2155 unter die Hände kam, schnitzelte die Figuren sauber heraus und
400 2123 1578 2205 stellte das ganze so niedlich und „lebensabgelauscht hin, daß man
400 2164 1534 2221 es noch heute fast für das Leben selber nehmen könnte, wenn
398 2185 1572 2270 Wenn es nicht ganz so sauber, nicht ganz so niedlich-süß,
400 2230 1575 2311 nicht ganz so reizend bunt aufgebaut ware! Man sieht
398 2274 1567 2351 ihm aber, eben um dieser Sauberkeit der Arbeit willen,
394 2318 1567 2381 manches nach und bildet sich für zwei Stunden mit Vergnügen
394 2355 1572 2419 ein, daß das Leben keine schlimmeren Fallgruben stelle als die Grübchen
400 2383 1575 2463 in den niedlichen Backen der Geliebten Anatols. Und man hat
395 2424 1566 2501 den beträchtlich heftigen Wunsch möchten doch manche von den
391 2459 1566 2537 Renaissancejünglingen, den vermeintlichen Seelenkündern und wirk¬
397 2506 1564 2581 lichen Paralytikern, sich heute noch so liebenswürdig mit ihrer
387 2539 1562 2618 Erdennähe bescheiden, als es vor bald zwanzig Jahren dieser
395 2572 1561 2678 Dichter vermochte, der inzwischen einen weiten Weg über den
387 2618 862 2666 Anatol hinausgegangen ist
468 2659 1558 2737 Dieser gute Anatol läßt mir freilich — wenn ich mich eines
380 2682 1556 2769 Ausdrucks von Knut Hamsun bedienen darf — einen etwas säuer¬
380 2744 1555 2818 lichen und nicht ganz unzweideutigen Geschmack im Munde zurück.
383 2772 1550 2854 Ich bin mir nicht ganz klar darüber, ob dieser Nachgeschmack des
391 2819 1558 2889 — ich möchte sagen: Angelitschten ausschließlich auf die Fähigkeit
375 2841 1547 2928 des Dichters zurückzuführen ist, eine etwas litschige Figur aus
378 2896 1545 2975 vollem Leben heraus so zu gestalten, wie sie ist und wie sie sein
384 2928 1548 3013 soll, oder ob sie auf dem Wege durch die dichterische Empfäng¬
376 2967 1548 3068 nis wider den Willen des Erzeugers den — im letzteren Falle schon
378 3010 1189 3084 etwas fatalen — Beigeschmack empfangen hat.
454 3051 1537 3126 Dieser Zweifel könnte zu denken geben; aber es wäre wahrlich
369 3076 1544 3166 ein schlechter Witz, wollte man sich in diesen schlechten Zeiten mit
373 3125 1544 3199 dem „kritischen Maßstab einem Stücke nähern, das sich in seinen
369 3172 1539 3243 geschmackvoll bunten Aeußerlichkeiten und seinem guten Witz durch
372 3202 1540 3295 fast zwanzig Jahre frisch erhalten hat. Wir dürfen uns das heute
364 3237 625 3303 nicht erlauben.
444 3276 1545 3361 Von den fünf szenischen Kleinigkeiten kamen die erste („Die
362 3300 1539 3402 Frage an das Schicksal") und die dritte („Abschiedssouper") am
365 3358 1531 3437 nettesten heraus. Im „Abschiedssouper tat Fräulein Sussin des
370 3397 1537 3479 Guten zu viel. So „liab" und „saß" tut hoffentlich selbst ein
365 3437 1528 3515 ganz wegnerisches Madel nicht. In der Schlußskizze „Anatols
362 3478 1537 3558 Hochzeitsmorgen konnte man Irene Triesch sich einmal ausgelassen
358 3526 1528 3593 mädelhaft und beinestrampelnd geberden sehen. Herr Monnard¬
359 3552 1529 3635 Anatol hatte den Wenna Schwerenter=Schmelz (der vom Schmalz
359 3599 1520 3676 nicht eben weit entfernt ist.) Reicher spielte den „Füller Max so
359 3632 1531 3725 wie er sein muß: mit dem Behagen an seiner eigenen Ueber¬
356 3667 515 3730 legenheit
1326 3697 1441 3771 Fr. S.
2722 1326 3030 1424 Telephon 12.801.
2747 1429 2849 1498 44
2174 1405 2682 1586 „OBSERVE
1972 1548 3033 1632 1. österr. behördl. konz. Unternehmen für Zeitungs-Ausschnitte
2155 1621 2865 1707 Wien, I., Concordiaplatz 4.
2369 1676 2646 1745 Vertretungen
1966 1696 3029 1781 In Berlin, Basel, Budapest, Chicago, Cleveland, Christiania,
1975 1773 3030 1822 Genf, Kopenhagen, London, Madrid, Mailand, Minneapolis,
1972 1811 3029 1879 New-York, Paris, Rom, San Francisco, Stockholm, St. Peters¬
2364 1855 2641 1901 burg, Toronto.
2292 1877 2709 1959 der
1972 1950 2325 2038 Ausschnitt aus:
2320 1989 3044 2159 Leipziger Neueste Nachrichtes
1977 2081 2096 2144 vom
1936 2140 3093 2213 „Anatol, der geistsprühende Einakterzyklus Arthur Schnitz
1862 2197 2774 2248 lers hatte einem Telegramm unseres Be¬
1862 2238 3107 2279 arbeiters zufolge, im „Lessingtheater“ einen star¬
1865 2277 3104 2318 ken, ehrlichen Erfolg, den das in der Zeichnung eines bestimmten Wiener
1865 2312 3100 2356 Lebemannstyps und in der technischen Beherrschung des feinsten und
1862 2353 3104 2397 vielsagendsten Dialoges gleich sichere Werk ohne Zweifel verdient. Das
1857 2388 3103 2430 heitere Mitgehen des Publikums versagte bei keinem der fünf, am Sonn¬
1862 2424 3114 2477 abend abend zum ersten Male im Zusammenhang dargestellten Stücke,
1865 2466 3104 2507 wenngleich „Anatols Hochzeitsmorgen", eine Art ironischer Schluß¬
1857 2504 3100 2552 apotheose, noch stärkeren Beifall auslöste, als die vorhergehenden Akte
1862 2542 3107 2586 Ueberdies sprach es für die unerwartete Bühnenwirksamkeit der Dia¬
1862 2575 3107 2621 loge, daß der Dichter mühelos siegte, obschon die Darstellung ihn besser
1862 2614 3107 2660 hätte unterstützen können. Heinz Monnard als Anatol war in allen
1874 2657 3109 2712 fünf Einaktern teils zu derb, teils zu karikaturistisch, und Frau Triesch
1862 2690 3104 2734 lag die Rolle der Ilona im „Hochzeitsmorgen" nicht recht. Auch hätten
1857 2728 3107 2775 die Frauenpartien der beiden Einleitungsakte „Die Frage an das
1862 2767 3104 2819 Schicksal" und „Weihnachtseinkäufe glücklicher als durch Paula Somary
1857 2810 3104 2848 und Lina Lossen besetzt sein können. Farbiger war denn schon Hilda
1857 2844 3120 2893 Herterich als Bianka in der „Episode". Durch seine ruhige, überlegene
1857 2885 3107 2931 Zurückhaltung überraschte angenehm Emanuel Reicher in der Rolle
1860 2920 3104 2966 von Anatols Freund Max. Unter den Damen holte sich eigentlich nur
1857 2959 3104 3008 Mathilde Sussin im „Abschiedsdiner“ einen darstellerischen Separater¬
1857 2999 3103 3049 folg durch ihr Temperament, das die Anni echter, wienerischer an¬
1857 3038 2879 3100 faßte, als alle übrigen Darsteller ihre Wiener Menschen
2659 3062 3074 3142 Karl Fr. Nowack
2755 3118 2852 3189 an
1920 3147 2566 3204 in
