3248 4224
525 158 1063 267 tol- zyklus
120 161 633 286 4.9. An
1242 164 1604 252 box 9/4
1213 652 1296 746 678
1493 663 2169 758 MERCVRE DE FRANCE -XI-1932
1487 777 2192 855 qui gouverne le monde à la ronde.
1254 858 2443 954 Est-ce une certaine sécheresse qui caractérise les croquis
1206 916 2449 987 de Schnitzler? Il est assez remarquable de noter qu'aucune
1210 970 2443 1048 sentimentalité n'y apparaît. Aucun sentiment ne mène les uns
1210 1034 2443 1112 vers les autres les personnages de ce ballet érotique et ni le
1203 1091 2443 1159 regret ni la mélancolie ne paraissent en eux quand ils se
1201 1140 2432 1220 quittent. Leurs séparations ne constituent jamais des aban¬
1203 1198 2441 1270 dons. Personne ne souffre dans ce petit univers où ne règnent
1203 1251 2438 1310 que les sens, et c'est ce qui explique la monotonie de l'ou¬
1207 1310 2439 1389 vrage, monotonie préméditée, dont l’auteur veut suggérer l'im¬
1198 1375 2432 1436 pression comme il le fait bien voir en écrivant dans sa der¬
1198 1414 2435 1495 nière scène ces mots qui constituent une sorte de moralité :
1198 1475 2433 1554 c'est incroyable comme au fond toutes les femmes se res¬
1199 1518 1401 1595 semblent.
1235 1581 2435 1647 Elles se ressemblent d'autant plus au cours de la représen¬
1196 1631 2432 1715 tation que l'on vient de nous offrir, qu'elles sont interprétées
1196 1683 2435 1767 par la seule Mme Pitoëff, dont j'ai apprécié le jeu plus que
1195 1750 2432 1814 je n'ai coutume de le faire. J'ai toujours dit que cette comé¬
1193 1809 2429 1875 dienne n'était point faite pour les grands premiers rôles : ici
1190 1853 2433 1933 elle a cinq petits rôles et dans presque tous se montre char¬
1184 1905 2435 1988 mante. Il en va de même pour M. Pitoëff : quand il consent à
1187 1964 2425 2041 ne paraître que quelques minutes à la fin d'une soirée, il fai¬
1187 2028 2421 2092 une impression tout à fait forte. Ses défauts mêmes le servent
1182 2078 2425 2142 et prennent du relief. Tout concourt donc à faire de ces dix
1182 2128 2429 2202 tableaux un spectacle digne d'un succès légitime. Les acteurs,
1179 2175 2188 2250 les décors, le texte, où il faut bien revenir enfin,
1229 2235 2424 2308 On veut relier à la tradition du Théâtre Libre la Ronde :
1182 2269 2429 2360 Antoine n'a pas voulu la jouer et on en fait presque un titre
1184 2350 2421 2438 de gloire à l'ouvrage. Quelques-uns prennent pour une nou¬
1185 2414 2419 2477 veauté cette façon de considérer les choses de l'amour d'une
1179 2468 2427 2547 manière si sèche et si dénuée. Il ne me semble pas qu'en 1913,
1171 2529 2425 2591 ni même en 1912, ce fut une attitude particulièrement inédite,
1178 2566 2421 2651 en tous cas on a, depuis lors, vu et lu tellement plus hardi
1174 2622 2418 2716 dans ce genre que l'on perd de vue ce qu'il y eut là d'inno¬
1185 2682 1326 2755 vation.
1223 2749 2421 2810 Cependant il demeure rare de voir au cours d'un même
1168 2801 2421 2871 spectacle dix couples s'aimer sous nos yeux, ou presque.
1168 2859 2422 2951 Pourquoi pas douze ? Je me posais la question en quittant le
2141 3135 2230 3206 679
1331 3135 1884 3204 REVUE DE LA QUINZAINE
991 3239 2228 3300 théâtre. Il était tard. Minuit sonnait et je me disais que si
982 3292 2224 3350 Schnitzler avait écrit deux scènes de plus, cela aurait donné
991 3345 2233 3409 l'occasion d'un mot qu'avec un peu de chance et d'esprit on
988 3400 1984 3472 eût rendu fort spirituel à cette minute précise.
1836 3451 2147 3539 PIERRE LIVRE.
1065 3526 1299 3603 HISTOIRE
1023 3631 2233 3694 Lucie Delarue-Mardrus : Le Bâtard, Vie de Guillaume le Conquérant,
995 3681 2216 3723 Fasquelle. — Octave Aubry : L'Impératrice Eugénie. A. Fayard et Cie.
988 3720 1159 3787 Mémento.
1029 3767 2228 3834 Nous venons un peu tardivement, bien malgré nous, au
991 3826 2233 3897 pittoresque ouvrage de Mme Lucie Delarue-Mardrus : Le Ba¬
995 3881 2222 3942 tard, Vie de Guillaume le Conquérant. Faut-il dire : His-
988 3938 2230 3999 toire romancée? Ce « romancement », alors, si j'en crois la
990 4000 2233 4050 couleur ici prodiguée, en ce qui concerne les lieux, par exem¬
995 4042 2236 4111 ple, peut avoir des motifs sortant du banal. N'ayant pas l'hon¬
1015 4105 1941 4166 a
