<?xml version="1.0" encoding="UTF-8" standalone="yes"?>
<PcGts xmlns="http://schema.primaresearch.org/PAGE/gts/pagecontent/2013-07-15" xmlns:xsi="http://www.w3.org/2001/XMLSchema-instance" xsi:schemaLocation="http://schema.primaresearch.org/PAGE/gts/pagecontent/2013-07-15 http://schema.primaresearch.org/PAGE/gts/pagecontent/2013-07-15/pagecontent.xsd">
    <Metadata>
        <Creator>prov=READ-COOP:name=PyLaia@TranskribusPlatform:version=2.12.1:model_id=39995:lm=provided:date=29_03_2024_01:47</Creator>
        <Created>2019-10-07T11:51:39.277+02:00</Created>
        <LastChange>2024-03-29T01:47:58.621+01:00</LastChange>
        <TranskribusMetadata docId="223994" pageId="9505881" pageNr="469" tsid="156430522" status="IN_PROGRESS" userId="40391" imgUrl="https://files.transkribus.eu/Get?id=CFLRSJHCCYZIFIUMYQAJUPPC&amp;fileType=view" xmlUrl="https://files.transkribus.eu/Get?id=AEIFMKALLBBDIHLVZDOQSCST" imageId="6196095"/>
    </Metadata>
    <Page imageFilename="223994_0469.jpeg" imageWidth="3484" imageHeight="4256">
        <ReadingOrder>
            <OrderedGroup id="ro_1712662544193" caption="Regions reading order">
                <RegionRefIndexed index="0" regionRef="tr_1"/>
                <RegionRefIndexed index="1" regionRef="tr_2"/>
                <RegionRefIndexed index="2" regionRef="tr_3"/>
            </OrderedGroup>
        </ReadingOrder>
        <TextRegion orientation="0.0" id="tr_1" custom="readingOrder {index:0;}">
            <Coords points="289,221 289,3580 1540,3580 1540,221"/>
            <TextLine id="tr_1_tl_1" custom="readingOrder {index:0;}">
                <Coords points="279,276 412,258 455,279 503,253 703,246 839,258 839,195 783,181 595,212 342,177 279,204"/>
                <Baseline points="289,241 316,245 344,248 372,250 400,250 427,250 455,252 483,253 511,253 538,251 566,250 594,250 622,250 649,250 677,250 705,250 733,247 760,247 788,245 816,243 844,241"/>
                <TextEquiv>
                    <Unicode>4.9. Anatol</Unicode>
                </TextEquiv>
            </TextLine>
            <TextLine id="tr_1_tl_2" custom="readingOrder {index:1;}">
                <Coords points="915,283 1086,274 1196,296 1234,291 1235,192 1128,200 1084,177 1041,187 1017,210 984,187 917,195"/>
                <Baseline points="925,256 951,254 977,252 1003,251 1029,250 1055,250 1081,250 1107,250 1133,250 1159,250 1185,250 1211,249 1238,247"/>
                <TextEquiv>
                    <Unicode>Zyklus</Unicode>
                </TextEquiv>
            </TextLine>
            <TextLine id="tr_1_tl_3" custom="readingOrder {index:2;}">
                <Coords points="708,306 716,304 719,297 728,296 731,289 760,299 774,292 765,258 746,260 739,256 739,260 713,243 703,255 695,256"/>
                <Baseline points="703,251 738,268 773,268"/>
                <TextEquiv>
                    <Unicode>.</Unicode>
                </TextEquiv>
            </TextLine>
            <TextLine id="tr_1_tl_4" custom="readingOrder {index:3;}">
                <Coords points="384,1056 659,1063 708,1031 826,1030 1086,1073 1163,1056 1163,917 821,910 675,967 616,930 384,921"/>
                <Baseline points="393,1026 431,1034 470,1035 508,1037 547,1038 586,1037 624,1035 663,1035 702,1032 740,1032 779,1034 818,1034 856,1033 895,1034 934,1032 972,1035 1011,1033 1050,1032 1088,1034 1127,1035 1166,1035"/>
                <TextEquiv>
                    <Unicode>Klose &amp; Seidel</Unicode>
                </TextEquiv>
            </TextLine>
            <TextLine id="tr_1_tl_5" custom="readingOrder {index:4;}">
                <Coords points="416,1151 1150,1145 1151,1082 417,1081"/>
                <Baseline points="426,1128 462,1127 498,1127 535,1125 571,1125 608,1125 644,1125 681,1124 717,1122 754,1122 790,1122 826,1122 863,1122 899,1122 936,1122 972,1122 1009,1122 1045,1122 1082,1122 1118,1123 1155,1125"/>
                <TextEquiv>
                    <Unicode>Bureau für Zeitungsausschnitte</Unicode>
                </TextEquiv>
            </TextLine>
            <TextLine id="tr_1_tl_6" custom="readingOrder {index:5;}">
                <Coords points="407,1217 805,1207 879,1234 1161,1212 1161,1145 1073,1133 1000,1160 641,1168 407,1137"/>
                <Baseline points="417,1199 454,1199 491,1199 528,1199 566,1197 603,1196 640,1196 678,1196 715,1196 752,1194 790,1195 827,1196 864,1195 901,1193 939,1193 976,1193 1013,1193 1051,1193 1088,1193 1125,1193 1163,1196"/>
                <TextEquiv>
                    <Unicode>Berlin No. 43, Georgenkirchplatz 211</Unicode>
                </TextEquiv>
            </TextLine>
            <TextLine id="tr_1_tl_7" custom="readingOrder {index:6;}">
                <Coords points="724,1368 805,1398 872,1388 897,1401 918,1383 944,1396 966,1385 1031,1390 1022,1293 986,1309 967,1303 958,1316 864,1291 820,1311 764,1289 719,1322"/>
                <Baseline points="734,1354 761,1356 788,1358 815,1362 842,1367 869,1372 896,1374 923,1376 950,1377 977,1379 1004,1381 1032,1384"/>
                <TextEquiv>
                    <Unicode>einen</Unicode>
                </TextEquiv>
            </TextLine>
            <TextLine id="tr_1_tl_8" custom="readingOrder {index:7;}">
                <Coords points="373,1439 460,1437 471,1445 493,1440 503,1449 557,1429 577,1431 577,1388 529,1386 501,1376 483,1388 466,1378 453,1385 417,1370 388,1385 373,1383"/>
                <Baseline points="382,1426 410,1423 438,1423 466,1423 494,1423 522,1423 550,1422 579,1420"/>
                <TextEquiv>
                    <Unicode>Zeitung:</Unicode>
                </TextEquiv>
            </TextLine>
            <TextLine id="tr_1_tl_9" custom="readingOrder {index:8;}">
                <Coords points="752,1506 777,1505 783,1498 825,1505 844,1495 894,1501 912,1496 900,1398 882,1406 841,1398 829,1404 767,1398 741,1408"/>
                <Baseline points="758,1471 784,1478 810,1484 837,1485 863,1488 889,1492 916,1489"/>
                <TextEquiv>
                    <Unicode>2</Unicode>
                </TextEquiv>
            </TextLine>
            <TextLine id="tr_1_tl_10" custom="readingOrder {index:9;}">
                <Coords points="373,1554 384,1559 414,1554 424,1562 434,1559 437,1565 452,1557 466,1564 485,1554 499,1555 501,1493 470,1483 460,1485 432,1470 412,1478 394,1460 374,1463"/>
                <Baseline points="382,1531 412,1531 443,1531 473,1530 504,1528"/>
                <TextEquiv>
                    <Unicode>Ort:</Unicode>
                </TextEquiv>
            </TextLine>
            <TextLine id="tr_1_tl_11" custom="readingOrder {index:10;}">
                <Coords points="1189,1657 1250,1642 1260,1656 1263,1652 1298,1669 1314,1539 1284,1537 1260,1551 1202,1554"/>
                <Baseline points="1202,1626 1229,1622 1256,1621 1283,1616 1310,1611"/>
                <TextEquiv>
                    <Unicode>22</Unicode>
                </TextEquiv>
            </TextLine>
            <TextLine id="tr_1_tl_12" custom="readingOrder {index:11;}">
                <Coords points="368,1649 393,1652 401,1661 419,1651 466,1651 488,1664 494,1657 514,1661 550,1644 550,1593 475,1601 447,1587 430,1597 414,1585 394,1592 370,1587"/>
                <Baseline points="379,1638 404,1638 429,1637 454,1636 479,1635 504,1635 529,1635 555,1635"/>
                <TextEquiv>
                    <Unicode>Datum:</Unicode>
                </TextEquiv>
            </TextLine>
            <TextLine id="tr_1_tl_13" custom="readingOrder {index:12;}">
                <Coords points="706,1774 846,1772 895,1799 1156,1794 1158,1690 708,1693"/>
                <Baseline points="716,1763 742,1763 768,1763 794,1763 820,1763 846,1763 872,1763 898,1763 924,1763 951,1763 977,1763 1003,1762 1029,1760 1055,1760 1081,1760 1107,1762 1133,1763 1160,1763"/>
                <TextEquiv>
                    <Unicode>Kammerspiele.</Unicode>
                </TextEquiv>
            </TextLine>
            <TextLine id="tr_1_tl_14" custom="readingOrder {index:13;}">
                <Coords points="665,1846 700,1863 802,1841 920,1861 953,1840 1142,1845 1189,1868 1191,1790 958,1808 844,1772 790,1799 665,1794"/>
                <Baseline points="674,1832 701,1832 728,1832 755,1832 783,1832 810,1832 837,1832 865,1834 892,1835 919,1835 947,1835 974,1835 1001,1833 1029,1832 1056,1832 1083,1832 1111,1832 1138,1830 1165,1829 1193,1829"/>
                <TextEquiv>
                    <Unicode>Schnitzer: „Anatol.</Unicode>
                </TextEquiv>
            </TextLine>
            <TextLine id="tr_1_tl_15" custom="readingOrder {index:14;}">
                <Coords points="417,1907 1511,1918 1486,1851 417,1848"/>
                <Baseline points="426,1901 480,1901 535,1901 589,1901 644,1901 698,1901 753,1898 807,1900 862,1899 916,1901 971,1898 1025,1898 1080,1898 1134,1898 1189,1896 1243,1892 1298,1892 1352,1895 1407,1895 1461,1893 1516,1889"/>
                <TextEquiv>
                    <Unicode>Damit wurde bewiesen, was ich der „Gesellschaft“ von</Unicode>
                </TextEquiv>
            </TextLine>
            <TextLine id="tr_1_tl_16" custom="readingOrder {index:15;}">
                <Coords points="343,1960 1421,1958 1523,1909 345,1907"/>
                <Baseline points="352,1951 410,1951 469,1950 527,1948 586,1948 645,1948 703,1948 762,1948 821,1948 879,1948 938,1948 997,1945 1055,1945 1114,1945 1173,1942 1231,1942 1290,1942 1349,1942 1407,1939 1466,1939 1525,1936"/>
                <TextEquiv>
                    <Unicode>heute immer wieder sage und was sie voll Entrüstung mit im¬</Unicode>
                </TextEquiv>
            </TextLine>
            <TextLine id="tr_1_tl_17" custom="readingOrder {index:16;}">
                <Coords points="337,2015 1477,2005 1514,2002 1516,1941 337,1958"/>
                <Baseline points="346,1996 404,1999 463,1999 521,1996 580,1996 639,1997 697,1997 756,1996 815,1996 873,1996 932,1996 991,1993 1049,1993 1108,1993 1167,1993 1225,1990 1284,1990 1343,1990 1401,1990 1460,1988 1519,1990"/>
                <TextEquiv>
                    <Unicode>mer größerer Entschiedenheit zurückweist, nämlich: daß sie eine</Unicode>
                </TextEquiv>
            </TextLine>
            <TextLine id="tr_1_tl_18" custom="readingOrder {index:17;}">
                <Coords points="340,2056 1513,2047 1486,1997 340,2015"/>
                <Baseline points="349,2050 407,2047 465,2045 524,2044 582,2047 640,2044 699,2044 757,2044 815,2044 874,2044 932,2047 990,2043 1049,2041 1107,2041 1165,2041 1224,2040 1282,2040 1340,2038 1399,2038 1457,2036 1516,2035"/>
                <TextEquiv>
                    <Unicode>grobe Masse ist, der an, um zu wirken, Eindeutigkeiten und</Unicode>
                </TextEquiv>
            </TextLine>
            <TextLine id="tr_1_tl_19" custom="readingOrder {index:18;}">
                <Coords points="345,2099 1511,2094 1475,2043 347,2063"/>
                <Baseline points="355,2092 412,2095 470,2095 528,2095 586,2095 644,2095 702,2092 760,2092 818,2093 876,2095 934,2092 991,2092 1049,2090 1107,2089 1165,2089 1223,2089 1281,2089 1339,2086 1397,2086 1455,2084 1513,2083"/>
                <TextEquiv>
                    <Unicode>Nuditäten vorführen muß, der aber für leise und zarte An¬</Unicode>
                </TextEquiv>
            </TextLine>
            <TextLine id="tr_1_tl_20" custom="readingOrder {index:19;}">
                <Coords points="340,2150 1514,2152 1514,2099 1457,2093 872,2129 340,2104"/>
                <Baseline points="349,2142 407,2143 466,2145 524,2143 583,2142 641,2142 700,2140 758,2139 817,2140 875,2140 934,2139 992,2139 1051,2139 1109,2139 1168,2136 1226,2136 1285,2136 1343,2133 1402,2136 1460,2134 1519,2136"/>
                <TextEquiv>
                    <Unicode>deutung dessen, was nicht nur unsere Seelen schwingen</Unicode>
                </TextEquiv>
            </TextLine>
            <TextLine id="tr_1_tl_21" custom="readingOrder {index:20;}">
                <Coords points="340,2204 1371,2191 1513,2224 1514,2152 1475,2143 342,2153"/>
                <Baseline points="349,2190 407,2191 466,2192 524,2190 583,2190 641,2190 700,2190 758,2187 817,2188 875,2190 934,2190 992,2187 1051,2187 1109,2187 1168,2187 1226,2186 1285,2184 1343,2184 1402,2184 1460,2184 1519,2181"/>
                <TextEquiv>
                    <Unicode>macht, das Organ fehlt — eine Masse, die nur brüllen, aber</Unicode>
                </TextEquiv>
            </TextLine>
            <TextLine id="tr_1_tl_22" custom="readingOrder {index:21;}">
                <Coords points="342,2257 481,2257 501,2244 563,2260 641,2244 690,2257 703,2254 701,2199 583,2209 560,2196 504,2203 488,2189 448,2212 340,2204"/>
                <Baseline points="349,2238 374,2238 400,2238 425,2238 451,2238 476,2238 502,2238 528,2238 553,2238 579,2238 604,2238 630,2238 655,2238 681,2239 707,2241"/>
                <TextEquiv>
                    <Unicode>nicht lächeln kann.</Unicode>
                </TextEquiv>
            </TextLine>
            <TextLine id="tr_1_tl_23" custom="readingOrder {index:22;}">
                <Coords points="417,2296 1509,2298 1509,2250 1375,2234 417,2265"/>
                <Baseline points="426,2295 480,2295 534,2295 589,2296 643,2298 697,2296 752,2295 806,2295 860,2296 915,2296 969,2295 1023,2295 1078,2295 1132,2294 1186,2292 1241,2292 1295,2292 1349,2291 1404,2289 1458,2289 1513,2289"/>
                <TextEquiv>
                    <Unicode>Auf Schnitzlers „Anatol, der einer Zeit, die auch</Unicode>
                </TextEquiv>
            </TextLine>
            <TextLine id="tr_1_tl_24" custom="readingOrder {index:23;}">
                <Coords points="343,2345 1516,2349 1516,2301 1436,2293 843,2331 343,2286"/>
                <Baseline points="352,2345 410,2345 468,2345 527,2345 585,2345 643,2345 702,2343 760,2342 818,2343 877,2345 935,2342 993,2344 1052,2342 1110,2342 1168,2342 1227,2341 1285,2339 1343,2339 1402,2336 1460,2336 1519,2336"/>
                <TextEquiv>
                    <Unicode>nicht prüde war, schon de Grenze schien, reagiert die moderne</Unicode>
                </TextEquiv>
            </TextLine>
            <TextLine id="tr_1_tl_25" custom="readingOrder {index:24;}">
                <Coords points="351,2411 1518,2395 1518,2347 1472,2345 351,2354"/>
                <Baseline points="361,2390 419,2393 477,2393 535,2393 593,2393 651,2393 709,2393 767,2393 825,2393 883,2393 941,2390 999,2390 1057,2390 1115,2390 1173,2389 1231,2387 1289,2387 1347,2387 1405,2387 1463,2385 1522,2384"/>
                <TextEquiv>
                    <Unicode>Frau von heute mit Achselzucken und einem überlegenen: „Nu</Unicode>
                </TextEquiv>
            </TextLine>
            <TextLine id="tr_1_tl_26" custom="readingOrder {index:25;}">
                <Coords points="348,2456 1514,2442 1483,2391 348,2408"/>
                <Baseline points="358,2441 416,2441 474,2441 532,2441 590,2440 648,2438 706,2438 764,2441 822,2444 880,2442 938,2441 996,2438 1054,2440 1112,2441 1170,2435 1228,2435 1286,2435 1344,2435 1402,2435 1460,2433 1519,2435"/>
                <TextEquiv>
                    <Unicode>wenn schon!" — Das Zarte, Ironische, Sentimentale (ach!</Unicode>
                </TextEquiv>
            </TextLine>
            <TextLine id="tr_1_tl_27" custom="readingOrder {index:26;}">
                <Coords points="347,2493 1511,2492 1511,2446 1416,2437 347,2457"/>
                <Baseline points="355,2489 413,2489 471,2489 529,2489 587,2489 645,2489 703,2489 761,2486 819,2489 877,2489 935,2489 993,2489 1051,2489 1109,2486 1167,2486 1225,2484 1283,2485 1341,2483 1399,2483 1457,2483 1516,2480"/>
                <TextEquiv>
                    <Unicode>wir wollen doch in der Liebe ruhig ein wenig sentimental</Unicode>
                </TextEquiv>
            </TextLine>
            <TextLine id="tr_1_tl_28" custom="readingOrder {index:27;}">
                <Coords points="347,2544 1426,2548 1516,2543 1518,2492 348,2503"/>
                <Baseline points="355,2536 413,2537 471,2539 530,2539 588,2539 646,2539 705,2537 763,2536 821,2538 880,2536 938,2536 996,2536 1055,2534 1113,2533 1171,2533 1230,2533 1288,2533 1346,2530 1405,2530 1463,2530 1522,2530"/>
                <TextEquiv>
                    <Unicode>bleiben!), kurz, das bißchen Seele, das den Reiz jeder noch so</Unicode>
                </TextEquiv>
            </TextLine>
            <TextLine id="tr_1_tl_29" custom="readingOrder {index:28;}">
                <Coords points="347,2600 1424,2598 1519,2590 1521,2544 348,2543"/>
                <Baseline points="355,2587 413,2587 471,2587 530,2587 588,2590 646,2587 705,2587 763,2587 821,2584 880,2586 938,2584 996,2584 1055,2584 1113,2584 1171,2581 1230,2581 1288,2581 1346,2581 1405,2580 1463,2578 1522,2575"/>
                <TextEquiv>
                    <Unicode>kurzlebigen „Affäre ausmacht und für den Lebenskünstler aus</Unicode>
                </TextEquiv>
            </TextLine>
            <TextLine id="tr_1_tl_30" custom="readingOrder {index:29;}">
                <Coords points="351,2641 1518,2638 1477,2589 351,2597"/>
                <Baseline points="361,2635 419,2635 477,2635 535,2635 593,2635 651,2635 709,2635 767,2635 825,2633 883,2635 941,2632 999,2632 1057,2632 1115,2632 1173,2631 1231,2629 1289,2629 1347,2629 1405,2631 1463,2627 1522,2629"/>
                <TextEquiv>
                    <Unicode>einer Episode ein Erlebnis macht — dies Wie, das ja gerade</Unicode>
                </TextEquiv>
            </TextLine>
            <TextLine id="tr_1_tl_31" custom="readingOrder {index:30;}">
                <Coords points="351,2697 1521,2684 1482,2635 351,2641"/>
                <Baseline points="361,2686 419,2686 477,2684 535,2683 593,2683 652,2683 710,2683 768,2683 826,2683 884,2683 943,2683 1001,2682 1059,2680 1117,2680 1175,2677 1234,2675 1292,2674 1350,2677 1408,2677 1466,2675 1525,2677"/>
                <TextEquiv>
                    <Unicode>in der Liebe weit wesentlicher als das Was ist — dafür fehlt</Unicode>
                </TextEquiv>
            </TextLine>
            <TextLine id="tr_1_tl_32" custom="readingOrder {index:31;}">
                <Coords points="351,2740 1516,2731 1459,2684 351,2697"/>
                <Baseline points="361,2733 418,2733 476,2733 534,2733 592,2732 650,2732 708,2733 766,2730 824,2730 882,2732 940,2730 997,2729 1055,2727 1113,2730 1171,2726 1229,2723 1287,2724 1345,2724 1403,2723 1461,2723 1519,2724"/>
                <TextEquiv>
                    <Unicode>unseren seelenlosen, armseligen Zeitgenossen Sinn und Ver¬</Unicode>
                </TextEquiv>
            </TextLine>
            <TextLine id="tr_1_tl_33" custom="readingOrder {index:32;}">
                <Coords points="353,2800 1521,2782 1521,2727 355,2748"/>
                <Baseline points="364,2784 422,2781 480,2781 538,2781 596,2781 654,2781 712,2781 770,2781 828,2780 886,2778 944,2778 1002,2778 1060,2778 1118,2778 1176,2775 1234,2775 1292,2775 1350,2775 1408,2771 1466,2771 1525,2772"/>
                <TextEquiv>
                    <Unicode>ständnis. Darum jauchzen sie über den „Hühnerhof“ und</Unicode>
                </TextEquiv>
            </TextLine>
            <TextLine id="tr_1_tl_34" custom="readingOrder {index:33;}">
                <Coords points="351,2848 1521,2833 1521,2782 1434,2779 351,2804"/>
                <Baseline points="361,2829 419,2832 477,2832 535,2829 593,2829 652,2829 710,2827 768,2829 826,2827 884,2829 943,2826 1001,2826 1059,2826 1117,2826 1175,2825 1234,2823 1292,2821 1350,2823 1408,2821 1466,2821 1525,2817"/>
                <TextEquiv>
                    <Unicode>noch gröbere Eindeutigkeiten, sofern sie nur aus Paris kom¬</Unicode>
                </TextEquiv>
            </TextLine>
            <TextLine id="tr_1_tl_35" custom="readingOrder {index:34;}">
                <Coords points="350,2888 1524,2879 1524,2825 351,2848"/>
                <Baseline points="361,2880 419,2880 477,2880 536,2877 594,2877 652,2879 711,2877 769,2877 827,2877 886,2875 944,2874 1002,2876 1061,2874 1119,2874 1177,2873 1236,2871 1294,2871 1352,2871 1411,2871 1469,2869 1528,2871"/>
                <TextEquiv>
                    <Unicode>men, und verziehen keine Miene, wenn Anatol mit seinem</Unicode>
                </TextEquiv>
            </TextLine>
            <TextLine id="tr_1_tl_36" custom="readingOrder {index:35;}">
                <Coords points="365,2947 1508,2937 1524,2889 366,2891"/>
                <Baseline points="373,2930 430,2927 488,2927 546,2927 604,2927 661,2927 719,2924 777,2924 835,2924 892,2924 950,2924 1008,2921 1066,2923 1123,2921 1181,2920 1239,2918 1297,2918 1354,2918 1412,2919 1470,2919 1528,2921"/>
                <TextEquiv>
                    <Unicode>Freunde mit Scharm, ein wenig Geist und — was sie ganz</Unicode>
                </TextEquiv>
            </TextLine>
            <TextLine id="tr_1_tl_37" custom="readingOrder {index:36;}">
                <Coords points="358,2996 1524,2991 1488,2927 358,2945"/>
                <Baseline points="367,2975 425,2978 483,2976 541,2975 599,2975 657,2975 715,2975 773,2972 831,2970 889,2974 947,2972 1005,2972 1063,2972 1121,2969 1179,2969 1237,2969 1295,2969 1353,2969 1411,2969 1469,2967 1528,2969"/>
                <TextEquiv>
                    <Unicode>und gar nicht mögen — mit ein wenig Gemüt über die Liebe</Unicode>
                </TextEquiv>
            </TextLine>
            <TextLine id="tr_1_tl_38" custom="readingOrder {index:37;}">
                <Coords points="360,3060 379,3062 412,3045 432,3053 470,3035 501,3047 532,3044 534,2979 478,2994 457,2984 434,2998 422,2989 388,2986 361,2994"/>
                <Baseline points="370,3032 397,3027 425,3024 453,3023 481,3023 509,3024 537,3026"/>
                <TextEquiv>
                    <Unicode>plaudert.</Unicode>
                </TextEquiv>
            </TextLine>
            <TextLine id="tr_1_tl_39" custom="readingOrder {index:38;}">
                <Coords points="429,3086 1455,3083 1524,3076 1526,3025 429,3050"/>
                <Baseline points="438,3080 492,3080 547,3083 601,3082 656,3080 710,3080 765,3080 819,3077 874,3077 928,3075 983,3074 1037,3074 1092,3073 1146,3071 1201,3069 1255,3065 1310,3065 1364,3065 1419,3063 1473,3062 1528,3059"/>
                <TextEquiv>
                    <Unicode>Allerdings: ein ganz klein wenig zu feierlich und erden¬</Unicode>
                </TextEquiv>
            </TextLine>
            <TextLine id="tr_1_tl_40" custom="readingOrder {index:39;}">
                <Coords points="358,3137 1528,3124 1528,3076 1396,3068 360,3101"/>
                <Baseline points="367,3133 425,3132 483,3128 541,3130 599,3130 658,3128 716,3127 774,3124 832,3125 890,3125 949,3124 1007,3121 1065,3119 1123,3118 1181,3117 1240,3115 1298,3115 1356,3112 1414,3114 1472,3112 1531,3112"/>
                <TextEquiv>
                    <Unicode>schwer war Anton Edthofer als Anatol, was freilich sei¬</Unicode>
                </TextEquiv>
            </TextLine>
            <TextLine id="tr_1_tl_41" custom="readingOrder {index:40;}">
                <Coords points="358,3198 1531,3177 1532,3126 358,3142"/>
                <Baseline points="367,3181 425,3181 483,3179 542,3178 600,3178 658,3178 717,3178 775,3175 833,3175 892,3173 950,3172 1008,3169 1067,3169 1125,3166 1183,3165 1242,3162 1300,3162 1358,3163 1417,3162 1475,3160 1534,3160"/>
                <TextEquiv>
                    <Unicode>nem Freunde Max, dem Hermann Thimig alles gab, was</Unicode>
                </TextEquiv>
            </TextLine>
            <TextLine id="tr_1_tl_42" custom="readingOrder {index:41;}">
                <Coords points="361,3237 1491,3228 1531,3177 361,3198"/>
                <Baseline points="370,3229 428,3229 486,3227 544,3226 602,3226 661,3226 719,3226 777,3223 835,3223 893,3223 952,3220 1010,3220 1068,3218 1126,3217 1184,3214 1243,3214 1301,3212 1359,3211 1417,3211 1475,3211 1534,3214"/>
                <TextEquiv>
                    <Unicode>Schnitzler in ihn hineingelegt hat, zugute kam. So stand,</Unicode>
                </TextEquiv>
            </TextLine>
            <TextLine id="tr_1_tl_43" custom="readingOrder {index:42;}">
                <Coords points="361,3288 1529,3277 1531,3224 361,3239"/>
                <Baseline points="370,3277 428,3276 486,3274 544,3274 602,3274 661,3274 719,3274 777,3271 835,3271 893,3271 952,3268 1010,3267 1068,3265 1126,3265 1184,3262 1243,3260 1301,3261 1359,3259 1417,3259 1475,3259 1534,3262"/>
                <TextEquiv>
                    <Unicode>was wieder nicht die Absicht Schnitzlers war, nicht Anatol,</Unicode>
                </TextEquiv>
            </TextLine>
            <TextLine id="tr_1_tl_44" custom="readingOrder {index:43;}">
                <Coords points="365,3339 1518,3319 1534,3274 365,3292"/>
                <Baseline points="373,3327 431,3324 489,3322 547,3324 605,3324 664,3322 722,3321 780,3318 838,3318 896,3318 955,3315 1013,3314 1071,3312 1129,3312 1187,3308 1246,3306 1304,3308 1362,3306 1420,3306 1478,3306 1537,3306"/>
                <TextEquiv>
                    <Unicode>sondern Max im Mittelpunkt des Ganzen. Von den Damen</Unicode>
                </TextEquiv>
            </TextLine>
            <TextLine id="tr_1_tl_45" custom="readingOrder {index:44;}">
                <Coords points="356,3387 1532,3367 1514,3315 358,3336"/>
                <Baseline points="367,3372 425,3372 484,3372 542,3372 601,3372 659,3371 718,3367 776,3366 835,3366 893,3366 952,3363 1010,3363 1069,3361 1127,3360 1186,3356 1244,3352 1303,3354 1361,3354 1420,3354 1478,3354 1537,3357"/>
                <TextEquiv>
                    <Unicode>verdienen die als Gabriele erprobte Lina Lossen und die</Unicode>
                </TextEquiv>
            </TextLine>
            <TextLine id="tr_1_tl_46" custom="readingOrder {index:45;}">
                <Coords points="365,3430 1534,3423 1536,3364 366,3384"/>
                <Baseline points="373,3420 431,3420 489,3420 548,3417 606,3417 664,3417 723,3415 781,3414 839,3414 898,3414 956,3411 1014,3411 1073,3409 1131,3408 1189,3407 1248,3405 1306,3405 1364,3402 1423,3404 1481,3404 1540,3402"/>
                <TextEquiv>
                    <Unicode>Annie Mady Christians lobende Erwähnung. Aber auch</Unicode>
                </TextEquiv>
            </TextLine>
            <TextLine id="tr_1_tl_47" custom="readingOrder {index:46;}">
                <Coords points="366,3485 1304,3474 1532,3459 1534,3426 368,3433"/>
                <Baseline points="376,3468 434,3471 492,3471 550,3468 608,3465 666,3465 724,3465 782,3462 840,3463 898,3463 956,3459 1014,3460 1072,3460 1130,3459 1188,3456 1246,3456 1304,3456 1362,3453 1420,3452 1478,3450 1537,3453"/>
                <TextEquiv>
                    <Unicode>die Regie Iwan Schmiths muß genannt werden; sie at¬</Unicode>
                </TextEquiv>
            </TextLine>
            <TextLine id="tr_1_tl_48" custom="readingOrder {index:47;}">
                <Coords points="363,3528 1532,3508 1498,3457 365,3487"/>
                <Baseline points="373,3518 431,3517 489,3515 547,3515 605,3514 664,3512 722,3512 780,3509 838,3510 896,3512 955,3509 1013,3509 1071,3507 1129,3506 1187,3503 1246,3503 1304,3503 1362,3500 1420,3499 1478,3499 1537,3500"/>
                <TextEquiv>
                    <Unicode>mete Wiener Luft, in der sich Stella Arbenina aber schein¬</Unicode>
                </TextEquiv>
            </TextLine>
            <TextLine id="tr_1_tl_49" custom="readingOrder {index:48;}">
                <Coords points="1385,3579 1421,3564 1450,3574 1460,3566 1477,3568 1490,3558 1506,3563 1506,3520 1495,3520 1483,3510 1463,3505 1454,3513 1385,3512"/>
                <Baseline points="1393,3551 1422,3548 1451,3548 1480,3548 1510,3548"/>
                <TextEquiv>
                    <Unicode>A. L.</Unicode>
                </TextEquiv>
            </TextLine>
            <TextLine id="tr_1_tl_50" custom="readingOrder {index:49;}">
                <Coords points="365,3576 1209,3569 1209,3525 1115,3512 365,3526"/>
                <Baseline points="373,3569 414,3568 456,3566 498,3566 540,3566 582,3566 624,3566 666,3566 708,3564 750,3561 792,3560 833,3560 875,3560 917,3560 959,3559 1001,3557 1043,3557 1085,3556 1127,3554 1169,3554 1211,3554"/>
                <TextEquiv>
                    <Unicode>bar weniger heimisch fühlte als an der Seine.</Unicode>
                </TextEquiv>
            </TextLine>
            <TextEquiv>
                <Unicode></Unicode>
            </TextEquiv>
        </TextRegion>
        <TextRegion orientation="0.0" id="tr_2" custom="readingOrder {index:1;}">
            <Coords points="1408,144 1408,303 1766,303 1766,144"/>
            <TextLine id="tr_2_tl_1" custom="readingOrder {index:0;}">
                <Coords points="1399,279 1454,260 1544,268 1569,256 1664,276 1708,258 1738,268 1762,256 1761,172 1733,187 1624,187 1593,212 1542,191 1514,209 1398,197"/>
                <Baseline points="1408,244 1433,246 1459,247 1484,247 1510,248 1535,249 1561,251 1587,253 1612,253 1638,253 1663,251 1689,249 1714,248 1740,248 1766,250"/>
                <TextEquiv>
                    <Unicode>box 9/3</Unicode>
                </TextEquiv>
            </TextLine>
            <TextEquiv>
                <Unicode></Unicode>
            </TextEquiv>
        </TextRegion>
        <TextRegion orientation="0.0" id="tr_3" custom="readingOrder {index:2;}">
            <Coords points="1793,1093 1793,3099 3109,3099 3109,1093"/>
            <TextLine id="tr_3_tl_1" custom="readingOrder {index:0;}">
                <Coords points="1973,1150 2102,1166 2168,1137 2398,1128 2656,1151 2659,1045 2636,1041 2472,1061 2423,1038 2364,1069 2309,1041 2254,1068 2206,1048 2142,1076 2099,1043 1976,1053"/>
                <Baseline points="1981,1131 2015,1133 2049,1134 2083,1134 2117,1132 2151,1131 2185,1129 2219,1125 2253,1125 2287,1123 2321,1121 2355,1119 2389,1122 2423,1120 2457,1119 2491,1118 2525,1116 2559,1116 2593,1116 2627,1116 2662,1116"/>
                <TextEquiv>
                    <Unicode>Klose &amp; Seidel</Unicode>
                </TextEquiv>
            </TextLine>
            <TextLine id="tr_3_tl_2" custom="readingOrder {index:1;}">
                <Coords points="2028,1204 2372,1217 2543,1189 2603,1207 2605,1146 2528,1135 2336,1163 2291,1146 2147,1169 2030,1156"/>
                <Baseline points="2038,1199 2066,1199 2095,1199 2123,1199 2152,1197 2180,1195 2209,1193 2237,1193 2266,1192 2294,1190 2323,1190 2351,1189 2380,1187 2408,1185 2437,1184 2465,1184 2494,1183 2522,1181 2551,1179 2579,1178 2608,1178"/>
                <TextEquiv>
                    <Unicode>Bureau für Zeitungsausschnitte</Unicode>
                </TextEquiv>
            </TextLine>
            <TextLine id="tr_3_tl_3" custom="readingOrder {index:2;}">
                <Coords points="1978,1266 2066,1291 2134,1265 2232,1284 2265,1257 2459,1275 2533,1248 2626,1271 2649,1263 2653,1207 1979,1219"/>
                <Baseline points="1987,1265 2020,1262 2053,1262 2086,1261 2120,1259 2153,1256 2186,1256 2220,1255 2253,1253 2286,1251 2320,1250 2353,1249 2386,1247 2419,1245 2453,1244 2486,1243 2519,1241 2553,1241 2586,1239 2619,1238 2653,1238"/>
                <TextEquiv>
                    <Unicode>Berlin NO. 43, Georgenkirchplatz 21</Unicode>
                </TextEquiv>
            </TextLine>
            <TextLine id="tr_3_tl_4" custom="readingOrder {index:3;}">
                <Coords points="1960,1431 2250,1417 2298,1437 2475,1422 2574,1440 2574,1365 2506,1367 2423,1327 2378,1353 2129,1332 2050,1362 1960,1360"/>
                <Baseline points="1969,1405 1999,1405 2029,1403 2060,1402 2090,1402 2121,1400 2151,1399 2182,1399 2212,1399 2243,1401 2273,1403 2303,1407 2334,1408 2364,1408 2395,1408 2425,1410 2456,1410 2486,1408 2517,1408 2547,1406 2578,1402"/>
                <TextEquiv>
                    <Unicode>Zeitungen Leitun¬</Unicode>
                </TextEquiv>
            </TextLine>
            <TextLine id="tr_3_tl_5" custom="readingOrder {index:4;}">
                <Coords points="1963,1491 1979,1496 1991,1490 2005,1496 2015,1488 2024,1488 2040,1500 2056,1488 2068,1486 2068,1437 2056,1436 2047,1426 2030,1426 2025,1431 2001,1422 1979,1431 1976,1427 1963,1431"/>
                <Baseline points="1972,1471 2005,1471 2038,1471 2071,1471"/>
                <TextEquiv>
                    <Unicode>Ort:</Unicode>
                </TextEquiv>
            </TextLine>
            <TextLine id="tr_3_tl_6" custom="readingOrder {index:5;}">
                <Coords points="1966,1555 1984,1554 1992,1562 2010,1554 2035,1570 2056,1555 2111,1551 2150,1570 2152,1506 2127,1508 2116,1500 2091,1509 2058,1498 2037,1509 2019,1508 2007,1496 1968,1482"/>
                <Baseline points="1975,1543 2000,1541 2026,1540 2051,1538 2077,1537 2102,1537 2128,1537 2154,1537"/>
                <TextEquiv>
                    <Unicode>Datum:</Unicode>
                </TextEquiv>
            </TextLine>
            <TextLine id="tr_3_tl_7" custom="readingOrder {index:6;}">
                <Coords points="2199,1590 2303,1600 2324,1588 2339,1601 2370,1574 2493,1578 2515,1590 2548,1582 2549,1509 2536,1506 2493,1521 2470,1506 2442,1519 2339,1501 2275,1523 2250,1505 2201,1509"/>
                <Baseline points="2208,1566 2234,1566 2260,1566 2287,1566 2313,1566 2339,1566 2366,1564 2392,1563 2419,1563 2445,1564 2471,1566 2498,1565 2524,1563 2551,1566"/>
                <TextEquiv>
                    <Unicode></Unicode>
                </TextEquiv>
            </TextLine>
            <TextLine id="tr_3_tl_8" custom="readingOrder {index:7;}">
                <Coords points="2480,1675 2493,1677 2503,1670 2518,1687 2529,1684 2543,1698 2566,1680 2612,1685 2618,1597 2587,1590 2571,1595 2562,1588 2534,1600 2515,1590 2503,1597 2485,1595"/>
                <Baseline points="2489,1674 2514,1672 2540,1670 2565,1668 2591,1667 2617,1665"/>
                <TextEquiv>
                    <Unicode></Unicode>
                </TextEquiv>
            </TextLine>
            <TextLine id="tr_3_tl_9" custom="readingOrder {index:8;}">
                <Coords points="2022,1771 2162,1774 2234,1744 2313,1761 2352,1736 2689,1743 2715,1738 2718,1657 2646,1647 2546,1695 2437,1638 2355,1641 2275,1684 2025,1680"/>
                <Baseline points="2032,1737 2066,1737 2100,1737 2135,1737 2169,1737 2204,1737 2238,1737 2273,1737 2307,1733 2342,1733 2376,1734 2410,1734 2445,1732 2479,1729 2514,1727 2548,1725 2583,1722 2617,1718 2652,1716 2686,1716 2721,1716"/>
                <TextEquiv>
                    <Unicode>der den der Westen</Unicode>
                </TextEquiv>
            </TextLine>
            <TextLine id="tr_3_tl_10" custom="readingOrder {index:9;}">
                <Coords points="1874,1851 1927,1882 3096,1866 3096,1792 2728,1825 1874,1799"/>
                <Baseline points="1883,1847 1943,1849 2004,1853 2065,1853 2126,1853 2187,1853 2248,1853 2308,1853 2369,1853 2430,1853 2491,1853 2552,1853 2613,1850 2674,1852 2734,1853 2795,1853 2856,1851 2917,1853 2978,1853 3039,1851 3100,1850"/>
                <TextEquiv>
                    <Unicode>leichfalls um ein Menschenalter griff das Deutsche Theater</Unicode>
                </TextEquiv>
            </TextLine>
            <TextLine id="tr_3_tl_11" custom="readingOrder {index:10;}">
                <Coords points="1817,1907 3099,1895 3057,1856 1817,1868"/>
                <Baseline points="1826,1898 1889,1892 1953,1897 2017,1895 2081,1895 2145,1897 2209,1895 2272,1898 2336,1898 2400,1898 2464,1898 2528,1898 2592,1895 2656,1895 2719,1895 2783,1895 2847,1895 2911,1895 2975,1898 3039,1895 3103,1895"/>
                <TextEquiv>
                    <Unicode>zurük, indem es dieser Tage einen ganzen Abend des Kammerspiel¬</Unicode>
                </TextEquiv>
            </TextLine>
            <TextLine id="tr_3_tl_12" custom="readingOrder {index:11;}">
                <Coords points="1784,1958 3104,1951 3093,1895 1784,1932"/>
                <Baseline points="1793,1948 1858,1939 1924,1939 1989,1936 2055,1939 2121,1939 2186,1939 2252,1939 2318,1939 2383,1939 2449,1939 2515,1939 2580,1939 2646,1939 2712,1939 2777,1939 2843,1939 2909,1939 2974,1936 3040,1936 3106,1939"/>
                <TextEquiv>
                    <Unicode>hauses mit den im Jahre 1890 entstandenen Anatol-Skizzen Arthur</Unicode>
                </TextEquiv>
            </TextLine>
            <TextLine id="tr_3_tl_13" custom="readingOrder {index:12;}">
                <Coords points="1813,1982 3101,1987 3101,1953 2970,1938 1813,1945"/>
                <Baseline points="1823,1978 1887,1981 1951,1981 2015,1981 2079,1983 2143,1984 2207,1984 2271,1984 2335,1983 2399,1981 2463,1982 2527,1982 2591,1981 2655,1983 2719,1981 2783,1981 2847,1981 2911,1984 2975,1982 3039,1984 3103,1978"/>
                <TextEquiv>
                    <Unicode>Schnitzlers führe. Auch über den mit dem feinsten Witze gewürzten</Unicode>
                </TextEquiv>
            </TextLine>
            <TextLine id="tr_3_tl_14" custom="readingOrder {index:13;}">
                <Coords points="1813,2025 3103,2042 3103,1987 1813,1981"/>
                <Baseline points="1823,2023 1887,2023 1951,2023 2015,2026 2079,2026 2143,2026 2207,2026 2272,2026 2336,2026 2400,2026 2464,2026 2528,2026 2592,2026 2656,2026 2721,2026 2785,2026 2849,2026 2913,2026 2977,2026 3041,2026 3106,2026"/>
                <TextEquiv>
                    <Unicode>Dialogen der Skizzen schwebt eine dichterische Wehmut, die die Heiterkeit</Unicode>
                </TextEquiv>
            </TextLine>
            <TextLine id="tr_3_tl_15" custom="readingOrder {index:14;}">
                <Coords points="1820,2083 3093,2084 3093,2033 2942,2025 1820,2040"/>
                <Baseline points="1829,2068 1892,2068 1955,2068 2019,2068 2082,2068 2146,2068 2209,2071 2272,2071 2336,2071 2399,2069 2463,2071 2526,2071 2589,2071 2653,2069 2716,2071 2780,2071 2843,2069 2906,2068 2970,2071 3033,2068 3097,2071"/>
                <TextEquiv>
                    <Unicode>zuletzt in Nachdenklichkeit auflöst und schwermütig in den Gemütern nach¬</Unicode>
                </TextEquiv>
            </TextLine>
            <TextLine id="tr_3_tl_16" custom="readingOrder {index:15;}">
                <Coords points="1823,2117 3104,2114 3104,2081 2973,2076 1823,2081"/>
                <Baseline points="1832,2113 1895,2110 1959,2110 2023,2112 2087,2113 2151,2113 2215,2113 2278,2115 2342,2116 2406,2114 2470,2114 2534,2113 2598,2113 2662,2113 2725,2113 2789,2113 2853,2115 2917,2113 2981,2113 3045,2113 3109,2107"/>
                <TextEquiv>
                    <Unicode>klingt. Ob das Publikum, das sich heute den teueren Genuß eines Kammer¬</Unicode>
                </TextEquiv>
            </TextLine>
            <TextLine id="tr_3_tl_17" custom="readingOrder {index:16;}">
                <Coords points="1813,2171 3093,2175 3068,2119 1813,2122"/>
                <Baseline points="1823,2160 1886,2154 1950,2154 2014,2154 2077,2157 2141,2157 2205,2157 2268,2157 2332,2157 2396,2157 2460,2157 2523,2157 2587,2157 2651,2157 2714,2157 2778,2157 2842,2157 2905,2157 2969,2157 3033,2157 3097,2154"/>
                <TextEquiv>
                    <Unicode>spielabends verschaffen kann, die Anatolscherze in diesem Sinne faßt und nach¬</Unicode>
                </TextEquiv>
            </TextLine>
            <TextLine id="tr_3_tl_18" custom="readingOrder {index:17;}">
                <Coords points="1813,2209 3101,2216 3101,2168 3014,2160 1813,2183"/>
                <Baseline points="1823,2196 1887,2199 1951,2199 2015,2201 2079,2199 2143,2199 2207,2200 2271,2202 2335,2201 2399,2202 2463,2202 2527,2200 2591,2202 2655,2201 2719,2202 2783,2200 2847,2202 2911,2202 2975,2202 3039,2199 3103,2205"/>
                <TextEquiv>
                    <Unicode>em indet, ist freilich eine offene Frage. Jedenfalls hat die Spielleitung</Unicode>
                </TextEquiv>
            </TextLine>
            <TextLine id="tr_3_tl_19" custom="readingOrder {index:18;}">
                <Coords points="1823,2252 3096,2250 3057,2206 1823,2206"/>
                <Baseline points="1832,2241 1895,2241 1958,2241 2022,2242 2085,2244 2149,2241 2212,2244 2275,2244 2339,2244 2402,2244 2466,2244 2529,2244 2592,2244 2656,2244 2719,2244 2783,2244 2846,2244 2909,2244 2973,2245 3036,2244 3100,2244"/>
                <TextEquiv>
                    <Unicode>Iwan Smiths viel dafür getan, die Feinheit des Wortes, die Zartheit der</Unicode>
                </TextEquiv>
            </TextLine>
            <TextLine id="tr_3_tl_20" custom="readingOrder {index:19;}">
                <Coords points="1813,2293 3104,2300 3045,2247 1813,2255"/>
                <Baseline points="1823,2283 1887,2284 1951,2286 2015,2287 2080,2287 2144,2286 2208,2288 2273,2289 2337,2289 2401,2286 2466,2288 2530,2288 2594,2289 2658,2289 2723,2289 2787,2289 2851,2289 2916,2289 2980,2289 3044,2289 3109,2292"/>
                <TextEquiv>
                    <Unicode>Pointierung zum Grundion der Darstellung zu machen. Anton Edthofer,</Unicode>
                </TextEquiv>
            </TextLine>
            <TextLine id="tr_3_tl_21" custom="readingOrder {index:20;}">
                <Coords points="1828,2342 3085,2347 3098,2300 1826,2295"/>
                <Baseline points="1835,2327 1898,2327 1961,2327 2025,2327 2088,2327 2152,2327 2215,2330 2278,2330 2342,2330 2405,2330 2469,2330 2532,2330 2595,2333 2659,2330 2722,2330 2786,2333 2849,2333 2912,2333 2976,2333 3039,2333 3103,2330"/>
                <TextEquiv>
                    <Unicode>sehr echt und eigenartig in der Charakteristik jugendlicher Genießer, die mit</Unicode>
                </TextEquiv>
            </TextLine>
            <TextLine id="tr_3_tl_22" custom="readingOrder {index:21;}">
                <Coords points="1823,2390 3099,2385 3099,2344 3032,2332 1823,2341"/>
                <Baseline points="1832,2372 1895,2372 1959,2372 2022,2372 2086,2374 2149,2372 2213,2375 2276,2375 2340,2372 2403,2374 2467,2375 2531,2375 2594,2375 2658,2375 2721,2375 2785,2377 2848,2375 2912,2375 2975,2377 3039,2375 3103,2375"/>
                <TextEquiv>
                    <Unicode>knabenhafter Ahnungslosigkeit durch das Leben taumeln, ging vielleicht ein</Unicode>
                </TextEquiv>
            </TextLine>
            <TextLine id="tr_3_tl_23" custom="readingOrder {index:22;}">
                <Coords points="1820,2423 3096,2434 3096,2385 1820,2391"/>
                <Baseline points="1829,2414 1892,2415 1956,2417 2019,2417 2083,2417 2146,2417 2210,2417 2273,2417 2337,2417 2400,2417 2464,2420 2528,2420 2591,2423 2655,2419 2718,2420 2782,2420 2845,2420 2909,2420 2972,2422 3036,2423 3100,2426"/>
                <TextEquiv>
                    <Unicode>wenig zu weit im Andeutungsstil; der Umriß seiner Anatolgestalt war ganz</Unicode>
                </TextEquiv>
            </TextLine>
            <TextLine id="tr_3_tl_24" custom="readingOrder {index:23;}">
                <Coords points="1817,2474 2986,2482 3104,2472 3104,2439 1815,2431"/>
                <Baseline points="1826,2459 1890,2459 1954,2459 2018,2459 2082,2459 2146,2459 2210,2462 2275,2465 2339,2462 2403,2462 2467,2464 2531,2462 2595,2462 2659,2462 2724,2465 2788,2465 2852,2465 2916,2465 2980,2465 3044,2465 3109,2465"/>
                <TextEquiv>
                    <Unicode>köstlich, aber der Ton gar zu leise. Diese Stimmlosigkeit grenzte schon an</Unicode>
                </TextEquiv>
            </TextLine>
            <TextLine id="tr_3_tl_25" custom="readingOrder {index:24;}">
                <Coords points="1825,2518 3058,2525 3104,2523 3103,2472 1823,2470"/>
                <Baseline points="1832,2501 1895,2504 1959,2504 2023,2504 2086,2504 2150,2504 2214,2504 2277,2504 2341,2507 2405,2507 2469,2507 2532,2507 2596,2507 2660,2507 2723,2507 2787,2507 2851,2507 2914,2508 2978,2510 3042,2507 3106,2507"/>
                <TextEquiv>
                    <Unicode>vorzeitige greifenhafte Entkräftung, und diese Art von Müdigkeit liegt gewiß</Unicode>
                </TextEquiv>
            </TextLine>
            <TextLine id="tr_3_tl_26" custom="readingOrder {index:25;}">
                <Coords points="1813,2556 3093,2564 3093,2523 3035,2515 1813,2510"/>
                <Baseline points="1823,2545 1886,2545 1950,2545 2014,2545 2077,2547 2141,2545 2205,2547 2268,2548 2332,2548 2396,2548 2460,2548 2523,2548 2587,2551 2651,2548 2714,2551 2778,2551 2842,2551 2905,2551 2969,2551 3033,2551 3097,2551"/>
                <TextEquiv>
                    <Unicode>nicht im Wesen des von den Weibern verzogenen und betrogenen dummen</Unicode>
                </TextEquiv>
            </TextLine>
            <TextLine id="tr_3_tl_27" custom="readingOrder {index:26;}">
                <Coords points="1808,2602 3093,2597 3070,2557 1808,2559"/>
                <Baseline points="1817,2587 1881,2590 1945,2590 2009,2590 2073,2590 2137,2590 2201,2591 2265,2590 2329,2591 2393,2593 2457,2593 2521,2593 2585,2593 2649,2593 2713,2593 2777,2595 2841,2596 2905,2594 2969,2596 3033,2596 3097,2590"/>
                <TextEquiv>
                    <Unicode>Jungen. Die nüchterne Trockenheit des Anatolfreundes, der ohne Gemüts¬</Unicode>
                </TextEquiv>
            </TextLine>
            <TextLine id="tr_3_tl_28" custom="readingOrder {index:27;}">
                <Coords points="1813,2639 3096,2646 3096,2597 1813,2608"/>
                <Baseline points="1823,2629 1886,2632 1950,2632 2014,2633 2078,2635 2142,2635 2206,2635 2269,2635 2333,2638 2397,2638 2461,2638 2525,2636 2589,2638 2653,2638 2716,2638 2780,2638 2844,2638 2908,2638 2972,2638 3036,2638 3100,2638"/>
                <TextEquiv>
                    <Unicode>erregung sich jeden guten Bissen schmecken läßt, war durch Hermann Thi¬</Unicode>
                </TextEquiv>
            </TextLine>
            <TextLine id="tr_3_tl_29" custom="readingOrder {index:28;}">
                <Coords points="1808,2684 3093,2687 3093,2644 1808,2643"/>
                <Baseline points="1817,2674 1881,2677 1945,2677 2009,2677 2073,2677 2137,2677 2201,2679 2265,2680 2329,2681 2393,2680 2457,2680 2521,2680 2585,2680 2649,2680 2713,2683 2777,2680 2841,2680 2905,2683 2969,2683 3033,2683 3097,2680"/>
                <TextEquiv>
                    <Unicode>mig mit starkem treffenden Humor vertreten. Die Weiber, an denen</Unicode>
                </TextEquiv>
            </TextLine>
            <TextLine id="tr_3_tl_30" custom="readingOrder {index:29;}">
                <Coords points="1817,2728 3093,2738 3093,2687 2996,2682 1817,2687"/>
                <Baseline points="1826,2718 1889,2718 1953,2721 2016,2719 2080,2721 2143,2721 2207,2721 2270,2721 2334,2723 2397,2721 2461,2724 2525,2724 2588,2724 2652,2724 2715,2727 2779,2724 2842,2724 2906,2724 2969,2726 3033,2727 3097,2727"/>
                <TextEquiv>
                    <Unicode>Anatol sich betätigt, standen schauspielerisch nicht auf gleicher Höhe. Feinster</Unicode>
                </TextEquiv>
            </TextLine>
            <TextLine id="tr_3_tl_31" custom="readingOrder {index:30;}">
                <Coords points="1830,2777 3093,2781 3076,2733 1830,2730"/>
                <Baseline points="1838,2763 1904,2763 1970,2763 2036,2764 2103,2763 2169,2766 2235,2766 2301,2766 2368,2766 2434,2767 2500,2767 2566,2770 2633,2770 2699,2769 2765,2769 2831,2769 2898,2769 2964,2769 3030,2769 3097,2772"/>
                <TextEquiv>
                    <Unicode>frauenhafter Reiz lag in der Gestalt der einzigen „Dame" in den Dialogen,</Unicode>
                </TextEquiv>
            </TextLine>
            <TextLine id="tr_3_tl_32" custom="readingOrder {index:31;}">
                <Coords points="1813,2814 3096,2830 3075,2776 1813,2781"/>
                <Baseline points="1823,2805 1886,2805 1950,2805 2014,2808 2078,2808 2142,2808 2206,2808 2269,2808 2333,2810 2397,2808 2461,2811 2525,2811 2589,2811 2653,2811 2716,2811 2780,2811 2844,2811 2908,2812 2972,2814 3036,2814 3100,2814"/>
                <TextEquiv>
                    <Unicode>die durch Lina Lossen entzückend verkörpert und fein beseelt war. Die</Unicode>
                </TextEquiv>
            </TextLine>
            <TextLine id="tr_3_tl_33" custom="readingOrder {index:32;}">
                <Coords points="1813,2863 3101,2873 3014,2817 1813,2820"/>
                <Baseline points="1823,2850 1887,2850 1951,2853 2015,2853 2079,2853 2143,2853 2207,2853 2271,2853 2335,2853 2399,2853 2463,2854 2527,2854 2591,2856 2655,2855 2719,2856 2783,2856 2847,2856 2911,2859 2975,2859 3039,2859 3103,2859"/>
                <TextEquiv>
                    <Unicode>kleinen süßen Mädchen waren sehr ungleich. Margarethe Christians,</Unicode>
                </TextEquiv>
            </TextLine>
            <TextLine id="tr_3_tl_34" custom="readingOrder {index:33;}">
                <Coords points="1813,2899 3096,2915 3096,2879 2988,2863 1813,2865"/>
                <Baseline points="1823,2895 1886,2895 1950,2895 2014,2895 2078,2895 2142,2895 2206,2898 2269,2898 2333,2898 2397,2898 2461,2899 2525,2899 2589,2898 2653,2900 2716,2901 2780,2901 2844,2901 2908,2901 2972,2901 3036,2903 3100,2903"/>
                <TextEquiv>
                    <Unicode>hübsch und munter, reicht im Humor der „Abschiedssoupers" nicht entfernt an</Unicode>
                </TextEquiv>
            </TextLine>
            <TextLine id="tr_3_tl_35" custom="readingOrder {index:34;}">
                <Coords points="1810,2948 3103,2955 3101,2917 3014,2907 1808,2906"/>
                <Baseline points="1817,2933 1881,2937 1945,2939 2010,2939 2074,2939 2139,2939 2203,2939 2268,2939 2332,2942 2397,2939 2461,2942 2525,2942 2590,2942 2654,2942 2719,2942 2783,2945 2848,2945 2912,2945 2977,2945 3041,2945 3106,2942"/>
                <TextEquiv>
                    <Unicode>die groteske Drolligkeit der Niese oder an die heroische Komik der Sandrock</Unicode>
                </TextEquiv>
            </TextLine>
            <TextLine id="tr_3_tl_36" custom="readingOrder {index:35;}">
                <Coords points="1808,2984 3002,3011 3091,3002 3090,2960 1807,2956"/>
                <Baseline points="1817,2978 1880,2978 1944,2981 2008,2981 2072,2981 2136,2981 2200,2984 2264,2984 2328,2987 2392,2987 2456,2987 2519,2987 2583,2987 2647,2987 2711,2987 2775,2990 2839,2990 2903,2990 2967,2992 3031,2990 3095,2990"/>
                <TextEquiv>
                    <Unicode>heran. Im ganzen kamen die geistsprühenden Dialoge zur Wirkung und</Unicode>
                </TextEquiv>
            </TextLine>
            <TextLine id="tr_3_tl_37" custom="readingOrder {index:36;}">
                <Coords points="1808,3025 2321,3068 3094,3052 3057,2996 1808,2999"/>
                <Baseline points="1817,3020 1881,3021 1945,3023 2009,3026 2073,3026 2137,3026 2201,3028 2265,3029 2329,3029 2393,3029 2457,3030 2521,3032 2585,3032 2649,3034 2713,3035 2777,3035 2841,3035 2905,3034 2969,3032 3033,3035 3097,3029"/>
                <TextEquiv>
                    <Unicode>erwiesen sich des Kammerspielhauses weit würdiger, als die Zucht oder Un¬</Unicode>
                </TextEquiv>
            </TextLine>
            <TextLine id="tr_3_tl_38" custom="readingOrder {index:37;}">
                <Coords points="1808,3103 1910,3113 1958,3096 1991,3108 2258,3090 2258,3048 2235,3035 2124,3032 2096,3047 2063,3032 1999,3044 1808,3024"/>
                <Baseline points="1817,3071 1843,3069 1869,3068 1895,3068 1921,3069 1947,3071 1974,3071 2000,3071 2026,3071 2052,3071 2078,3071 2104,3071 2131,3071 2157,3071 2183,3071 2209,3071 2235,3073 2262,3077"/>
                <TextEquiv>
                    <Unicode>zucht des „Hühnerhofes.</Unicode>
                </TextEquiv>
            </TextLine>
            <TextLine id="tr_3_tl_39" custom="readingOrder {index:38;}">
                <Coords points="2725,3109 2766,3109 2792,3129 2830,3096 2866,3108 2924,3094 2991,3124 3016,3109 3101,3109 3099,3052 2994,3057 2930,3037 2901,3053 2776,3037 2723,3048"/>
                <Baseline points="2733,3071 2759,3074 2785,3077 2812,3079 2838,3080 2865,3080 2891,3080 2918,3080 2944,3080 2970,3080 2997,3080 3023,3081 3050,3083 3076,3087 3103,3089"/>
                <TextEquiv>
                    <Unicode>Prof. A. Klage</Unicode>
                </TextEquiv>
            </TextLine>
            <TextEquiv>
                <Unicode></Unicode>
            </TextEquiv>
        </TextRegion>
    </Page>
</PcGts>
