3436 4352
256 154 664 259 4.9. Ana¬
764 153 1124 267 Zykl
1374 145 1734 245 box 8/4
2708 275 3065 376 Telephon 12.801.
2162 358 2631 531 „OBSER
2008 513 3063 585 1. österr. beh. konz. Unternehmen für Zeitungs¬
2216 572 2863 617 Ausschnitte und Bibliographie.
2188 617 2905 704 Wien, I., Concordiaplatz 4.
2416 693 2685 750 Vertretungen
2016 719 3071 790 in Berlin, Brüssel, Budapest, Chicago, Cleveland, Christiania,
2030 768 3069 830 Genf, Kopenhagen, London, Madrid, Mailand, Minneapolis,
2016 813 3061 882 New-York, Paris, Rom, San Francisco, Stockholm, St. Peters¬
2413 855 2687 910 burg, Toronto.
2370 888 2734 974 (Quellenangabe ohne Corde,
2710 931 2993 1023 1210
2021 952 2395 1036 Ausschnitt aus:
2151 1001 2914 1126 WIENER ABENDPOST
2034 1082 2166 1165 vom
2168 1149 2825 1237 Theater, Kunst und Literatur.
2034 1227 2990 1286 (Deutsches Volkstheater.) Samstag wur¬
1988 1278 2993 1329 den fünf Stücke von den sieben des „Anatole¬
1994 1329 2993 1389 Zyklus von Artur Schniker aufgeführt. Sie
1988 1386 2993 1444 machten noch immer den angenehmsten Eindruck.
1991 1441 2990 1499 „Anatole“ ist inzwischen ein wenig historisch geworden,
1988 1483 2988 1537 hat etwas Patina angesetzt, den Edelrost der Litera¬
1983 1540 2986 1598 tur. Nun ist er ein Stück Vergangenheit, die Jugend,
1983 1587 2988 1644 die Wiener Lebejünglings-Jugend von vor zwanzig
1983 1628 2984 1694 Jahren. Er ist beinahe ehrwürdig geworden. Wer ist
1983 1683 2975 1734 denn dieser Anatole eigentlich? Ein wohlerzogener
1983 1731 2977 1796 wohlgekleideter, wie es scheint auch wohlgestellter Herr
1984 1787 2981 1849 der zwischen Poesie und Musik herumflaniert
2004 1829 2985 1894 Anatole lebt nur, um zu lieben — ein Teil seiner
1992 1879 2976 1940 Freundinnen liebt, um zu leben. Anatole ist einer
1986 1930 2981 1996 der holden Illusionen nacheilt, um sie zu haschen
1982 1980 2990 2045 den Schmetterlingen und den Seifenblasen der Liebe.
1986 2038 2982 2104 Er ist klug genug, um einzusehen, wie dumm das ist
2042 2080 2981 2138 aber nicht klug genug, aufzuhören. Neben ihm
1992 2129 2981 2201 schreitet sein Freund Max durchs Liebesleben, wie
1988 2187 2984 2241 Mephisto neben Faust oder wie Carlos neben Clavigo.
1986 2237 2984 2293 So ungefähr bloß. Max ist die personifizierte ironische
1967 2268 2984 2379 Vernunft, die Atmannsweisheit, der den Dingen
2007 2389 3019 2460 überlegene, ihnen bis auf den doppelten Boden
2020 2431 3021 2506 schauende, sie durch Erkennen aufhebende Geist. Dabei
2019 2495 3018 2563 ein sehr liebenswürdiger Gesellschafter. Anatoles
2016 2546 3015 2610 romantischen Phantasien setzt er seine kühle Beobach¬
2009 2596 3018 2668 tung des Tatsächlichen diskret entgegen und wartet
2012 2637 3013 2723 sein ab, bis alles schön ausgebraust und bis zu
2005 2690 3019 2772 Ende geliebt ist. Dann zieht er die unmoralischen
2008 2725 3021 2815 Schlußfolgerungen und überflüssigen Nutzanwendun¬
2005 2801 3013 2868 gen. Oft nur mit einer wegwerfenden Geste, was ja ge¬
2003 2843 3011 2917 nügt. In der „Frage an das Schicksal soll
2000 2901 3000 2965 ein in hypnotischen Schlaf versenktes „üßes Mädel
1999 2948 3003 3022 um ihre Treue befragt werden. Anatole wagt es nicht,
2000 2994 3006 3057 die Frage an die holde Schläferin zu richten, er weckt
1999 3026 3003 3107 sie lieber unbefragt auf. Aber wie erschrickt die holde
2003 3090 3002 3167 Schläferin nachher, da sie glaubt, sie wäre befragt
1995 3143 3002 3214 worden! — In den „Weihnachtseinkäufen
2000 3193 3002 3260 beneidet eine mondäne Frau, die nicht den Mut fin¬
1994 3241 2998 3318 det, zu lieben, wie und wo sie gerne möchte, das
1994 3294 3000 3373 „füße Mädel" um ihr kleines Vorstadtglück und schickt
1991 3343 2998 3426 ihr ein paar Veilchen. — „Abschiedssouper ist
2000 3390 2993 3462 schon öfters gespielt worden. Die kleine Ballerine im
1994 3443 2994 3529 Séparée. Drolliges Auseinandergehen. Man erzählt
1994 3487 2985 3565 sich zum Abschied, als Dessert der Liebe, daß und
1982 3558 2989 3631 wie man einander betrog. — „Episode". Feinste
1982 3599 2985 3662 Tragikomödie. Anatole bewahrt die zärtlichsten Erinne¬
1984 3660 2984 3721 rungen an eine träumerische Stunde, und sie, die
1982 3694 2976 3777 Bianka aus der Zirkusmanège, hat alles total ver
1980 3752 2977 3815 gessen — den Freund, die Stunde, das Klavier mit
1982 3795 2982 3862 samt der Ampel. Wie weggewischt! — „Anatole¬
1975 3845 2988 3931 Hochzeitsmorgen". Ilona will ihn nicht zur
1975 3894 2986 3977 Trauung lassen. Sie entläßt ihn zuletzt doch in die
1983 3948 2985 4029 Ehe, weil er ihr ja dann noch viel gewisser und sicherer
1971 3999 2978 4075 ist als unvermählt. Anatole heiratet also. Anatoles
1974 4052 2981 4132 Glück und tragisches Ende. Der Junggeselle Anatole
1976 4094 2378 4146 stirbt. Anatole, der C
