3436 4256
325 364 420 440 für
1673 84 2626 155 Die Anatol-Szenen wurden überhaupt recht frisch
1617 137 2631 191 gespielt und waren von Emil Lessing mit vielem Ge¬
1612 181 2626 226 schmack inszeniert. Freilich waren die Vertreter der
1612 221 2629 272 beiden Hauptrollen für ihre Aufgaben geistig zu reif.
1614 264 2629 310 Herr Monnard war mit allem Geschick bestrebt, den
928 259 1411 358 41910
1614 305 2629 351 weichen, schleppenden Ton des dekadenten Wiener Gigerl
1614 343 2631 394 zu treffen wie er im Aeußern das Wesen charakterisierte.
1622 386 2626 437 Herr Reicher, der vor zwanzig Jahren an der ersten
747 376 1444 478 Berliner Börsen Courier,
1612 425 2626 473 Aufführung eines dieser Stückchen mitwirkte und also
1614 465 2629 514 aus Pietät wieder mittat, gab den liebenswürdigsten
966 455 1370 542 Morgenausgabe
1614 506 2624 552 Räsonneur, aber man sträubte sich gegen die Annahme,
1614 549 2629 595 daß diese beiden wuchtigeren Darsteller sich andauernd
1614 587 2629 636 mit derlei Primaner= oder Studenten=Liebeleien ernst¬
1614 625 2619 679 haft befassen. Frl. Somary war flott und frisch im
793 633 1383 735 Vor den Kulissen.
1607 671 2626 717 ersten Stückchen, Frl. Lossen wollte aus der kleinen
648 709 2629 765 Das Lessing=Theater, das uns bald Arthur Rolle im zweiten mehr herausschlagen, als sie bietet
1668 747 2624 798 der Zettel verzeichnet übrigens hier wieder den
587 737 2624 836 Schnitzlers neuestes Werk darbieten will, brachte uns Max, der aber gar nicht erscheint. Im „Abschieds¬
585 809 1589 849 gestern sei ältestes. An die zwanzig Jahre sind die
1622 831 2626 885 souper bewährte Frl. Sussin sehr viel Geschick
585 852 2631 938 Anatol-Szenen alt, seit achtzehn Jahre liegen sie und überlegene Sicherheit — die Nawetät nur
585 885 1599 936 im Druck vor, der Autor ist längst und hoch über die
587 910 2626 974 Entwicklungsphase hinausgewachen, der jene Skizzen fehlte, die diesem Stücken das Verletzende
1614 948 2629 1002 nimmt. Die kleine Szene der Zirkus=Bianca im
590 966 1584 1012 entstammen, und gestern erst wurden sie auf eine
585 997 2624 1053 Berliner Bühne, zu einem Strauß gebunden, einer vierten Stückchen lag Frl. Herterich recht gut und
585 1035 2624 1103 verständnisvoll empfänglichen Zuschauerschar vor die Ilona gab denn Frau Irene Triesch Gelegen¬
1614 1078 2629 1131 heit, ihre erstaunliche Vielseitigkeit zu bewähren.
587 1088 1589 1136 gesetzt. Nicht alle sieben freilich, aber doch fünf, die
587 1119 2619 1187 den Zeitumfang eines Theaterabends gerade füllen. Diese temperamentsprühende kleine Frau, anschmieg¬
1622 1159 2626 1210 sam und schmeichelnd wie ein Kätzchen, ungebärdig
590 1172 1587 1228 Zwei dieser kleinen, pikanten Dialoge und
587 1200 2624 1284 Szenen sind hier schon früher gespielt worden. „Die wie eine Wildkatze, ist das wirklich unsere reichbeseelte
1612 1243 2619 1284 Ibsen=Darstellerin, wirklich die geistgetragene Jeanne
585 1251 1587 1307 Frage an das Schicksal im Residenz=Theater
1614 1281 2624 1337 d'Arc, wirklich die Priesterin im Tempel unserer klassi¬
585 1299 1589 1348 mit Jarno als Anatol, das „Abschiedssouper" wurde
1622 1317 1904 1383 schen Dichtung
595 1332 1589 1391 hier sogar viel und oft und auf sehr vielen Bühner
1665 1337 2624 1414 Der ganze Anatol-Abend ist als eine hübsche
585 1378 1589 1431 gegeben, mit Hansi Niese, mit Eisela Schneider=Nissen
1614 1398 2619 1454 Studie zur Kenntnis von Schnitzlers Entwick¬
585 1421 1589 1467 mit der Sorma sogar, und mit der ersten Dar¬
585 1444 2619 1513 stellerin der Rolle, mit Adele Sandrock. In ihrem ung, nicht als Charakterisierung Schnitzlers an¬
1617 1477 2619 1538 zusehen. Derlei auf einen ironisch-pessimistischen
590 1510 2616 1587 Zusammenhange erst, in ihrer Geschlossenheit, geben Ton gestimmte Jugendarbeiten haben viele unserer
585 1543 1589 1592 die fünf von den sieben Anatol-Szenen ein Bild des
1617 1569 2614 1614 Dramatiker einmal veröffentlicht. Sudermanns
595 1587 1592 1637 jugendlichen Verfassers, des Arthur Schnitzler von
1614 1609 2616 1653 Geschichten „Im Zwielicht" sind den Schnitzlerschen
590 1622 892 1688 1890 oder 1891.
2194 1648 2624 1711 Nur daß uns hier
1612 1653 2156 1709 Skizzen nahe verwandt.
646 1653 1587 1719 Daß die fünf kleinen Schöpfungen weder einzel
585 1676 2619 1744 Dramen irgendwelcher Art bilden, noch insgesamt zu manche aus Uebermut in Wehmut aus Wehmut in
2179 1729 2624 1780 Momente so recht
587 1734 2113 1790 einem einheitlichen Stück sich zusammenschließen, ob¬ Aebermut, umspringende
1614 1772 2619 1818 Wienerisch anmuten, wie Straußische Melodien.
590 1787 1587 1833 wohl die zwei männlichen handelnden oder sprechen
590 1810 2624 1874 den Personen dieselben bleiben und auch die Nur daß der „leichtsinnige Melancholiker Anatol die
1612 1856 2626 1904 Züge des jungen Schnitzler zeigt. Dem ge¬
585 1866 1587 1915 weiblichen nur die Namen wechseln, das würd
587 1894 2626 1958 dem Erfolge wahrlich keinen Eintrag tun. Gerade reiften Schnitzler von heute werden wir an gleicher
1617 1932 2161 2009 Stätte bald wieder begegnen.
2433 1937 2563 2009 J. L.
587 1945 1592 1996 unsere Zeit hat ja eine fast krankhafte Vorliebe
595 1996 1609 2044 für alles was von der Norm, vom Gewohnten ab¬
585 2034 1599 2085 weicht. Aber die immer wieder, immer aufs Neue sich
587 2075 1592 2123 wiederholenden Gespräche über das Thema Liebe er¬
585 2115 1592 2161 müden — oder eigentlich über das Thema „Lie¬
585 2153 1599 2204 belei. Denn erste, flüchtige Entwürfe zum erfolg¬
585 2197 1599 2248 reichsten Stück Schnitzlers, zu „Liebelei", stellen diese
580 2237 1589 2291 Szenen dar: Erste Skizzen zu dem später so vor¬
580 2278 1602 2324 trefflich, so meisterlich ausgeführten Porträt des
587 2316 1584 2365 Wiener füßen Mädels. Die Gespräche sind
582 2359 1592 2413 jedesmal durch ein pikantes Beispiel, durch
580 2400 1594 2451 ein psychologisches Experiment belebt, aber die
580 2441 1589 2489 manieriert pessimistische Weltanschauung, die in diesen
580 2481 1587 2530 Gesprächen und Beispielen sich kundgibt, ist nirgends
580 2522 1589 2573 Extrakt von Leben und Erfahrung, sondern überall
580 2570 1587 2609 nur Aeußerung genialischer Altklugheit. Ein etwas
580 2609 1589 2659 affektiert müdes Dekadententum geht träg durch diese
580 2647 1589 2695 Szenen. Sie sind das Wiener Gigertum, auf eine
585 2687 1587 2743 feine sozialphilosophische Formel gebracht, zu einer
582 2723 1584 2776 geistvollen oder witzigen Pointe zugespitzt. Sie atmen
580 2766 1587 2832 den Geist des ehemaligen Wiener Café-Stammtisches
572 2809 1172 2881 in Schnitzlerscher Verfeinerung.
636 2830 1581 2901 Die „Frage an das Schicksal" hat hier
580 2888 1584 2937 schon früher eine angeregte Zuhörerschaft mit einem
572 2929 1581 2977 heiteren Erfolg beantwortet. Anatol hypnotisiert sein
580 2975 1584 3023 süßes Mädel, diesmal heißt es Cora, um die Wahr¬
582 3015 1584 3059 heit, die lauterste Wahrheit zu erfahren, ob sie ihm treu
580 3048 1584 3099 ist. So treu wie er selbst es — nie sein kann. Aber
577 3094 1584 3143 er hat schließlich Angst vor der Wahrheit und weckt
572 3132 1581 3181 die Kleine, ehe er die gefährliche Frage wagt, um
572 3170 1589 3234 glücklich zu bleiben in der Illusion. „Weihnachts¬
572 3216 1581 3270 einkäufe" nennt sich die zweite, novellistische Dialog¬
572 3259 1581 3318 skizze. Anatol malt einer anständigen Frau, der er
577 3298 1579 3346 einst vergeblich den Hof machte, das Glück aus, das
572 3338 1581 3384 er bei einem Vorstadtkind gefunden; die Eifersucht er¬
577 3376 1584 3432 weckt nun ihre Liebe, vor der sie freilich ängstlich
580 3422 1584 3471 flieht. Der Inszenierung gibt diese Szene eine schwere
577 3463 1587 3506 Aufgabe, denn die schwüle Erörterung findet bei
580 3501 1581 3554 rechter Winterkälte auf der Straße statt. Kühl ließ
577 3544 1584 3618 dies kleine Werk denn auch die Hörerschaft, trotz sehr
572 3582 953 3648 feiner Bemerkungen.
633 3598 1584 3676 Das „Abschiedsfouper, die Anekdote von
572 3641 1581 3717 Anatol, der seine Tänzerin verabschieden will, der
572 3704 1587 3758 aber entsetzt ist, da er von ihr verabschiedet wird, übte
580 3750 1584 3798 die stärkste Wirkung des Abends, die altgewohnte
572 3788 1581 3847 Wirkung. „Episode" ist wieder eine kleine, nicht
572 3829 1587 3880 eben neue Pikanterie. Anatol bildet sich ein, seine
567 3867 1587 3926 Liebesbegegnung mit Bianca sei für sie Lebens¬
582 3915 1589 3964 schicksal geworden und ist enttäuscht, da sie ihn nicht
567 3954 1599 4017 wieder erkennt. Die keckste der fünf Szenen ist „Anatols
