3296 4224
1241 164 1600 263 box 8/6
917 167 1081 282 lus
128 176 593 276 4.9. Anato
478 180 879 298 ly
1805 715 3004 798 Jedenfalls hat sich das Publikum bei allen vier Stücken ausgezeichnet
439 721 1719 802 Dialoge „Anatol"), von denen bis jetzt bloß einzelne auf die Bühne
1744 786 3007 859 unterhalten, ohne sich von den gewagten, Situationen die Freude
436 792 1709 840 gebracht worden waren, als Ganzes aufzuführen. Wenn in einem
1744 827 2789 904 an der in der Tat faszinierenden Dichtung stören zu lassen.
439 830 1719 882 Berliner Bericht der Schlesischen Zeitung vermutet wurde, der Anatol¬
96 840 196 927 19
1805 853 3007 930 Will man Schnitzlers „Anatolgerecht werden und sich an dem dichterischen
430 875 1709 933 zyklus werde sich nach seinem großen Erfolge im Berliner Lessingtheater
55 891 398 968 hervortreten in den
1744 901 3007 975 Reiz des gewandten Dialogs und der lebensprühenden weiblichen Modelle
446 923 1715 975 „wahrscheinlich jetzt auch die größeren Provinzbühnen erobern", so ist
45 949 414 1016 Zeitabschnitt in der
436 965 3007 1013 diese Weissagung teilweise bereits eingetroffen. Zwar hat sich die erfreuen, so muß man in der Tat alle moralischen Bedenken, jaden moralischen
48 997 404 1055 deckten, war Artur
436 1004 1715 1061 Leitung der „Vereinigten Breslauer Theater" nicht an die Vorführung
1747 1010 3004 1058 Maßstab überhaupt vollständig bei Seite lassen. Im Vergleiche zu den
67 1039 385 1103 Er hat in Liebelei
430 1048 3001 1103 der ganzen Reihe gewagt, sondern von den sieben Einaktern den zweiten erotischen Keckheiten der zehn Dialoge „Reigen“, die Schnitzler selbst
51 1084 407 1148 reihen „Der grüne
1744 1093 3007 1145 ursprünglich (1896/97) nur als Handschrift für seine Freunde hatte drucken
430 1090 1715 1145 und vierten Dialog „Weihnachtseinkäufe" und „Denksteine", an
51 1129 398 1193 gezeichnete Bühnen¬
433 1132 1712 1183 denen beiden der Raisoneur Max nicht teilnimmt, und den sechsten
1744 1141 3007 1190 lassen und erst 1903 der Offentlichkeit übergab, sind ja die Anatolzenen
51 1173 394 1231 der Beatrice" (1900
436 1173 1715 1234 Dialog „Agonie", dessen Erfahrungen wohl Anatols Heiratsentschluß
1751 1183 3004 1231 sehr harmlos. Es gilt aber auch für sie die dem „Reigen“ vorgedruckte
131 1215 404 1276 Kraft durch¬
433 1222 1715 1270 hervorrufen, ausgeschieden. Das Spielen der vier übrig bleibenden Ein¬
1741 1225 2998 1273 Rahnung, nicht nach dem Widerspruche ihres Inhalts zu den — theo¬
183 1257 398 1318 geschick, das
430 1266 1693 1315 akter kann man aber kaum mit dem Theaterbureau als „Erstaufführung
1744 1266 3007 1315 retisch — geltenden sittlichen Begriffen zu urteilen, sondern diese
154 1302 401 1366 sein weiteres
430 1311 1715 1359 bezeichnen, denn die einleitende „Frage an das Schicksal“ ist im
1754 1305 3007 1366 Stimmungs- und Augenblicksbilder mit ihrer Mischung von Sinnlichkeit
154 1343 401 1404 gessen, daß es
439 1350 2504 1404 Frühjahr 1900 von der „Freien literarischen Vereinigung" auf die Bühne und schwärmender Sehnsucht hinzunehmen,
154 1385 401 1443 den „Schleier
430 1395 1712 1446 gebracht und dann im September in den regelmäßigen Spielplan des
2065 1372 2690 1462 „Frühgereift und zart und traurig
2068 1433 2565 1484 Die Komödie unsrer Seele,
189 1430 401 1488 Uraufführung
433 1433 1706 1501 Lobetheaters aufgenommen worden. Der fünfte Einakter des Zyklus
2068 1449 2706 1542 Unsers Fühlens Heut und Gestern,
189 1478 398 1533 große Auf¬
449 1478 1715 1529 „Abschiedssouper“ ist im Lobetheater zum ersten Mal am 26. Dezember
2071 1513 2597 1561 Böser Dinge hübsche Formel,
189 1517 407 1574 Was damals
430 1529 1715 1574 1900 gegeben worden. Anatol und seine Geliebten wurden beide Mal
2071 1552 2587 1600 Glatte Worte, bunte Bilder,
202 1565 394 1619 Schuldtag
430 1571 1715 1616 von Herrn Lettinger und Fräulein Nolewska, der Max das eine Mal
2068 1590 2607 1642 Helles, heimliches Empfinden,
199 1606 401 1661 ter noch ge¬
426 1603 1722 1664 von Herrn Botz, im „Abschiedssouper“ von Herrn Ziegel gespielt. Jetzt
2074 1629 2488 1680 Agonien, Episoden.
189 1651 407 1706 reihe, deren
430 1654 1719 1703 sind die Rollen der Freunde Anatol und Max in allen vier Stücken den
2065 1645 2671 1715 Manche träumen, manche lachen."
215 1693 404 1754 ussetzungen
446 1699 1712 1747 Herrn Skoda und Müller anvertraut worden, während für die vier
1818 1699 3004 1773 In dem zweiten Dialoge „Weihnachtseinkäufe", der vor den ver¬
215 1738 388 1789 ns" (1905
436 1741 1715 1796 füßen Mädels, die verlogene Cora, die Zirkusspringerin Bianca in
1751 1747 3014 1812 schiedenen Schaufenstern in einer Straße Wiens spielt, schildert Anatol
221 1776 401 1834 uspielhause
439 1773 1709 1831 Episode", die freche Annie und die eifersüchtige Ilona, von Herrn
1744 1799 2975 1853 der „bösen Mondaine“ Frau Gabriele den Typus des „füßen Mädls
212 1821 394 1879 ten macher
433 1824 1712 1876 Regisseur Bonno die Damen v. Pothy, Jauck, Lamberg und Fabry
1751 1821 3007 1895 denn schon vor Wolzogens „Geschichten von lieben, süßen Mädeln" hat
256 1869 394 1924 Schnitzle
430 1869 1709 1917 ausgewählt wurden. Die kleinen Rollen des Kellners im „Abschieds¬
1744 1879 3007 1937 Schnitzler den etwas euphemistischen Ausdruck gebraucht. Das süße
269 1911 401 1969 the der
439 1914 1719 1962 souper" und des Dieners Franz am „Hochzeitsmorgen" wurden von
1744 1924 3007 1981 Mädl der kleinen Welt „ist nicht faszinierend schön, sie ist nicht besonders
273 1956 398 2010 te und
430 1956 1170 2007 den Herren Mandel und Siegler gespielt.
1747 1972 3011 2023 elegant und sie ist durchaus nicht geistreich, aber sie hat die weiche
260 1994 394 2046 -
516 1981 1709 2055 Fräulein Jauck hat nun dabei freilich den Kranz des Abends
1744 2010 3011 2062 Anmut eines Frühlingsabends und die Grazie einer verzauberten
269 2039 398 2107 der Be¬
426 2039 1715 2094 davongetragen. Annie erzählt, wie in ihrem neuen Geliebten, dem
1744 2058 3007 2107 Prinzessin und den Geist eines Mädchens, das zu lieben weiß." Und
430 2090 1709 2142 Tänzer Karl „das Theaterblut zu wurd'n angefangen hat". Nun, so
1747 2090 3011 2161 die stolze Frau Gabriele, die trotz Anatols Werbungen ihrem Manne
276 2097 407 2183 na der
430 2132 1709 2187 rechtes Theaterblut hatte die Darstellerin selber. Ohne Übertreibung
1751 2139 3007 2196 reu geblieben ist, gibt beim Einsteigen in den Wagen Anatol eine Blume
273 2171 401 2225 mit ein¬
433 2177 1712 2228 und doch mit höchst drastischer Wirkung hat Fräulein Jauck die
1751 2187 3004 2238 für das süße Mädl als Gabe von einer „Frau, die vielleicht ebenso
269 2216 398 2273 tatischen
439 2216 1703 2273 ganze Szene, Schwips und Erzählung, in fortwährender Stei¬
1738 2228 3004 2280 lieben kann wie Du und die den Mut dazu nicht hatte. Im Dialog
273 2260 391 2315 1910
430 2257 1709 2312 gerung allerliebst gespielt. Freilich hat auch Herr Müller,
1754 2267 3011 2328 „Agonie" aber erleben wir den Ausgang eines Liebesverhältnisses
426 2305 1709 2353 dessen Max in allen vier Stücken eine Musterleistung diskreter
221 2302 398 2353 ten. Wie
1744 2305 3011 2366 Anatols mit der ihren Gatten betrügenden Mondaine Frau Elsa, die
430 2341 1696 2398 Charakterisierung und Akkomponierkunst war, im „Abschiedssouper
253 2341 401 2398 ht. Zur
1741 2353 3007 2411 im Grunde um nichts besser ist als die Dirne Emilie, welche ihren übel
256 2385 391 2443 völkerung
433 2382 1712 2440 durch sein natürlich herzliches Lachen die Zuschauer selbst zum
1744 2398 3007 2459 erworbenen Schmuck wegschleudert, um durch diese Selbstlosigkeit Anatol
263 2434 407 2482 ter Schar
436 2434 1709 2482 Lachen gezwungen, aber den größten Beifall des sehr gut besuchten
1741 2434 3007 2504 zur Heirat zu bewegen, sich aber die kostbarsten „Denksteine", einen
247 2472 394 2530 Schlacht¬
430 2475 1709 2523 Hauses erntete doch nach Verdienst Frl. Jauck. Herr Skoda dagegen
1744 2488 3007 2543 Rubin und einen schwarzen Diamanten, für alle Fälle heimlich zurück¬
430 2520 1709 2571 war als Anatol wohl im einleitenden Stücke am meisten nach dem Sinne
266 2517 407 2575 enschaft.
1747 2533 3011 2584 hält, eine ähnliche Kriegslist, wie sie von der stark belasteten Heldin in
430 2559 1703 2610 des Dichters, dem er auch noch im „Abschiedssouper entsprach. In der
260 2565 401 2620 Helene
1747 2568 3011 2629 Dumas „Demimonde angewendet wird. Indessen, wenn man an Vor¬
433 2594 1703 2655 „Episode" spielte er in ironischem Pathos die Enttäuschung Anatols au
260 2607 404 2661 Klähr
1744 2616 3007 2677 bilder für diese geistvollen und pikanten Dialoge suchen wollte, würde
430 2642 1703 2696 das Komische hinaus, wo doch ein wehmütiger Hauch des enttäuschten
256 2645 401 2703 nung er
1744 2655 3007 2719 an Murgers „Scènes de la vie de Bohème“ und Alfred de Mussets
436 2693 1706 2738 Poeten mitklingen sollte. Wie Anatol hier von seinen Erinnerungen
263 2687 398 2745 mit sich
1744 2703 3007 2761 „Proverbes“, deren Schatz die deutschen Bühnenleiter noch immer nicht
430 2725 1709 2786 spricht, das klingt an die Worte an, die Goethe einmal (1779) auf seine
247 2732 407 2786 wie Ver¬
1744 2745 3007 2802 gehoben haben, zu erinnern sein. Murgers Sentimentalität gehört
263 2777 968 2850 den Vereignen Dichtungen anwandte:
1744 2780 3011 2844 freilich einer entschwundenen romantischen Periode an; bei Anatols Ver¬
667 2799 1363 2879 „Holde Zeugen süß verträumter Jahre,
269 2822 401 2873 die
1747 2831 3011 2892 hältnissen klingt die sinnliche Note stärker hervor. Aber um ihm gerecht
667 2863 1282 2908 Falbe Blumen, abgeweihte Haare,
279 2860 407 2918 Donau
1741 2870 3007 2934 zu werden, muß man die Stimmung, aus der heraus die einzelnen
664 2882 1430 2953 Schleier, leicht geknickt, verblichne Bänder,
276 2908 401 2963 rauterer
1754 2918 3007 2972 Szenen geschaffen sind, diesen Glauben, unter den Liebeleien einmal
660 2934 1292 2985 Abgeklungner Liebe Trauerpfänder.
260 2956 401 3007 es alten,
1747 2956 3001 3014 doch die wahre Liebe zu finden, berücksichtigen. In der „Episode
500 2950 1709 3027 Damit ist es natürlich ganz und gar nicht vereinbar, wenn Anatol
256 2995 401 3052 ingen ist
1738 3004 3007 3056 die gelegentlich eine so seine Verspottung der jugendlichen Verehrer Nietzsche¬
430 3011 1709 3075 an seinem „Hochzeitsmorgen" als ein voller Kretin erscheint. Nichts
256 3040 398 3091 kommen,
1744 3046 3014 3107 einflicht, schildert Anatol diesen Zauberborn sehnsuchtsvoll träumerischer
439 3059 1709 3123 schlimmeres kann man der feinen, graziösen Dichtung antun, als wenn
256 3084 404 3142 enschen¬
1744 3091 3014 3142 Stimmung, in den er alle, die er liebe, tauche. „Und das macht mir
430 3107 1709 3161 man den stets verliebten Poeten Anatol, in dem Schnitzler sich selbst
250 3129 398 3181 te. Der
1744 3133 3007 3193 das Leben so vielfältig und wandlungsreich, daß mir eine Farbe die
430 3152 1709 3216 gezeichnet hat, nach dem leider so beliebten Vorbilde Alexanders spielt.
237 3171 401 3219 lassen die
1744 3171 3014 3229 ganze Welt verändert. Tausend andere tappen hinein in irgend ein
439 3193 1709 3248 Herrn Skoda, der im ersten Stücke den lieben, leichtsinnigen Kerl
221 3213 401 3274 stück er¬
1747 3213 3011 3274 Abenteuer, brutal mit offenen Augen, aber mit verschlossenem Sinn,
436 3235 1709 3293 so treuherzig zu spielen wußte, stehen bei seiner Künstlerschaft
212 3254 404 3312 des jungen
1744 3261 3017 3318 und es bleibt farblos für Euch! Aus meiner Seele aber, ja aus mir
436 3283 1715 3334 weit bessere Mittel zu Gebote, als daß er die Manieren der im
234 3299 407 3354 der Vor¬
1751 3299 3007 3367 heraus blitzen tausend Lichter und Farben drüber hin, und ich kann
439 3318 1706 3373 Berliner Residenztheater gespielten Possen auf Schnitzlers liebenswürdig
186 3341 407 3395 erhalb Öster¬
1747 3347 2389 3411 empfinden, wo ihr nur — genießt."
446 3367 1709 3427 feine Lustspielszenen anzuwenden brauchte. So wie es im „Hochzeit¬
189 3386 398 3450 dramatischen
1815 3376 3011 3456 Damit gibt Schnitzler selbst dem Leser, dem Schauspieler und Spiel¬
430 3408 1712 3463 morgen" geschehen ist, dürfen Anatol und Ilona nicht gespielt werden.
1744 3440 3007 3501 leiter an, wie er diese Reihe von Liebesszenen verstanden und dar¬
436 3456 1706 3511 Herr Bonno hat mit großer Sorgfalt für elegante Schauplätze gesorgt
106 3440 407 3533 leitern in Deutsch¬
1744 3479 3011 3546 gestellt wissen will. Und wir dürfen uns freuen, daß diese echte Dichter¬
436 3498 1722 3556 nur dürfte nach einer Außerung Anatols in der „Episode der letzte Ein¬
83 3517 407 3572 sie auch Schnitzler
1744 3527 3014 3585 gabe nun nach siebzehnjährigem Buchleben wenigstens in ihrem größeren
439 3543 1424 3620 akter nicht in derselben Wohnung wie der erste spielen.
45 3556 404 3617 ein schwierig zu in¬
1744 3569 3014 3629 Teile zum Leben auf der Bühne erweckt wurde. „Anatol" hat sein
38 3594 401 3652 mochten. Um aber
507 3581 1715 3649 *) Artur Schnitzler, Anatol illustriert von M. Coschell. Erste bis
2828 3613 2924 3678 —
1744 3610 2305 3684 Theaterblut länzend bewährt.
38 3636 404 3697 Otto Brahm auf das
442 3642 1712 3694 dritte Auflage. Berlin, S. Fischer Verlag 1901. 206 S. gr. 80. Geb.
45 3678 1744 3738 de 1893 erschienenen 5 Mk. — Ohne Illustrationen 10. Auflage 1909. 146 S. 80. Geb. 3 Mk.
