3296 4224
109 192 425 277 4.9. An
845 188 1027 257 lus
601 218 880 292 .
1219 174 1570 269 box 8/6
2052 241 2447 305 Pressrelationsbureau
1778 281 2005 340 Wien « Paris
2481 275 2733 343 Genf Brüssel
1837 326 1945 392 London
2535 334 2689 390 New-York
2134 318 2351 384 „Hansa"
2019 407 2482 467 Inh.: Ingenieur M. Krause
1918 463 2564 528 Berlin N. 23, Holsteiner Ufer
1742 527 2748 575 liefert Nachrichten über jedes Gebiet aus der gesamten Presse
1997 571 2495 645 schnell, complett, preiswert.
2026 651 2815 725 Hannoversches Tageblatt
1748 668 1945 745 Zeitung:
1747 762 1899 846 Datum:
2213 792 2568 884 18. Sep. 1911
1930 867 2632 939 „Anatol" im Deutschen Theater.
1829 924 2740 976 Wenn die Sache nicht mit so viel Esprit zurecht¬
1807 970 2741 1013 gemacht wäre, könnte man diesen Einakter=Cyklus
1807 1004 2743 1049 „Anatol“ von Arthur Schnitzler abscheulich
1816 1039 2743 1081 finden. Denn vom ersten bis zum letzten Worte
1810 1076 2743 1116 dreht sich alles um die bekannten „süßen Mädel“. Es
1816 1109 2689 1151 ist buchstäblich von nichts anderem die Rede.
1816 1142 2737 1186 Held sämtlicher fünf Stückchen ist Anatol, ein junger
1810 1181 2743 1222 Wiener, der anscheinend in der Welt nichts weiter
1807 1212 2741 1255 zu tun hat, als zu liebeln und sich betrügen zu
1810 1249 2743 1294 lassen. Das geht von der Cora zur Annie und von
1810 1284 2746 1320 der zur Bianka und zu fast unzähligen anderen, die
1807 1318 2737 1363 in dem vierten der Stucke, „Episode", summarisch
1807 1353 2743 1391 vorgeführt werden, bis endlich an „Anatols Hoch¬
1810 1384 2751 1431 zeitsmorgen" Ilona den Reigen schließt — wenigstens
1807 1424 2743 1462 für die Zeit des sogenannten Junggesellenstandes.
1810 1458 2743 1497 Denn sicher wird dieser Anatol auch nach der Hoch¬
1807 1488 2741 1536 zeit noch nicht verzichten auf die verlockenden Mädel
1810 1526 2743 1571 von Hernals, Döbling, Florisdorf und wie alle die
1810 1557 2740 1605 Vororte heißen, in denen der junge talentvolle
1807 1598 2743 1647 Wiener seinen Amouren nachgeht. Es ist eine Finesse
1802 1631 2740 1672 des Verfassers, daß er seinen Anatol mit einer ziem¬
1810 1668 2743 1711 lichen Portion von — sagen wir: Harmlosigkeit aus¬
1808 1699 2720 1746 gestattet hat. Er ist keiner von den Gerissenen. W
1817 1732 2715 1777 er auch anbändelt, immer ist der Hineinfall siche
1810 1768 2746 1812 Das hat etwas Versöhnliches. Nur in dem zweiten
1810 1806 2756 1845 Bildchen, „Weihnachtseinkäufe", hebt er sich im
1807 1836 2747 1881 pikanten Geplauder mit einer wirklichen Dame über
1813 1875 2747 1916 sein sonstiges geistiges Niveau hinaus, und es kann
1810 1910 2746 1958 bei dieser Gelegenheit gleich erwähnt werden, daß
1807 1947 2753 1990 „Weihnachtseinkaufe der geistreichste und auch
1810 1974 2743 2022 psychologisch wertvollste unter den Einaktern ist, wäh¬
1807 2016 2741 2058 rend als dessen Antipode die „Episode den schwachsten
1807 2049 2741 2087 darstellt. Den Anatol spielte Julius Arnfeld
1810 2082 2740 2130 sehr gewandt und liebenswürdig. Wo sich ihm eine
1810 2117 2737 2156 Gelegenheit zur Vertiefung des im ganzen sehr ober¬
1813 2152 2741 2198 flächlichen Charakters darbot, da nahm er diese ge¬
1807 2187 2737 2235 schickt wahr, so in den schon erwähnten „Weihnachts¬
1802 2225 2743 2270 einkaufen. Im übrigen bekundete seine Darstellung
1810 2262 2740 2308 guten Humor, der auch sehr wirksam war als
1807 2289 2743 2337 Galgenhumor in der verzwickten Lage des Schluß¬
1807 2326 2741 2377 Stückes, als eine zärtliche Freundin ihn fast am Er¬
1813 2361 2743 2410 scheinen bei seiner eigenen Hochzeit hindert. Ge¬
1807 2398 2741 2440 schickt wußte er über das Heikle der Zustande hinweg¬
1802 2433 2740 2479 zueilen durch die Bonhomie, die er in der Darstellung
1807 2469 2743 2506 entwickelte. Wie ein großer dummer Junge stand er
1807 2506 2737 2555 den Ereignissen gegenüber und entwaffnete damit
1810 2540 2740 2579 die moralische Kritik. Die zweite durch fast alle
1807 2573 2737 2615 Stückchen hindurchlaufende Figur ist Max, der
1816 2607 2740 2646 Freund und Vertraute, der anhören muß, was man
1810 2642 2740 2682 in einem modernen Stücke nicht als Monolog vor¬
1802 2676 2740 2716 bringen kann und will. Richard Eivenack nahm
1810 2707 2740 2751 sich dieser Rolle mit Eifer und Geschmack an. Er
1807 2748 2747 2786 war ein interessierter Zuhörer und gelegentlich auch
1807 2782 2741 2820 sieptischer Widerpart. Sein Lachen klang herzlich
1813 2819 2741 2866 und wirkte ansteckend. Alice Altman=Hall
1816 2850 2740 2899 spielte in „Weihnachtseinkäufe die Dame sehr fein.
1813 2879 2737 2927 Pikanterie und Gefühl vereinigten sich in ihrer Dar¬
1812 2919 2737 2962 stellung zu einem natürlich anmutenden und sehr
1807 2959 2741 3006 gefälligen Ganzen. Die übrigen Mitwirkenden waren
1807 2989 2741 3027 mit Ausnahme von zwei Dienern sämtlich Repräsen¬
1807 3025 2740 3066 tanten der „füßen Madel“, ein Quartett von Typen
1802 3053 2740 3107 dieser Spezies. Da war Cora, die zarte und an¬
1807 3090 2737 3132 schmiegsame, die aber doch ihrem Liebhaber gegen¬
1802 3130 2743 3171 über kein ganz reines Gewissen hat, ferner Annie,
1808 3160 2742 3209 der das Verhältnis zu Anatol hauptsächlich als eine
1807 3195 2737 3242 Garantie für gut Essen und Trinken erscheint, dann
1802 3229 2740 3274 Bianka, die Moment=Liebhaberin, die in der Fülle der
1810 3268 2743 3309 Gesichte ihres Minnelebens sich des einzelnen nicht
1801 3303 2740 3350 mel: entsinnen kann, endlich Ilona, die Päbe, die sich
1802 3336 2740 3380 nicht leicht abschütteln läßt und sogar vor einem
1810 3372 2743 3412 Skandal nicht zurückschreckt, um ihre Position zu be¬
1810 3407 2743 3455 haupten. Mia Hellmuth hatte die Annie im
1805 3436 2738 3483 „Abschiedssouper" schon im vorigen Jahre hier ge¬
1810 3476 2740 3522 spielt, und der damalige Erfolg blieb ihr auch jetzt
1801 3509 2740 3560 treu. Sie war ein fescher Racker, naiv in ihrer
1810 3538 2743 3587 Lebensanschauung, resolut in ihren Aeußerungen.
1810 3581 2740 3621 Edith Palfi spielte die zarte Cora in „Die Frage
1810 3617 2743 3655 an das Schicksal sehr zierlich und gut durchdacht.
1810 3643 2733 3688 Bianka in Episode“ wurde von Leonie Duval
1801 3681 2717 3724 richtig charakterisiert, und im „Hochzeitsmorgen
1801 3720 2740 3757 fand Marga Malten für die Ilona den rechten
1802 3752 2733 3795 Ton, der das Gefährliche dieser Person plausibel
1810 3791 2728 3829 genug machte. — Der Cyklus ist für vorurteilslose
1807 3826 2737 3864 Zuschauer sehr amüsant. Schnitzler versteht sich auf
1802 3858 2737 3903 die leichte, geistvolle, prickelnde Konversation und hat
1802 3889 2740 3938 es auch an interessanten Situationen in seinem
1802 3923 2733 3972 „Anatol“ nicht fehlen lassen. Daher fanden die fünf
1801 3961 2459 4005 Einakter eine sehr gute Aufnahme.
2565 3957 2750 4013 Für die
1802 3990 2746 4050 Regie zeichnete Direktor Dr. George Altman.
2623 4032 2715 4086 Fg.
