3436 4256
256 181 1184 278 4.9. Anatol - Zyklus
873 732 1027 802 1
502 783 1338 841 -
491 824 1353 914 BERLIN SO 16. RUNGESTRASSE 22-24
538 992 1349 1110 Frankfurter Zeitung
675 1087 1154 1162 Ausschnitt aus der Nummer von
1075 1118 1405 1218 MAIDA
799 1206 1056 1291 Abendblatt
373 1367 1460 1419 Frankfurter Kammerspiele.] Recht frühzeitig gratu¬
316 1419 1449 1470 lierter die Frankfurter Kammerspiele Arthur Schnitzler zu
322 1454 1448 1511 seinem 60. Geburtstag am 15. Mai, indem sie seinen Unverwüstlich¬
316 1497 1449 1548 charmanten „Anatole-Reigen in graziöser neuer Aufbügelung
319 1537 1445 1581 vorübergleiten ließen. So fesch und erfrischend diese Folge stets
319 1576 1453 1626 von neuem wirkt und mitreißt, so traurig stimmen diese Szenen
316 1614 1453 1672 vom goldenen Wien uns jetzt in dieser Zeit, da die goldene Stadt
325 1651 1454 1702 und ihre Menschen so furchtbar leiden. Doch den Geist, den
325 1688 1451 1740 Charme vom alten Wien spürte man besonders stark, wie ein halb¬
329 1732 1454 1780 verwehtes, seines Parfüm, gerade bei der gestrigen zartgeleiteten
325 1765 1453 1822 Vorführung. Der Anatol des Herrn Hennings totschick, träu¬
325 1807 1456 1857 merisch hingegeben, sicher in seiner sorglosen Redeweise, ein lieber
325 1843 1451 1902 Kerl, der von Humor und vom graziösen Spielertum Herrn Sell¬
325 1884 1460 1937 nicks freundschaftlich umstrahlt wurde. Von den Damen am stil¬
329 1921 1453 1980 gewandtesten Frl. Rohde, ein süßes Kätzchen, tändelnd und
329 1962 1457 2013 wägend zwischen all den Männern, leidenschaftlich aufbrausend in
322 1997 1456 2051 ihrer ungebändigten Eifersüchtelei. Frl. Heiden und Frl. Klee
321 2040 1472 2091 traten gegen diese Seelenmalereien ein klein wenig zurück; aber auch
337 2081 1464 2135 sie waren eben süße Mägdelein, ausgestattet mit den Vorzügen und
1295 2115 1422 2183 .
322 2124 845 2196 Nachteilen aller lieben Frauen
881 2681 1300 2805 4 - MAI
481 2807 621 2886 E
545 2872 1413 2946 Theater in Frankfurt a. M. In dem „Zyklus
476 2911 1410 2991 moderner Dramen des Frankfurter Schauspielhauses
484 2956 1410 3029 präsentiert sich jetzt Sternheims „Manon
486 3007 1408 3064 Lescaut". Manon als Manna für die Theater¬
489 3045 1407 3102 hungrigen, kulissendustgeschwängert, gefühlsumsäuselt,
483 3094 1408 3140 mit grade so viel Problematischem, um die rein stoff¬
476 3126 1410 3191 liche Wirkung auszugleichen. Und die Bürgerkanaille
478 3170 1402 3226 als lustige Person dabei! Man zeigte sich dankbar, und
478 3210 1403 3270 es wurde ein ansehnlicher Erfolg mit vielfachen Her¬
483 3251 1403 3315 vorrufen des anwesenden Dichters. Und mit einem
481 3294 1407 3343 bleibenden wundervollen Bild — Fritta Brod —
473 3331 1407 3397 als Manon. Feldhammers Grieux ganz Hin¬
471 3381 1405 3431 gabe und Liebesflamme. Vortrefflich in Episoden
471 3416 1408 3492 Spanier als Tiberge, Impekoven als G. M.
471 3461 1243 3507 und Ebelsbacher als Früchtchenlescaut,
527 3499 1400 3566 Zur Vorfeier von Schnitzlers sechzigstem Ge¬
475 3526 1403 3593 burtstag genießt man in Hellmers Kammer¬
479 3577 1402 3642 spielen einen lebendigen „Anatol“=Abend voll
473 3621 1395 3688 Frische und Charme. (Regie Hans Hübner)
475 3659 1403 3720 Hennings als Anatol haucht ihm das ursprüng¬
467 3697 1399 3767 lich Wienerische, die Seele ein, liebenswert im Leicht¬
470 3748 1399 3808 sinn und von leise lächelnder Melancholie. Sellnick
467 3777 1389 3850 als Max zeigt sich als feiner Ironiker. Alice Rohde
467 3826 1389 3894 ist die vornehme mondane Gabriele mit der verhalte¬
464 3880 1392 3934 nen Leidenschaft und die wilde Ilonka mit beweegen¬
471 3900 1389 3972 dem, tragischem Unterton, Marion Heiden eine
471 3947 1392 4007 Annie von mitreißender Ausgelassenheit (unnachahm¬
471 3986 1391 4058 lich, wie sie den Schampus über den Tisch herüber¬
475 4024 1353 4108 sanat. Gretel Klee eine niedliche Bianca. J. M.
1378 186 1727 281 box 9/3
2800 1268 2897 1354 18
2345 1403 2438 1484 1
2008 1514 2845 1603 ses riches Aus-
2003 1562 2837 1665 BERLIN SO 16, RUNGESTRASSE 22-24
2002 1741 2834 1816 Königsberger Hartungsche Zeitung
2008 1788 2345 1873 Ausschnitt aus Nr.
2494 1803 2673 1859 vom
2188 1818 2648 1918 e
1865 1997 3007 2080 neues Schauspielhaus. Arthur Schnitzlers bekante
1745 2059 3005 2121 Geistreicheleien über das Thema Liebe fanden, neu einstudiert,
1740 2103 3013 2153 im Neuen Schauspielhaus ein dankbares Publikum. Sein
1748 2143 3010 2192 Einaktzyklus Anatol, der in seinen Strichen aus vier kleinen
1746 2184 3008 2238 Abenteuern eines Junggesellen typische Charakterzüge der Frauen
1740 2222 3004 2269 heraushebt und gleichzeitig doch auch auf die gedankenlos liebens¬
1737 2264 3007 2315 würdige Leichtfertigkeit der jungwiener Lebewelt der Vorkriegszeit
1754 2302 3010 2353 scharfe Schlaglichter wirft, erhob sich unter der geschickten Regie
1741 2338 3004 2384 Oskar Wallecks weit über das Niveau der unterhaltsamen
1748 2380 3000 2427 Plauderei zu fesselnder Menschendarstellung. Den Anatos gab
1740 2418 2996 2465 Oskar Walleck selbst und stattete ihn mit dem ganzen Charm¬
1737 2457 2999 2507 der altösterreichischen goldenen Jugend aus, der bei aller naiven
1745 2499 3005 2550 Selbstsucht mit seiner ein wenig ins Sentimentale gehenden müden
1737 2532 2999 2575 und doch warmen Genußfreudigkeit eine suggestive Wirkung nament¬
1735 2573 2992 2624 lich auf Frauenherzen oder Frauensinne ausübte. Max Friedrich
1737 2613 2999 2664 wirkte dabei in der Rolle des Skeptikers „Max als wirksame Folie.
1737 2646 3005 2704 Auch die vier Frauentypen, das hingebende süße Mädel Cora,
1741 2686 3004 2738 in der „Frage an das Schicksal, die unentschlossen zaudernde
1740 2730 3000 2778 Mondane Gabriele in „Weihnachtseinkäufe, die leichtlebige
1740 2765 3000 2813 Ballettratte Annie im „Abschiedssouper und das temperament¬
1741 2810 2999 2861 volle rassige Vollweib Ilona in „Anatols Hochzeitsmorgen fan¬
1737 2843 2992 2892 den in Grete Holtz=Walleck, Ruth Baldor, Mizzi Mössi¬
1741 2888 3002 2935 Friedrich und Helene Sauer Vertreterinnen, die mit seiner
1738 2918 1878 3004 Intuit
2026 2926 3000 2975 sychischen Linien der Charaktere gefunden und in
2022 2964 3010 3035 nat hatten Die Ausstattung kam in ihrer
