3436 4256
287 197 1253 318 4.9. Anatol - Zyklus
639 795 1392 956 ner Ladung (and in
324 839 664 946 Ausschnitt aus:
564 922 749 1013 1913
473 1084 1130 1187 Deutsches Theater.
490 1153 1327 1223 (Fr.) Gestern wurde Anatol von A.
377 1206 1334 1292 Schnitzler aufgeführt. Es sind vier Gespräche
362 1322 1312 1379 über die Liebe, von zwei jungen Herren, die
367 1371 1240 1437 sonst nichts zu tun haben, als zu „lieben
362 1423 1312 1475 sind vier Spielereien um das Elementarse des
350 1465 1313 1524 Lebens. Das ist alles sehr geistreich, witzig und
353 1517 1330 1567 sein — und so verdammt oberflächlich, daß man
353 1558 1312 1612 an sich halten muß, nicht loszufahren: den Teu¬
356 1610 1322 1679 sel, wann kriegt man da endlich etwas zu fassen,
348 1669 1324 1724 etwas Stankes, Echtes, Tiefes, Schönes, oder
356 1710 1309 1772 auch etwas Furchtbares, was immer, nur soll
353 1764 1309 1828 es einen packen! Es packt nicht, und ist doch sehr
362 1811 1312 1869 geistreich, sehr witzig und sehr fein, mit einem
356 1859 1305 1916 Wort sehr kultiviert und langweilig. — Das
353 1909 1319 1962 Theater verlangt eben ein Ausgraben und Be¬
356 1951 1306 2014 pflanzen des menschlichen Lebens; Schnitzler geht
348 2007 1171 2069 hier aber spazieren und pflückt Bumen.
442 2048 1301 2113 Die Darstellung litt an dem greulichen
348 2096 1298 2161 Raum, worin sie vor sich gehen mußte. Die Ge¬
359 2146 1298 2200 spräch sollen in im sein und so en passant dahin¬
353 2201 1298 2259 fließen; sie mußten aber geschmettert werden,
349 2252 1301 2313 weil sonst kein Wort verstanden worden wäre.
350 2294 1299 2346 Das führende Element, die Sprache, verzerrte
359 2342 1301 2403 sich derart, daß auch alles andere verrenkt wur¬
345 2389 1303 2456 de, vergröbert, brutalisiert. Immerhin hielt sich
341 2445 1298 2512 die Aufführung auf gutem Niveau. Kurt Wonger,
341 2491 1298 2545 Hans Olden, Lolly Lederer und Emmy Bognar,
335 2542 1301 2593 die besten Kräfte des Ensembles, mühten sich
345 2591 1303 2645 aufs redlichste, die äußere Ungunst für ihr Spiel
335 2632 1298 2697 zu überwinden. Eine angenehme Ueberraschung
341 2687 1301 2740 war Melitta Bernhardt im Abschiedssouper: ein
345 2726 1295 2800 starkes Talent, noch ein bißchen spröd und un¬
338 2780 1112 2867 gelenk, machte sich energisch bemerkbar.
1398 205 1757 301 box 9/1
1696 1125 2825 1232 Ausschnitt ihrer Vollstand, der
1702 1272 1823 1341 vom
1734 1293 2708 1382 Dornbirn, 23. Mai. (Ehren= und Ab¬
1693 1368 2701 1438 schiedsabend Watkin Brauer.) Wie
1700 1420 2695 1495 bereits gemeldet, wird Dienstag, den 27. ds.
1702 1479 2704 1537 im „Mohren“ die letzte Vorstellung der dies¬
1704 1519 2704 1603 jährigen Frühjahrssaison als Ehrenabend für
1704 1572 2700 1643 den Spielleiter Brauer gegeben, der sich
1706 1616 2695 1693 Schnitzlers geistvolle Komödie „Anatol" ge¬
1696 1669 2705 1737 wählt und damit sicherlich einen tatkräftigen
1700 1710 2694 1789 Helfer für das Zustandebringen eines geschmack¬
1696 1766 2691 1833 vollen und befriedigenden Theaterabends gewon¬
1697 1813 2686 1889 nen hat. Artur Schnitzler, dessen fünfzig¬
1704 1861 2694 1938 jähriger Geburtstag auf allen österreichischen
1695 1914 2701 1990 und deutschen Bühnen durch Festaufführungen
1665 1955 2732 2056 gefeiert wurde stattliche wider im Vor¬
1657 2030 2667 2159 dergrund des Interesses infolge der neuen präch¬
1655 2120 2633 2186 tigen Erfolge seiner letzten Werke „Das wei¬
1657 2168 2662 2249 Land“ und des in Wien auch als Privatauffüh¬
1657 2214 2667 2275 rung verbotenen Aerztestücks „Professor Bern¬
1654 2265 2667 2336 hardi“. Am liebsten sieht man aber doch in
1654 2308 2653 2374 Schnitzler den liebenswürdigen Anatol¬
1647 2355 2653 2435 dichter, als der er seinerzeit seinen literari¬
1647 2412 2656 2480 schen Ruf noch mehr als durch das bekannte
1643 2450 2655 2532 „Liebelei“-Drama begründete. Der Anatol ist
1648 2508 2648 2572 uns fast zur bleibenden Figur der neueren Lite¬
1643 2560 2656 2628 ratur geworden, sodaß man ihn in Dornbirn
1641 2598 2649 2681 bei seinem erstmaligen Erscheinen auf der Bühne
1654 2648 2432 2709 gewiß froh willkommen heißen wird.
2526 2666 2646 2728 Dem
1643 2697 2643 2769 Anatol Watkin Brauers zollte die deutsche
1669 2745 2649 2821 Presse in St. Petersburg viel Anerkenn¬
1643 2808 2646 2867 ung und lobte den leichten trocknen Humor und
1637 2845 2640 2915 die auf den echten Wiener Ton gestimmte Ver¬
1640 2892 2555 2960 körperung dieser Wiener Dekadence Type.
1643 2914 2638 3018 Hier wird sich am Dienstag die reife kluge
1636 2992 2632 3070 Kunst Elsa Luise Hauptmanns zu ihm ge¬
1644 3037 2633 3115 sellen, die seine Partnerin spielen wird, und
1628 3082 2629 3165 Willy Schenk als Freund Max, dieser welt¬
1638 3146 2619 3216 gewandte nachsichtige und gescheite Lebemann
1631 3188 2656 3279 der gerade in Schenk seinen geeigneten Interpre¬
1626 3232 2017 3326 ten gefunden hat.
