3436 4256
588 538 1425 600 Eine Szene aus den Einakter „Weihnachts¬
595 591 1336 649 einkäufe Gustav Waan (Anatol.
704 625 1346 692 Herta Hagen-Waldau (Gabriele)
592 667 1424 725 blüte, die da in der Figur des „Anatol“ ver¬
585 719 1425 768 ewigt sind — wer kann sie, ihr Idiom (worin
585 750 1426 815 aristokratisches Spilwasser die mosaische
584 805 1422 871 Kehle glättet, ihre Erotik (worin die Be¬
596 865 1425 922 griffe Schubert und Maupassant ein
586 904 1420 973 schmieriges Tete-a-tetscherl miteinander ein¬
593 955 1429 1015 gehen) noch vertragen? Was sie Anno Anatol
585 1006 1417 1065 erlebt haben, das wird heut in Adolf Bretts
588 1044 1155 1097 Pavillon sehr leicht abreagiert!
622 1098 1420 1171 Es tut mir um Schnitzlers willen leid, so zu
579 1151 1420 1212 sprechen. Wie gerne hätte ich bei anderem
586 1198 1418 1256 Anlaß diesem noblen, tagabgewandten Mann,
588 1237 1426 1298 der mir, seit ihn in Berlin die jungdeutsche
582 1282 1414 1339 Diebsgeneration der Brust und Brechte ange¬
586 1335 1418 1393 blasen hat, immer wärmer ans Herz wuchs.
579 1385 1037 1460 ein Loblied angestimmt!
614 1460 1422 1537 Die Aufführung im Theater der Schauspieler
578 1507 1420 1584 (unter Paul Kalbecks Regie) war gleichsam
582 1568 1414 1627 in Lackbraun gehalten. Patrizisch, stimmungs¬
579 1616 1417 1676 breit und wie von Wiener Sommerabendluft
578 1665 1407 1715 beklommen. Weniger wienerisch freilich mute
582 1709 1417 1763 ten die Gestalten an. Oder sollte die Ge¬
579 1759 1417 1831 zwungenheit, mit der sie (Gustav Waldau und
579 1794 1424 1862 Herta Hagen ausgenommen) den Dialekt
582 1846 1415 1916 sprachen und ein intellektueller Unterton ihres
579 1894 1414 1978 Gehabens die erwähnte Gemischtheit der Cot¬
581 1938 1049 2014 tage-Welt widerspiegeln?
618 2005 1408 2059 Gustav Waldaus-Anatol — der „Schwie¬
574 2047 1404 2099 rige als Buberl. Scharmant, ewig-gedämpft
582 2096 1407 2153 vom Stimmungswind geschaukelt und all¬
573 2138 1407 2207 fälligen Taktlosigkeiten der Vorsehung gotter¬
577 2192 1411 2250 geben entgegenharrend; dabei von einer Heiter¬
574 2242 1411 2291 keit, die den geladenen Browning in der Tasche
573 2290 1410 2344 trägt. Ein Anatol kurzgesagt, der damit sein
568 2339 1406 2408 Auslangen fand, den Gustav Waldau zu ko-
568 2379 706 2437 pieren.
603 2415 1403 2491 Herrn Rainers Max war freundlich-frostig,
566 2473 1404 2531 aber wenig heiter, Fräulein Geßner von
571 2530 1406 2585 schnippischem und kabarettscharfer Humor,
568 2570 1413 2627 Maria Fein ein distinguiertes Luder, Fräulein
574 2621 1407 2681 Urban-Kneidinger unerheblich blond. Hingegen
563 2664 1399 2724 Herta von Hagen (in den „Weihnachts¬
568 2717 1407 2782 einkäufen") eine vollendete Dame. Die Hilf¬
566 2760 1404 2822 losigkeit, mit der sich die Mondänität gegen
567 2821 1406 2870 das Weichwerden zur Wehr setzt und wie dann
563 2865 1400 2915 die inneren Wärmestrahlen durch den Seal¬
563 2915 1401 2989 bisam-Panzer brechen, das hatte bei ihr adelige
564 2955 696 3023 Grazie.
603 2987 1395 3066 Aber was hilft das alles? Das Erträgnis
561 3041 1401 3123 blieb doch nur: pikante Kulturgeschichte —
559 3107 1393 3170 ein vergilbter Zeitungsband, in Saffian gebun¬
559 3158 1396 3227 den. Anatols Land ist uns fern wie Anatolien.
1137 3205 1375 3287 Anton Kuh.
1471 58 1586 110 seine
1468 103 1572 157 mach
1468 148 1576 213 in ei¬
1468 201 1576 259 Juger
1468 245 1580 301 fremd
1476 297 1565 352 über
1471 342 1583 399 monat
1471 388 1584 452 kinas
1471 437 1594 495 Erinne
1468 488 1590 549 ist da
1469 535 1587 596 aufge¬
1468 578 1586 645 ist se
1475 692 1572 747 mäßi¬
1469 744 1573 798 psych
1467 794 1573 847 störu
1468 833 1575 894 Phra¬
1468 887 1576 950 schaf
1471 933 1566 999 depre¬
1475 983 1561 1040 Über
1462 1033 1568 1091 doch
1462 1079 1566 1146 nicht
1467 1187 1565 1253 kapit
1464 1241 1568 1302 opti¬
1464 1286 1562 1343 auch
1464 1335 1561 1396 in
1457 1381 1560 1439 könn
1464 1428 1561 1490 Bank
1461 1481 1562 1539 selbs
1468 1530 1560 1580 örter
1461 1573 1564 1639 fleißi
1464 1626 1554 1687 aus
1454 1862 1533 1923 des
1456 1959 1535 2020 Mu
1460 2161 1536 2222 iron
1804 126 2316 244 4.9. Anatol
2476 147 2736 245 Zyklus
2913 143 3262 244 box 9/3
2111 1027 2312 1159 12
2020 1128 2179 1205 Selle
2480 1127 2883 1212 Wien. Donnerstag
2010 1234 3079 1289 — 8 Uhr: Abendprogramm. 5. Radio=Volks¬
2011 1277 3076 1334 liederabend des Deutschen Volkslieder¬
2018 1316 3086 1371 Gesangvereines. 1. Kleiner gemischter Chor: 2) Die
2006 1342 3076 1414 Königskinder, b) Ade, o Frau; 2. Herr Josef Volk: a) Wach
2014 1392 3079 1456 auf, mein Herzensschöne, b) Gut Nacht, Vom Mittelhein am
2017 1428 3079 1493 Flügel Frau Elsa Richar): 3. Instrumentalmusik: Zwei
2013 1474 3083 1532 Geigen Fräulein Marie Jägerschmied, Herr Karl
2006 1503 3077 1566 Kabat) und Gitarre Herr Dr. Edmund Neusser);
2010 1553 3077 1604 4. Gemischter Chor: a) Schein uns, du liebe Sonne, b) Lie¬
2013 1573 3080 1643 bezweifel und Liebestrost; 5. Herr Josef Bölk: a) Gedenke
2014 1623 3071 1682 mein, b) Landsknechtlied (am Flügel Frau Elsa Richar)
2014 1662 3076 1722 6. Instrumentalmusik. — 9 Uhr: Liederabend bunter
2011 1694 3079 1762 Teil). Mitwirkend: Anton Arnold (Staatsoper), Edith van
2014 1736 3076 1816 Aust (Liedersängerin), Quartett Klein (Staats¬
2016 1776 2115 1831 oper).
2041 1873 3010 2010 Bühne und Kunst.
2394 1985 2631 2089 „Anatol.
2228 2078 2824 2150 Zum ersten Male bei Reinhardt.
2067 2131 3073 2204 Man soll Vergangenem, unwiederbringlich Verlorenem
1957 2190 3071 2262 keine Träne nachweinen. Und doch kann man den Typ „Ana¬
1966 2235 3075 2312 tel" nur mit einer Träne im Auge genießen. Welke Blätter,
1967 2296 3076 2350 dustlose Blumen, vergilbte Locken, der ganze Firlefanz der
1964 2332 3071 2404 Liebe hüllt dich in den Zauber verschollener Jugend, die Träne
1977 2384 3076 2452 quillt, die illusionsarme Gegenwart hat dich wieder Wer ist alt
1966 2444 3068 2495 geworden, wir oder Anatol? Und wer kann diese Frage beant¬
1966 2480 3072 2555 worten? Paul Kalbeck, der Regisseur, ließ sie offen. Er
1975 2531 3071 2610 schleppte Anatol und Max und die „füßen Mädeln" hinein in
1967 2587 3069 2638 unsere Zeit und ließ sie darin schuldig werden. Nein, kehrt zu¬
1970 2637 3072 2696 rück in das alte liebe Wien, speiset bei Sacher, bummelt durch
1959 2667 3068 2734 die stillen Gassen und Gärten der Vorstadt, ade Anatol! Un¬
1963 2732 3064 2792 sere Anatols sind Bankbeamte, Fußballer, Eintänzer und
1957 2788 3059 2840 Kokainschieber geworden. Der gute Waldau legte der Sen¬
1959 2824 3068 2886 timentalität und Melancholie eine Dosis komischer Beschränkt¬
1959 2870 3068 2944 heit zu und Herr Rainer hatte wenig Lust, durch seine sep¬
1964 2925 3059 2985 tische Weltanschauung der Ueberlegene zu sein. Die Zeiten sind
1959 2967 3065 3026 flau, lau, welke Blätter. Und kein süßes Mädel auf der Bühne.
1959 3021 3055 3077 Frau Hagen eine noble, sich selbst verstehende, fast schon un¬
1959 3072 3058 3129 verstandene Dame, ein Lichtblick. Vielleicht hätte das Kostüm
1962 3108 3058 3172 der Neunzigerjahre einen Stil vorgetäuscht, die modern ge¬
1967 3161 3055 3220 schnittenen Röcke brachten zum Bewußtsein, daß sich um Ana¬
1959 3211 2574 3276 tols Lippen Falten eingeritzt haben.
2053 3255 3032 3351 Und jetzt die Antwort: Anatol ist alt geworden. 0. r.
2024 3377 3000 3466 „Fräulein Heute unsere Geliebte!"
