3344 4256
360 48 1498 112 que lo de la de
1105 88 1833 127 se discovered what parts they really were
360 99 1078 145 Mr. Ames intended to be realistic. The
1105 118 1831 165 to play she swept like a whirwind through
360 130 1074 189 heart sufferings of Anatol at this particula¬
1105 152 1820 198 Anatols bacher chambers. The two
360 171 1074 211 moment are concerned with his doubts as
1105 178 1825 226 escaped ultimately. The damage to furni¬
364 204 1072 246 to the fidelity of Hilda, His friend Ma¬
365 220 1825 285 who is the recipient of all the young heretur, china and the other contents of the
365 246 1827 318 confidences, suggests that he hypnotis room was considerable. Isabelle Lee as
1105 283 1829 334 the decieved Lona was perhaps a little too
365 307 1080 351 the young woman and question her. She
1109 318 1833 362 strongly suggestive of the type she was
365 343 1078 386 begins by telling one fib. Under the in¬
1105 354 1829 398 acting, but she understood the humor of
369 371 1074 422 fluence of the medium se admit that
1109 384 1842 435 the situation. Doris Kenne, who acted Mimi
360 404 1078 448 she is 25 instead of 19. This so alarms be¬
1109 430 1827 483 at The Farell Supper, committed the
360 441 1083 485 lover that he proceeds slowly. Indeed he
365 455 1831 514 is so much frightened that he conductae faut as Misse. Seeger
356 492 1834 551 his investigations very cautiously and the side of imis character which does not
365 523 1829 593 the end brings back Hilde to complete son come to the surface in such European types.
1109 558 1825 600 The existence of such a character as Anato
365 573 1080 622 sciousness rather than have her tell hin
1118 595 1609 643 impossible only
365 608 1082 659 perhaps a truth he does not want to hear
1320 632 1407 672 nent
1201 630 1291 674 refin
369 645 1085 689 Marguerite Clark acted very gracefully
1148 663 1522 714 the associate
365 679 1076 731 the part of the heroine who is not so in
1153 698 1568 736 Mr. Barry more had his
373 718 779 766 genuous as she seemed.
1113 725 1570 769 sonality and his good lool
433 738 1544 806 An Episode followed this opening, eve¬
369 791 1475 837 which showed the audience a type of drama¬
376 813 1085 859 it had never seen before, since it is only
1115 826 1535 876 finished light comedian
375 848 1085 902 the tracter of the hero which links the
389 865 1669 920 las together. An Episodes alto means are not numerous to¬
1115 898 1658 940 monotony of his gestures and
373 911 1087 962 delightful fooling. Anatol brings all the
1113 931 1645 979 limited control of the symbols
373 951 1087 999 souvenir of his past love airs to the
1118 962 1612 1015 whole in his possession
376 986 1594 1039 rooms of his friend Max. He has decided
373 1021 1087 1065 to lead a new life and was to have Ma¬
1118 1028 1568 1085 cause Anatolis always mo¬
389 1054 1599 1102 destroy them. Very single
375 1089 1093 1135 his memories. Of all the souvenirs none is
1118 1102 1576 1144 Gabrielle ho quite failed to
375 1124 1089 1168 more sacred than the envelope containing
1118 1138 1570 1181 pathetio note which Schn
384 1159 1091 1197 the role of his affair with the beautiful
1127 1164 1548 1208 wald Yorke played
376 1192 1091 1232 Bianca, who use to be with a circus. It
1120 1199 1568 1245 variety and was an admi¬
380 1219 1091 1265 happens that Bianca returns while Anato
1120 1236 1500 1284 volate friend. The
380 1258 1094 1306 is reciting the story of the old loves. She
1664 1265 1800 1313 roducti¬
1124 1260 1572 1320 que perfect in every de¬
376 1287 1100 1333 altogether fails to recognize Anatol, thinks
1129 1302 1669 1342 Normes seems to have
380 1326 1096 1368 he is somebody she met in Russie and has
1120 1339 1625 1399 plete popular as well as artist.
386 1362 1093 1403 come to the afternoon with his friend
389 1396 1100 1440 Max. So when he leaves the room and the¬
395 1430 1102 1469 ne
389 1469 1102 1508 arms of Max Gall Kane was a most al¬
389 1498 1085 1539 during the returned eius der
413 1520 1104 1579 in The Farewell Supper Anatol is again
376 1555 1102 1607 the victim of the lady of whom he has
384 1596 1100 1645 thought so much. He has decided to take
389 1636 1104 1684 leave of the charmins Mime of the Opera,
380 1669 1105 1713 and invites her to supper that he may make
376 1700 1100 1743 the painful announcement to her that they
384 1737 1107 1779 are to sup together no more. it happens
376 1774 1105 1814 that it has a confession of her own to
384 1805 1111 1849 make. She arrives at the restaurant for
384 1840 1111 1882 the purpose of letting Anatol know that
380 1869 1109 1924 che intends to respect his wishes and be
384 1910 1111 1950 always frank. 30 se tells her new first.
384 1941 1107 1985 She is hopelessly in love with a player in
384 1974 1109 2018 the orchestre. So complete in her devotion
376 2011 1102 2057 that he is willing to forge champagne
376 2047 1105 2091 and oysters and takes a handful of gar¬
424 2084 869 2121 ten as who leaves the room.
424 2091 1111 2150 Not for me, she calls consolingly over
384 2143 1093 2194 her shoulder to Anatol, they are for him.
428 2185 1131 2226 That is how window of a power
867 2211 1113 2259 blossom pile
398 2216 672 2262 hon in Vienna,
395 2242 700 2288 und
400 2286 621 2328 route
433 2314 562 2369 und
389 2484 586 2536 de
757 2516 977 2562 oman
389 2519 628 2567 earlier days.
380 2552 1133 2593 a little had a little resent of the tot
389 2591 1100 2631 which deprives her of pleasures that other
386 2620 1120 2666 women enjoy. Anatol is seeking some
389 2661 1113 2701 present for one of his humbler conqueste.
389 2694 1115 2734 he lives in a little room near the roof, with
398 2736 1109 2767 la paper, and is satisfied with the
389 2758 1118 2813 distant all of a garden on the other side
384 2793 1109 2837 of the street in the summer time. She is
386 2826 1111 2876 a princess in this humble castle and the
391 2857 1120 2909 story of her life as Anatol telis it to his
391 2899 1118 2938 mondaine love of former days appeals
389 2934 1115 2971 strongly to her. The present has not yet
398 2966 1118 3006 been bought when a taxicabis sighted and
389 3000 1115 3041 halled to carry the lady back to her husband
389 3037 1109 3079 and children. In a sudden burst of sym¬
395 3072 1111 3114 pathy for the girl Gabrielle she is the lady
389 3103 1118 3147 of fashion insists that Anato carry her
391 3136 1142 3195 a bunch of flowers which she has just bought
395 3175 835 3212 as her Christmas present.
428 3184 1118 3250 More broadly fartical in spirit was the
389 3232 1122 3285 last play of the series, called. The wedding
389 3281 1115 3320 Day. It moved the audience to such an
391 3313 1109 3353 outburt of genuine amusement that there
391 3344 1111 3386 could be no question as to the success of the
391 3377 1151 3419 play with the public. Athis last dinner with
398 3410 1115 3452 the family of his bride Anatol was bored. He
395 3443 1118 3491 went through the customary compliments
398 3482 1109 3520 with resignation. He was irrestibly led after¬
395 3513 1111 3555 ward to the ball at the opera house. There
395 3544 1126 3590 he saw all his old friends and met one whom
395 3575 1118 3621 he had known perhaps better than any of
389 3616 1122 3660 the others. When the ball was over at 6
398 3652 1124 3702 'clock in the morning she accompanied
400 3684 1115 3726 Anatol to his room for breakfast and is
389 3718 1115 3762 there on his wedding day. It is of course,
389 3744 1113 3797 quite impossible to acquaint the lady with
391 3781 1118 3827 the fact that at half past 12 on that day he
398 3823 738 3863 is to marry another.
415 3836 1168 3915 The humor of this episode is not so fines
