3436 4224
1388 141 1738 242 box 8/5
271 153 1201 270 4.9. Anatol - Zyklus
452 1092 816 1201 OBSERVER
433 1147 860 1264 1. österr. behördl.
481 1225 823 1309 konzessionirtes
577 1292 752 1353 Bureau
462 1314 859 1426 für Zeitung nachrichten
957 1310 1453 1426 4 DIEMER 1910
584 1398 757 1455 Wien, 1.
493 1434 826 1530 Konkordiaplatz
847 1420 1572 1573 Fremdenblatt,
625 1621 1398 1726 Theater und Kunst.
709 1718 1297 1814 „Anatol“ in Berlin.
441 1781 1688 1862 Aus Berlin wird uns vom 3. d. telegraphiert: Im Lessing¬
313 1850 1690 1913 Theater wurden fünf Akte aus Schnitzlers Einakterzyklus „Ana¬
309 1894 1681 1948 tol zum ersten Male aufgeführt. Die Darstellung wich der Gefahr, zu
318 1944 1676 2001 schwankmäßig zu wirken, vorsichtig aus und holte alle Stimmungen und
318 1991 1681 2051 Feinheiten des Dialogs sorgfältig heraus. Monnard spielte den
318 2035 1690 2094 Anatol recht gut, Reicher den Max. Am besten waren aber die
318 2090 1687 2147 Damen Somary, Lossen, Lussin, Herterich und Triesch
318 2130 1685 2192 Das Publikum folgte den delikaten Szenen mit größtem Behagen und
318 2174 1690 2241 spendete Abhaften Beifall, der nach dem „Abschiedssouper besonders herz¬
307 2229 515 2312 lich klang.
2848 304 2990 393 De¬
2396 354 3150 474 n
2477 450 2755 515 burg, Toronto.
2411 476 2841 568 se des
2885 532 3071 622 ,
2714 534 2796 635 0
2085 567 2441 661 Ausschnitt aus:
2408 646 2913 751 4-OLER 1916
2375 843 3037 938 Theater, Kunsten
2382 910 3019 996 Wissenschaft
2502 1022 2757 1123 „Anatol."
2243 1087 3028 1158 Fünf Einakter von Arthur Schnitzler.
2250 1147 3037 1225 Erstaufführung gestern im Lehr¬
2267 1197 3067 1257 Dies wienerische „Nachtmahl in fünf delikat zu¬
2207 1243 3066 1324 bereiteten und appetitlich servierten Gängen hat
2210 1297 3069 1345 uns ausgezeichnet gemundet, und ich bedaure auf¬
2214 1331 3066 1396 richtig, die holde Dessertstimmung, die mich tänzelnd
2214 1384 3069 1443 umschwebt, durch Abfassung eines kritischen Berichts
2296 1419 3064 1480 entweihen. Es tröstet mich nur, daß
2214 1463 3061 1544 es doch auch hübsch ist, für eine so
2207 1499 3061 1587 anmutige Gabe auf frischer Tat danken
2209 1547 3061 1623 zu können. Schnitzlers „Anatol"-Szenen
2217 1594 3067 1666 sind uns ein lieber Besitz aus den Zeiten, da die
2207 1635 3066 1704 Jungösterreicher mit der subtileren Kultur und der
2210 1683 3069 1745 weltschmerzlich lächelnden Walzerstimmung ihrer Stadt
2214 1731 3064 1793 unseren bitterernsten Naturalismus bereicherten, und
2217 1779 3071 1838 sie haben sich unverändert frisch erhalten, obschon sie
2214 1817 3067 1886 heute das für moderne Literaturwerke bereits ehrwür¬
2216 1855 3069 1918 dige Alter von siebzehn Jahren aufweisen. Wir
2216 1908 3076 1977 hören noch immer mit Behagen die graziöse Welt¬
2212 1946 3071 2016 weisheit der Dialoge an, in denen der „leichtsinnige
2222 1997 3078 2052 Melancholiken" Anatol und sein realistisch gesinnter
2222 2035 3074 2097 Freund Max ihre Erlebnisse und Anschauuligen über
2219 2076 3078 2147 das unendliche Thema „Weib" austauschen, während
2219 2121 3079 2185 zwischen dem blasierten Schwärmer und dem ver¬
2219 2169 3078 2231 gnüglichen Steptiker eine sympathische Reihe füßer
2222 2219 3078 2274 Mädel und mondäner Frauen hahinhüpft, als lebendige
2229 2260 3081 2317 Exempla, an denen ihre törichten und gescheiten
2219 2295 3078 2353 Doktrinen demonstriert werden. Diese Gespräche
2226 2332 3076 2413 schaukeln zwischen Novellette und Dramolet zierlich
2229 2386 3093 2461 hin und her, aber nachdem man schon früher mit ein¬
2231 2427 3083 2497 zelnen von ihnen gelungene Bühnenversuche angestellt,
2229 2473 3081 2535 ergab sich gestern, daß sie reich genug sind, auch die
2229 2516 3078 2583 Kosten eines ganzen Theaterabends zu bestreiten. Es
2222 2550 3085 2628 gab sogar in diesem losen Gefüge so etwas wie eine
2229 2605 3073 2674 dramatische Entwicklung, symbolisch dargestellt an —
2226 2650 3083 2702 Anatols Schädel: der zeigte nämlich üppigen Haar¬
2229 2693 3081 2767 schmuck, als der Held so vieler kleiner Abenteuer
2226 2736 3085 2815 vor der „hypnotisierten Cora die „Frage an
2224 2781 3088 2842 das Schicksal, nämlich die, ob sie
2224 2824 3105 2894 ihm treu sei, — lieber nicht stellt. Wir dürfen ihn,
2228 2868 3086 2937 also den Haarschmuck, noch ebenso üppig unter dem
2231 2913 3092 2975 Zylinder vermuten, unter dessen Schutz Anatol die
2231 2951 3092 3021 elegante Gabriele auf winterlicher Straße bei ihren
2238 3000 3093 3066 „Weihnachtseinkäufen" in ein pikantes Ge¬
2238 3049 3093 3105 spräch verwickelt. Aber er offenbart bedenkliche kleine
2234 3090 3090 3146 Lücken im „Abschiedssouper, da die betrogenen
2241 3138 3093 3186 Betrüger sich gegenübersitzen. Er wird dünner und
2234 3171 3093 3232 dünner in der „Episode", da das eitle Männchen
2234 3217 3093 3280 erleben muß, daß ihn ein Weibchen radikal vergessen
2234 3262 3098 3313 hat. Und er ist zur leuchtenden Glatze mit einsam
2238 3306 3092 3365 sich schlängelnder Sardelle am „Hochzeits¬
2207 3349 3098 3411 Morgen" geworden, da Anatol sein Bräutigams¬
2238 3392 3095 3459 bukett vor der rabiaten Ilona retten muß, mit der
2238 3440 3097 3499 er Abschiedsnacht gefeiert, bevor die Ehe ihn ein¬
2236 3480 3095 3538 heimst. Der Träger dieser tragischen Perückenfolge
2238 3521 3097 3579 war Heinz Monnard, der für den unsterblichen
2236 3567 3097 3636 Typus des liebenswürdigen Snob viel drollige Laune
2250 3608 3092 3669 und ein geschickt abgewogenes Quantum verliebter
2241 3650 3097 3712 Tumbheit aufbrachte. Wie die ganze Vorstellung des
2246 3699 3097 3753 Lessing=Theaters war auch dieser Anatei ein wenig
2250 3737 3100 3797 aufs Deutliche und Derbe gestimmt. Die Szenen
2243 3785 3098 3856 verlieren dadurch etwas von der zarten Lässigkeit ihrer
2243 3828 3104 3894 dekadenten Ironie, aber sie gewinnen dafür an
2250 3871 3098 3950 bühnenmäßiger Schlagkraft. Kam Herr Monnard
2245 3923 3105 3979 immerhin aus Wien, so stammte der Max von
2259 3966 3104 4028 Emanuel Reicher leider aus Budapest oder noch
2265 4002 3105 4069 ferneren südöstlichen Gegenden. Wie im Alter
2257 4057 3112 4112 (Herr Reicher kann sehr viel jünger aussehen) so in
