3436 4352
1888 50 2522 173 Beilage.
1080 45 1749 183 Cuneo
1898 284 3152 361 Anatol erkennt die anderen Gebote an, die von der Gesellschaft
704 308 1407 417 Deutsches Volkstheater.
1789 356 3153 410 im Namen der Sitte, des Anstandes erhoben werden, wenigstens
614 386 1499 460 („Anatol." Von Artur Schnitzler.)
1788 406 3148 467 fügt er sich ihnen. Nur auf dem Gebiete des Liebesverkehres
1796 453 3148 512 zwischen Mann und Frau fällt es ihm gar nicht ein, sie zu befolgen:
477 429 1739 520 Im Jahre 1893 hat Schnitzler seine Laufbahn als Dramatiker
1789 498 3148 550 denn er sieht zu gut, welche heuchlerische Verlogenheit in diesen Ge¬
363 505 1748 560 in der Oeffentlichkeit begonnen: damals ist sein „Anatol", das erste
1793 543 3153 600 boten steckt, wieviele von denen, die sie öffentlich vertreten oder
370 555 1743 610 seiner Bücher, als Buch erschienen. Auf dem Theater gegeben wurde
1798 590 3153 653 sich als ihre Anhänger dort bekennen, wo es sich um andere
363 605 1739 660 der „Anatol“ — gestern zum erstenmal. Zum erstenmal in Wien,
1789 640 3153 711 Personen handelt, unbedenklich bei jeder Gelegenheit selbst gegen sie
361 653 1744 711 wo der „Schleier der Beatrice" allerdings bisher noch gar nicht
1784 698 1986 769 verstoßen.
363 707 1755 762 gegeben worden ist; zum erstenmal in Deutschland. Freilich, einzelne
1902 719 3155 800 Was Anatol den Stempel der Melancholie ausdrückt, auch wo
363 750 1753 802 Teile hat man gelegentlich hier und dort gesehen. In Wien meines
1798 788 3157 845 er fündigt und scherzhaft ist, das ist nicht ein sittlicher Zwiespalt, in
366 795 1744 851 Wissens „Die Frage an das Schicksal, die „Episode" und das
1789 833 3162 899 den er gerät. Nicht einmal der Gedanke an das Los, dem vielleicht
370 844 1748 906 „Abschiedssoper. Auch die heutige Premiere bringt eigentlich nur
1789 899 3155 947 die Geliebte verfallen wird durch ihre Liebe zu ihm. Es ist der Ge¬
370 892 1756 949 fünf Siebentel „Anatol“, das ist fünf von den sieben Szenen, die
1796 930 3160 992 danke an die Vergänglichkeit all' der süßen Freuden, welche die Liebe
363 939 1687 997 durch gemeinsame Gestalten, die Idee und den Titel vereint sind.
1798 982 3162 1048 dem Menschen bringt. An das „Gesetz der Umwertung", dem wir alle
479 987 1751 1042 Daß Anatol erst jetzt zur Aufführung gelangt, ist umso
1796 1034 3165 1089 unterliegen, dem Anatol selbst unterliegt und das er so oft schon an
372 1034 1744 1096 bemerkenswerter, als eine Reihe von Erfolgen längst des Dichters
1801 1080 3160 1138 sich erlebt hat. Der Gedanke, daß all' das Schöne, dessen er sich jetzt
370 1091 1751 1143 Namen durch ganz Deutschland getragen hat, wobei freilich nur der
1798 1131 3164 1191 freut oder das ihm bevorsteht, vergeht, daß es ihm einmal nicht mehr
370 1139 1755 1195 der „Liebelei“ von des Dichters Heimat ausging, während andere
1808 1174 3164 1241 so schön erscheinen wird, daß es anders sein wird, als es jetzt ist, daß
370 1184 1751 1236 draußen im Reiche einsetzten und von da erst sich nach Wien fort¬
1798 1224 3153 1288 er wenigstens anders sein wird, als er jetzt ist, anders sehen,
379 1233 1744 1302 pflanzten; umso bemerkenswerter, als Anatol oder doch aus Anatol
1796 1269 3169 1331 anders empfinden wird, so daß er, wenn er darüber raisonnieren
375 1281 1756 1342 genommen die Marke war, die ihm aufgebrannt wurde, sobald er
1796 1319 3162 1378 wollte, eigentlich zu dem Schlusse kommen müßte, daß es schon jetzt
375 1329 1744 1393 seinen Namen bekannt gemacht hatte. Das Buch Anatol meinte man
1796 1369 3165 1426 nicht so schön ist, als es ihn anmutet. Das ist der letzte Grund von
382 1376 1737 1431 auch wo man nicht von „Anatol“, sondern vom süßen Mädel
1796 1411 3165 1476 Anatols Melancholie. Es ist nicht eine Melancholie aus dem einzelnen
379 1426 1753 1485 sprach. Und von Anatol war man in die Seele, das heißt
1805 1473 3167 1530 Fall und auch nicht eine Melancholie aus der Nichtigkeit und Schein¬
379 1475 1751 1530 in die Empfindlichkeit der verletzten Eigenliebe getroffen, auch
1796 1511 3165 1578 barkeit der Liebe, sondern eine Melancholie aus der Nichtigkeit und
370 1520 1734 1578 wo man nur seine moralische Indignation über das süße Mädel
1801 1554 3171 1620 Scheinbarkeit alles Irdischen. Es ist eine Melancholie nicht aus der
375 1571 1751 1639 zum Ausdrucke brachte. Und manche, die ihre eigene Art und
1798 1604 3165 1675 besonderen Ausnahmsnatur Anatols, sondern aus der Natur des
379 1616 1751 1679 Skrupellostgkeit im „Anatol“ bloßgestellt sahen, können dem Dichter
1798 1658 3153 1741 Menschen. Des Menschen wenigstens, der wie Anatol Lebenslust und
375 1668 1751 1725 des „Anatol“ diese Indiskretion eines Mannes in einer Männersache
1796 1717 3025 1781 Lebensfreude mit aufmerksamen Schauen und vernünftigem
2992 1705 3177 1788 Denken
370 1720 1744 1774 wohl bis heute nicht verzeihen, wenn sie auch gar nichts von der
1796 1765 1998 1845 verbindet.
2977 1772 3171 1829 otti
375 1767 1751 1822 anderen, besseren Hälfte des „Anatol“ an sich haben sollten, die ihn
1838 1769 3179 1881 und weil Anatol bei aller Anlage zum Genuß immer nu¬
379 1817 1748 1877 vielleicht dem Dichter erst wert machte, von ihm gestaltet zu werden.
1796 1857 3174 1915 diesem melancholischen Zug behaftet vor uns steht, wird in uns
413 1865 1751 1922 Seit Anatol suchen sie die Gestalten in Schnitzlers Werken als
1801 1905 3171 1962 auch etwas von der Trauer um die Vergänglichkeit alles dessen, was
382 1896 1756 1971 Anatols und süße Mädeln zu deuten und sie hiedurch im Sinne
1801 1950 3171 2011 das Leben uns bietet, auf die Gestalt des „süßen Mädels" überfließen,
384 1962 1760 2026 ihrer Auffassung zu deklassieren, seit Anatol möchten sie ihm nicht
1805 1998 3174 2057 das sich ja auch wie Anatol ohne irgendwelche sittliche Bedenken dem
387 2009 1760 2069 gestatten, andere Figuren als Anatols und süße Mädeln zu schaffen.
1805 2040 3167 2109 Drange des Herzens hingibt, des süßen Mädels, dem es so natürlich
384 2059 1751 2113 Seit Anatol lassen sie sich nur von Fall zu Fall ihren Beifall
1805 2104 3167 2166 erscheint, wo es liebt oder verliebt ist, sich zu geben und das, wenn
382 2107 1756 2168 entringen, seit Anatol gehen sie in den Premieren Schnitzlerischer
1801 2144 3162 2209 es sich gegeben, nach einer traurigen Erfahrung, die das Leben
382 2156 1756 2213 Stücke mit sauren Gesichtern umher und begleiten den lauten
1801 2192 3169 2259 bietet, bald so ganz anders erscheint als ehevor, und wenn zu dem
379 2202 1748 2261 Beifall der anderen mit allerlei Grimassen und hämischen Be¬
1801 2234 3171 2311 Bande der Liebe nicht das der Familie tritt, meistens verlassen
384 2251 1751 2310 merkungen. Wenn andere von der elementaren Kraft erschüttert
1808 2285 3167 2353 wird. In der „Liebelei" hat Schnitzler das süße Mäd und auch
387 2299 1753 2355 waren, ut der Schnitzler soziale Probleme vorführte, wie im
1810 2330 3179 2396 Anatol künstlerisch ausgestaltet. In dem so verketzerten „Reigen“ hat
389 2346 1756 2410 „Leutnant Gustl“, im „Freiwild“, dann vermochten sie nur das
1808 2377 3167 2446 er in humoristischer, grotesker Form den Gedanken von der Ver¬
389 2396 1753 2455 süße Mädel und Anatol zu sehen, und wenn sie einmal bei einer
1813 2427 3177 2503 gänglichkeit der Liebe durchgeführt. Im Anatol haftet Schnitzler
389 2444 1763 2502 Premiere nicht mit Fingern auf Anatol und das süße Mädel zeigen
1805 2482 3179 2541 viel weniger an der rein sinnlichen Seite des Phänomens, und hier
382 2498 1578 2557 können, dann halten sie sich schadlos dafür, wie sie können.
1808 2538 3174 2597 tritt auch das Tragische an diesem Gedanken viel mehr heraus,
507 2534 1767 2595 Anatol nennt sich selbst einen „leichtsinnigen Melancholiker in
1813 2574 3179 2647 wenn er es immerhin auch hier so stark mit Lichtern des Humors
389 2590 1763 2647 den „Weihnachtseinkäufen", der zweiten der Anatolszenen, wo er
1808 2626 3172 2695 erleuchtet hat, daß viele darüber heute noch das Tragische, das
387 2631 1763 2690 auch dem Typus des süßen Mädels, indem er ihn der „mondainen
1817 2688 2457 2752 diese umspielen, gar nicht sehen.
389 2686 1763 2740 Dame" beschreibend vorführt, seinen charakterisierenden Namen gibt.
1924 2697 3143 2790 Gewiß, eine Fülle von Humor steckt im „Anatol. Aber an
392 2735 1769 2785 Anatol ist eine zwiespaltige Natur — wie es ja so viele Menschen
1808 2769 3191 2832 blutige Ironie und bittere Selbstversiflage hat Schnitzler reichlich¬
392 2783 1774 2840 sind. Diese Zwiespaltigkeit so scharf gesehen und diese Zwiespaltigkeit
1813 2814 3179 2885 über die Figur seines Helden gegossen. Und etliche Male hat er den
387 2832 1769 2890 in ihren beiden Bestandteilen und in ihrem Zusammenhang so wahr
1813 2866 3188 2932 Gedanken von der Tragik des Lebens, das so unheimlich ist un¬
386 2878 1763 2942 und überzeugend und mit solch humoristischer, über die Misere des
1819 2913 3188 2980 verhüllt vorgeführt. Nicht an die Stelle in der „Agonie denke
392 2923 1774 2991 zwiespaltigen Lebens erhebender Kraft gestaltet zu haben, wie es eben
1822 2956 3186 3039 ich, wo Max als der richtige Raisonneur halb scherzhaft
387 2975 1763 3036 nur einer kann, der die Figur nicht nur gesehen, sondern auch
1813 3006 3188 3075 eine tragische Schuld des Mannes in der Liebe konstruieren
396 3025 1765 3081 empfunden und erlebt hat, das gab dem Anatol literarischen Cha¬
1819 3069 3190 3126 will, wenn er sagt: „Hatten wir nicht die Verpflichtung, die
396 3067 1772 3129 rakter, so unliterarisch damals noch so vielen das Milieu galt, in
1819 3113 3193 3176 Ewigkeit, die wir ihnen versprochen, in die paar Jahre oder
396 3122 1769 3183 dem Anatol und das süße Mädel als sich bewegend gedacht sind,
1820 3157 3174 3222 Stunden hineinzulegen, in denen wir sie liebten? Und wir konnten
392 3165 1769 3254 und ließ gleich Schnitzlers erstes Buch als das Werk eines Dichters
1817 3203 3174 3273 es nie nie! Mit diesem Schuldbewußtsein scheiden wir von jeder
396 3222 586 3304 erkennen.
1886 3250 3181 3342 und unsere Melancholie bedeutet nichts als ein stilles Ein¬
512 3260 1777 3323 Anatol ist ein Vertreter natürlicher, gesunder Sinnlichkeit und
1826 3295 3183 3371 geständnis. Aber die melancholische Grundstimmung in Anatol
399 3311 1772 3388 Genußsucht ohne jede Beimischung von moralischer Skrupulosität
1826 3350 3183 3421 schlägt durch, wenn er in der Szene „Episode beim Anblick einer
392 3362 1769 3421 oder von gesellschaftlicher Heuchelei oder von krankhafter sinnlicher
1819 3392 3183 3475 verwelkten Blume ausruft: „Staub daß von so viel Süßigkeit
396 3414 1777 3473 Ueberreizung, wie sie so oft mit dieser Hand in Hand geht. Weil
1819 3449 3186 3513 nichts anderes zurückbleibt, ist eigentlich traurig; oder ebendort
401 3454 1774 3527 ihm die Sinnlichkeit etwas natürliches ist, er selbst ihre Not¬
1822 3497 3188 3572 berichtet: „Während ich den warmen Hauch ihres Mundes auf
392 3506 1774 3561 wendigkeit einsteht, liegt es ihm ganz ferne und fällt ihm auch im
1819 3537 3174 3630 meiner Hand fühlte, erlebte ich das ganze schon in der Erinnerung.
396 3556 1772 3615 Wege des Spintisierens nicht ein, gefühlvoll darüber zu klagen, daß
1933 3587 3186 3653 Anatol stellt eine ideale Forderung an das Weib. Er denkt
399 3601 1782 3665 das süße Mädel nicht zu gleicher Zeit sein süßes Mädel und sittsam
1817 3632 3188 3715 nicht daran, sie selbst zu erfüllen, und er weiß, daß etwas in der
399 3658 1781 3713 und tugendhaft sein kann, oder sich Vorwürfe zu machen, wenn er,
1817 3687 3191 3762 Natur des Weibes ihr nicht entspricht. Das ist tragisch. Aber im
401 3700 1775 3767 dem Reiz ihres Wesens unterliegend, sich gegen diejenigen von der
1829 3738 3195 3814 einzelnen Falle bildet er sich immer wieder ein, daß das Weib ihr
401 3750 1777 3808 Gesellschaft erhobenen Forderungen vergeht, die ihr aus dem Be¬
1819 3779 3191 3853 nachkomme — soweit es sich um ihn handelt. Daß er der Erste,
408 3800 1777 3876 griffe der Sittsamkeit entspringen, tatsächlich aber den der Unsitt¬
1819 3840 3210 3945 der Einige, der Letzte sei, daß sie auf ihn gewartet habe, ihr
398 3852 880 3947 lichkeit geschaffen haben.
