3344 4224
160 117 583 219 4.9. Anat
55 1171 720 1267 Interesse schwindet in den nächsten
72 1245 719 1292 die lange Aufzählung seiner Lieb¬
65 1279 714 1343 nisse mit den Halbweltdamen in
62 1319 707 1381 pisode langweilt das Publikum.
75 1349 707 1412 nur die Illusion glücklich macht
70 1397 713 1452 der Illusion auch das Glück selbst
62 1424 710 1492 dem vierten Stück. „Die Frage an
62 1465 707 1532 eine hypnotische Seance vorführt,
65 1505 707 1566 von Glück, das Anatol mit seinen
65 1548 705 1609 elt sucht, stimmt dies allerdings.
62 1582 704 1650 das Abschiedssouper ist von frü¬
81 1621 333 1674 schon bekannt
78 1655 707 1723 derbste von allen, „Anatols Hoch¬
89 1696 691 1757 böser Ruf vorausgegangen war
58 1730 696 1800 enden — Heiterkeitserfolg. Das
64 1777 695 1837 nannten Helden des Zyklus über¬
62 1809 699 1875 sischen Seite nahm und sich über
62 1850 691 1914 übrigens wohltuend gereinigten)
67 1884 691 1945 lich amüsierte, würde uns wohl
84 1928 688 1993 wir es glauben machen wollten,
81 1959 358 2018 dahinter stecke
83 1980 698 2063 fünf Stücke, die vier verschiedene
58 2038 688 2101 Herrn Generaldirektor Dr. Eger
62 2081 686 2141 für das Wiener Milieu, das sich
64 2118 685 2174 zelheiten und intimen Wirkungen
87 2155 688 2218 Auch gespielt wurde gut, wenn
64 2197 682 2248 ristik hinter dem bloßen Dialog
77 2233 686 2292 männlichen Rollen des Anatol
70 2274 676 2325 von den Herren Ehre und
68 2302 676 2359 t und mit einer gewissen Dosis
50 2350 679 2407 in die Rollen der eine Auswahl
50 2375 679 2440 tols darstellenden fünf Damen
55 2418 676 2483 h, wie die Damen eines Harems,
56 2464 679 2512 a. Frl. Gothe, Fr. v. Son¬
55 2498 685 2557 sen. Der Takt und die Zurück¬
49 2535 680 2634 den ihre Rollen spielten, seien
637 120 1108 234 1 Zyklus
1279 111 1634 204 box 9/5
1594 1196 2372 1309 seen
1607 1406 2360 1528 Großherzogliches Hoftheater.
1840 1488 2054 1565 „Anatol"
1668 1526 2243 1630 von Artur Schnitzler.
1366 1556 2530 1683 Am Samstag abend durfte einer jener Vielgeschmäh¬
1352 1638 2530 1718 ten und Vielgescholtenen von der Bühne des Hoftheaters
1372 1687 2520 1782 um Publikum reden, der seine Wege geht, ohne viel nach
1346 1732 2524 1810 m zu fragen. Das letztere können ihm viele nicht ver¬
1355 1789 2533 1872 ende de la
1346 1843 2532 1936 nicht sein sollten, wie sie aber vielfach sind. Die am Sams¬
1355 1888 2532 1974 tag zur Aufführung gekommenen fünf Einakter, von
1346 1930 2524 2026 denen im Grunde jeder für sich abgeschlossen erscheint,
1346 1987 2524 2064 werden von einer bei Schnitzler charakteristischen melan¬
1346 2039 2529 2123 cholischen Erotik beherrscht, die ihren stärksten Ausdruck
1343 2078 2524 2172 im ersten Stück „Weinachtseinkäufe" findet, in
1343 2129 2524 2220 dem sich Anatol mit einer Frau, die ihn gern sieht, aber
1341 2205 2523 2280 „nicht den Mut findet, ihn zu lieben", auf der Straße
1335 2242 2520 2325 über sein Liebesverhältnis draußen in der Vorstadt unter¬
1337 2274 2509 2375 hält. Im zweiten Stück „Episode" läßt der Dichter
1334 2326 2512 2410 in Gegenwart seines Freundes Max die Erinnerung an
1335 2382 2512 2474 all seine Geliebten vorüberziehen, bis er an der plötzlich
1331 2438 2504 2521 erscheinenden Bianca seine Enttäuschung erlebt, von der
1328 2484 2505 2570 er glaubt, daß auch in ihrer Erinnerung sein Bild so fest
1331 2524 2495 2604 haftet wie das ihrige in der seinen. Das dritte Bild,
1328 2576 2501 2656 „Das Abschiedssouper", das einzige, das im
1328 2632 2501 2708 Hoftheater schon einmal gegeben wurde, bildet eine rei¬
1322 2682 2509 2762 zende Verhöhung der Männer, die selbst tun, was sie
1322 2724 2501 2808 wollen, das aber selbst der Frau nicht gestatten wollen,
1326 2782 2504 2857 mit der sie innerlich fertig sind. Eine reizende Szene
1325 2818 2498 2897 bietet „Die Frage an das Schicksal, vor der
1322 2863 2495 2946 Anatol im letzten Augenblick zurückschreckt. Er will seine
1318 2907 2496 2996 hypnotisierte Cora fragen, ob sie ihm treu, kann sich dazu
1313 2969 2499 3060 aber nicht entschließen, nachdem er die erste Unwahrheit
1309 3008 2487 3104 von ihren Lippen hört, indem sie ihr Alter auf 21 Jahre
1309 3070 2495 3142 angab, obwohl sie ihm stets gesagt, daß sie erst 19 sei. Ein
1307 3117 2492 3187 echter Schnitzler ist aber „Anatols Hochzeits¬
1307 3170 2493 3250 morgen". Anatol soll um 2 Uhr getraut werden. Nach
1306 3203 2483 3298 dem Polterabend geht er jedoch noch zur Redoute und
1303 3253 2489 3336 nimmt sich Ilona mit nach Hause, ein Vorgang, der etwas
1298 3295 2416 3409 stark gezeichnet, jedoch schon vorgekommen sein dürfte.
