3484 4256
302 192 1164 308 4.9. Anatol - Zykl
1415 197 1773 301 box 9/3
1996 650 2784 781 ne
2015 807 2666 876 Donnerstag den 30. Dezember.
1833 861 2844 949 letzten Bilde zwei köstliche Figuren als der Halb¬
973 911 1617 1020 Theater und Kunst.
1839 942 2837 1004 welt, treffend und zündend im komischen Spiel,
1833 995 2847 1054 voll Energie und Leben. Gut traf auch Frl.
883 986 1784 1074 Gastspiel Leopold Kramer, Nelly Boer-
1842 1040 2847 1105 Boerda Charakter und Plauderton als Bianca
779 1067 1780 1121 da, Hermine Medelsky Deutschen Thea¬
1831 1093 2847 1156 in der „Episode" und half schon in der klei¬
788 1114 1780 1168 ter in Prag und Dir. Alfred Artig: „Anatol“
1836 1145 2840 1199 nen Rolle des Eröffnungsständchens die witzige
788 1161 1784 1217 Einakter=Zyklus von Artur Schnitzler. Die
1839 1195 2847 1249 Stimmung des Banzen vorbereiten. Im zweiten
788 1218 1780 1274 fünf Einater, in welchen uns Schnitzler den hei¬
1839 1243 2840 1316 Bilde gab Frau Scharmüller der Gabriele
782 1262 1786 1325 teren Werdegang eines Lebemannes vorplandert,
1845 1303 2844 1355 nun freilich die bei ihr gewohnte äußere vor¬
776 1310 1787 1368 diese dramatisierten Novellettchen — man möchte
1848 1341 2840 1403 nehme Erscheinung, nahm aber doch den Ton
791 1360 1783 1421 sagen Nichts=sen — sind ganz auf den flüchtigen
1833 1387 2834 1448 etwas zu schwer und fiel damit aus dem Rah¬
791 1416 1792 1481 Augenblickston gestimmt. Ehe der Hörer zum
2740 1440 2844 1497 diese
1836 1441 2705 1500 men des Ganzen heraus. Szenisch waren
791 1460 1779 1514 Bewußtsein kommt, daß er eigentlich nichts ge¬
1833 1470 2834 1551 Ständchen recht sorgsam vorbereitet und gefällig
788 1513 1792 1563 hört und gesehen hat, geht auch jedesmal der
1833 1538 2834 1611 ausgestattet. Das Straßenbild im zweiten Ein¬
782 1556 1779 1617 Vorhang nieder. Kürze ist hier mehr als je des
2699 1585 2844 1648 Beleb¬
1833 1591 2658 1645 akter „Weihnachtseinkäufe" hätte mehr
785 1608 1792 1658 Witzes Seele. Trefflich fanden nun unsere Gäste
2722 1636 2848 1701 besten
1836 1638 2686 1702 heit durch Nebenfiguren vertragen. Am
782 1657 1786 1721 diesen flüchtigen witzigen Grundton, allen voran
1837 1691 2844 1746 und heitersten wirkten das „Abschiedssouper" und
785 1705 1783 1768 Herr Kramer, der uns in allen fünf Bildern
1836 1726 2752 1806 das letzte Bild: „Anatols Hochzeitsmorgen"
785 1760 1789 1817 Anatols Liebesabenteuer ganz ergötzlich vorplau¬
1839 1774 2847 1852 Der Beginn des dritten Bildes erlitt eine gro¬
788 1802 1786 1862 derte und im leichtflüssigen Dialog auch die letzte
1831 1840 2756 1895 be Störung durch das Zuspätkommen jener
782 1856 1783 1917 heitere Wirkung noch hervorholte. Für das far¬
1839 1881 2845 1947 wissen Leute, welche sich von den Wandelgängen
788 1906 1789 1966 kastisch angehauchte Gegenstück des Max ist die
1836 1937 2718 2008 gar nicht trennen können. Angeblich soll
788 1950 1780 2012 Darstellungsart unseres Direktors Herrn Hut¬
1836 1981 2840 2053 elektrische Klingel schuld gewesen sein. Auf jeden
785 2008 1783 2068 tig wohl berufen. Seine mehr trockene Sprech¬
1833 2034 2851 2090 Fall wird die Direktion hoffentlich Wege fin¬
785 2057 1792 2113 weise, sein charakteristisches Auflachen taten ihre
1833 2082 2845 2162 den, diesen wieder überhand nehmenden Unfug
782 2104 1783 2165 volle Wirkung. Frl. Medelsky schuf als Anni
1839 2138 2285 2219 gründlich abzustellen.
1692 2157 1801 2217 im
782 2153 1658 2242 im „Abschieds=Souper und als „Ilma
1206 2280 2354 2389 le 20 ans et sans vorherige
1184 2354 2056 2423 für den Linzer Pezel morgen früh 22 und
1387 2386 2326 2523 Theater, und und der
1296 2484 2363 2564 (Kleine Bühne. — Kol.) Nach mehreren ernsten, ja
1192 2518 2349 2614 düsteren Stücken brachte der Bühne uns gestern mit Schnitz¬
1197 2593 2355 2640 ers „Anatol wieder ein einen heiteren Abend. Unter dem
1195 2631 2352 2690 Titel „Anatol vereinige Wiener Dichter sieben Einakter,
1209 2671 2348 2712 esser gesagt Szenen, welchen man auch den Titel „Rund um die
1184 2697 2351 2754 Liebe oder nach klassischem Muster „Ars amandt geben könnte.
1184 2747 2342 2791 natol ist ein eleganter, junger Wiener Lebemann, der von einer
1181 2779 2341 2835 liebten zur andern flattert, es aber jedesmal mit seiner Liebe
1192 2819 2351 2867 ehr ernst nimmt und gern darüber philosophiert. Er treibt sozu¬
1195 2863 2341 2910 sagen praktische Liebesphilosophie mit einem gewissen melancho¬
1192 2906 2342 2947 en, weltschmerzlichen Einschlag. Neben ihm steht sein treuer
1181 2944 2347 2994 Freund Max, gleichfalls geeichter Lebemann, aber mehr als Ana¬
1181 2978 2351 3026 tot über den Dingen ehend, ernster in der Lebenserfahrung und
1178 3016 2341 3070 vielleicht gerade deshalb mit einer starken Neigung zum Spötter.
1181 3055 2351 3111 Diese beiden Männerfiguren spielen in allen sieben Stückchen mit,
1181 3093 2341 3148 die Frau, die jeweilige Geliebte Anatols, aber wechselt jedesmal.
1184 3138 2342 3174 Gestern wurden, wie übrigens zumeist üblich, aus dem „Anatol¬
1187 3180 2345 3227 Zyklus drei Szenen ausgewählt, die wir auch schon früher an
1187 3215 2345 3258 unserer Bühne aufgeführt sahen. Zuerst „Die Frage an das
1181 3249 2348 3297 Schicksa!" — das ist die Frage, ob Cora (Cora heißt „sie“ in
1184 3293 2338 3333 diesem Stückchen ihm stets treu gewesen, die Anatol an die Ge¬
1192 3325 2335 3378 liebte in der Hypnose richten will, aber nicht richtet, weil er Angst
1187 3369 2345 3410 hat, eine unangenehme Wahrheit hören zu müssen. „Abschieds¬
1184 3406 2342 3456 souper" ist wohl das meist aufgeführte Lustspielchen aus dem
1184 3446 2342 3499 „Anatol“=Zyklus. „Sie" heißt hier Annie und ist Ballettänzerin.
1181 3485 2347 3531 Anatol soupiert mit ihr bei Sacher und will ihr bei dieser Ge¬
1175 3523 2338 3572 legenheit zwischen Austern und Champagner beibringen, daß er
1181 3562 2341 3607 jetzt eine andere liebt und mit Annie daher brechen müsse. Ihm
1175 3600 2341 3651 bant vor dieser Beichte. Da kommt ihm aber Annie mit einem
1181 3636 2335 3688 gleichen Bekenntnisse zuvor. An diese zwei geistreichen Stückchen
1161 3676 2338 3739 schloß sich das frivol-heitere „Anatols Hochzeitsmor¬
1491 3723 1961 3826 Linzer Tagespost,
1630 3801 1707 3893 Li¬
1688 3793 1930 3967 on
1302 4053 2460 4144 en an. Anton Heiratet. Nach dem Poleraveno wie er aber
