3248 4256
1177 162 1540 263 box 9/4
719 159 1016 268 Zyklus
76 151 758 284 4.9. Anatole-
318 894 1073 993 „OBSERVER
367 982 1037 1063 I. österr. behördl. konzessioniertes
341 1037 1047 1125 Unternehmen für Zeitungs-Ausschnitte
438 1094 961 1180 Wien I. Wollzeile 11
503 1157 909 1227 Telephon R-23-0-43
307 1263 909 1381 Ausschnitt aus
565 1378 1032 1490 I
307 1495 443 1586 vom
643 1581 836 1693 11
1107 1688 2915 1753 Liebe, den verzückten Freund der Illusionen, der souper". Hier wo Hansi Niese zu wuchtig wird,
1105 1740 2905 1803 nicht den Mut hat, die Frage nach Frauentreue ist sie sauber politierte Vorstadt, neckische Spitz¬
206 1678 1068 1818 Theater, Kunst, Literatur
1107 1779 1990 1839 zu stellen, der die selige Ungewißheit vorzieht,
2024 1787 2915 1855 büberei, unbeherrschter Übermut, gezierte Feinheit,
560 1805 737 1894 Anatol.
1102 1831 1993 1889 trotzdem oder weil die Hypnose bei der Geliebten
2019 1844 2915 1922 unter der, oft unvermittelt, die natürlichste Ur¬
188 1855 870 1946 Ein Zyklus. Von Artur Schnitzl
1110 1883 1962 1936 einmal absolute Aufrichtigkeit verbürgen würde.
909 1860 1073 1941 — Das
2019 1886 2490 1956 sprünglichkeit hervorbricht.
195 1912 1091 2003 spiel von Burgschauspielern im Stadttheater am
1167 1930 1988 1990 Raoul Aslan ist Anatol von streng Schnitzler
2071 1928 2910 2001 In Frl. Johannsen hatte Aslan in den
526 1967 745 2029 Donnerstag.
1107 1975 2910 2045 scher Prägung: „leichtsinniger Melancholiker mit „Weihnachtskäufen" nicht die richtige Partnerin
245 2019 1988 2094 Die Burgschauspieler kleiden den „Anatol“ in dem Ton auf: Melancholiker. Die umflorte Stimme
2019 2037 2915 2097 Zu dem dunklen Klang seiner Stimme für die
190 2055 1086 2128 historisches Kostüm. Mit Recht. Die Zeit ging in
1115 2076 1988 2133 die schmerzliche Selbstironie, das leicht Verträumte
2024 2087 2912 2149 ihm an Nachdenklichkeit verwandte, ja überlegen¬
188 2113 1078 2178 den letzten vier Jahrzehnten im Raketentempo
1105 2126 2912 2191 dazu bei aller Leichtfertigkeit der Abscheu vor jeder Natur wollte die hohe, etwas grell-helle Stimm¬
190 2165 1086 2219 machte mehr Wandlungen durch als sonst in einem
1115 2175 1988 2235 Roheit in der Liebe. Was er, in der Neigung
2011 2175 2912 2248 nicht passen, auch war der Eindruck an gesellschaft¬
195 2217 1982 2277 halben Jahrhundert. Die Einakter Schnitzlers haben jede Frau lieber zu idealisieren als zu analysierer
2008 2225 2566 2300 licher Vornehmheit nicht stark.
198 2266 1084 2326 Zeitkolorit, sind, wie alles scharf Beobachtete, Teil
1107 2274 1980 2329 mit fast Raimundscher Zartheit von der
2071 2266 2910 2339 Frl. Kramer war eine muntere Cora; die
185 2316 1982 2389 einer ganz bestimmten Epoche, Spiegelung ganz Wienerin sagt: „Sie erinnert mich so an einen ge¬
2011 2324 2910 2389 Illona verlangt noch ursprünglicheres, verlangt
193 2363 1076 2423 bestimmter Menschen, sie lassen sich nicht neuzeit
1102 2373 1985 2425 tragenen Wiener Walzer — sentimentale Heiter¬
2011 2378 2912 2438 ungarisches Feuer. Im Lachen bot sie aber die
190 2410 1078 2493 lich verkleiden. Sie verlangen das Kostüm ihrer
1105 2415 2915 2490 keit... lächelnde, schalkhafte Wehmut, das ist nötige, über alle Ufer der Selbstbeherrschung
188 2454 300 2514 Tage.
1099 2470 1975 2532 so ihr Wesen.“ — Diese Worte gelten — ins Männ
2008 2477 2910 2537 tretende Ungehemmtheit. Herr Wagner besitzt
250 2475 1980 2571 Viel trennt uns von dieser leichtlebigeren Zeit, lichere übertragen — auch vom Anatol Alans. E
2011 2522 2912 2589 ein Organ, das im Plauderstück ein wenig zu
185 2529 1081 2610 in der eine leichtsinnigere Jugend lebte, wenn auch
1110 2566 2910 2636 ist natürlich-elegant, one Pose der Arroganz. Es tumultus wirkt, oder er brachte gegen den
190 2605 1073 2662 junge Anatols (mit Kammerdiener auch damals
1102 2605 1977 2668 ist von besonderer Wirkung, wenn er aus seinen
2014 2623 2905 2688 Träumer Anatol die Lebensklugheiten des Max
185 2649 1016 2735 nur unter den upper ten thousand vorkamen.
1102 2657 1977 2722 Träumereien zur Ironie oder zum Mißtrauen er
2014 2673 2912 2735 („Man soll nichts wiedererleben wollen usw.) in
245 2704 1982 2767 Die Frauenmode von damals (wie jede noch nicht wachend, diesen Sprung in die Wirklichkeit mit
2008 2717 2397 2782 wirksamer Zuspitzung.
182 2738 1078 2808 zu lange überwundene) scheint uns heute lächer¬
1105 2761 1980 2816 einem jähen Übergang von Hochdeutsch in Dialek
2063 2769 2910 2829 Die verspätete Ankunft der Gäste und der ver¬
185 2803 1073 2858 lich, stört also nicht in einem Lustspiel (der „Ana¬
1105 2811 1977 2868 begleitet. Natürlich muß dieser Anatol auch die
2006 2811 2905 2897 spätete Beginn, sie wurden durch rasche Verwand¬
188 2847 1076 2905 tol“ ist Lustspiel, trotz mancher Tastenanschläge in
1102 2855 1985 2915 seltener gespielten „Weihnachtskäufe" bringen mit
2008 2871 2897 2933 lungen weitgemacht. Die Dialoge waren durch
182 2897 1073 2954 Moll). Manches erhöht sogar stark die heiter
1105 2907 1977 2970 dem bitteren Hinweis auf erlebte Enttäuschung als
2006 2912 2905 2980 manche Zusätze (besonders in „Anatols Hochzeits¬
182 2951 1078 3009 Wirkung, wie die langen Damenhutnadeln, die
1105 2957 1977 3019 Grundlage seiner Unrast des Herzens und seinen
2003 2972 2902 3022 morgen") erweitert. Da sie witzig waren und nir¬
182 2991 1977 3071 im „Abschiedssouper ein erheiterndes Spiel er anscheinenden Oberflächlichkeit in seinen Neigungen
2011 3019 2902 3082 gends dem Grundton widersprachen, hat man
182 3045 1071 3103 lauben; eine vor Wut zitternde Frauenhand bohr
1097 3048 1949 3113 hinter denen Suche nach der idealen Frau steckt.
2003 3063 2902 3126 keinen Grund, gegen diese Extemporas etwas ein¬
188 3092 875 3170 sie nur schwer durch Filz und Frisur.
1151 3105 1977 3165 Eine vollendete Leistung wie die vorbildlich ge¬
2008 3110 2899 3175 zuwenden. Die Gäste, namentlich der Träger der
245 3110 1076 3207 Schon „die Frage an das Schicksal" kennzeich¬
1102 3134 1977 3215 schlossene, bis in jede Geste einheitliche Ablan¬
2003 3162 2899 3228 Titelrolle, wurden oft vor das völlig ausverkaufte
175 3168 2266 3306 net Anatol vortrefflich, ihn, diesen Hamiet der war auch die von Alma Seidler im Abschieds=Haus gerufen.
2665 3212 2871 3295 Dr. A. M.
