3436 4352
244 234 1183 347 4.9. Anatol - Zyklus
1360 191 1721 340 box 9/3
156 1147 3003 1215 zweiten Vorsitzenden Over¬ möge nicht vergessen daß die Deutschen einen weltgeschicht¬uenos-Aires (bis Buenos-Aires in 23 und 22 Tagen, am 1. Kon¬
726 1108 1838 1307 We are
1898 1115 2999 1310 re as a una es¬
152 1247 329 1328 eater.
726 1282 1307 1339 den". Nicht gerade „Liebelei“.
1898 1289 2089 1349 schmacklos.
1965 1303 3007 1370 Das Straßenbild der „Weihnachtseinkäufe", ein Stück
152 1307 673 1385 ber: „Anatol. Fünf Ein¬
804 1300 1845 1374 Die gestrige Aufführung besaß in Steinbecks Anatol
1898 1335 2999 1402 Kolonnade mit Verkaufsläden, war an sich elegant aufge¬
726 1342 1845 1413 den besten Träger. Er hat höchstverkünftigerweise nicht ge¬
1898 1385 3010 1445 baut, der Blick auf die entfernte Stadt aber nicht recht ver¬
156 1378 666 1452 wienerische — wenn auf
729 1402 1841 1445 wienert. Weder in Sprache noch Manier. Er hat die Figur
1898 1434 3007 1477 ständlich. Und irgendwie müßte eben doch das Treiben weih¬
163 1420 655 1494 die gemale — Anna
729 1441 1841 1480 ganz auf seine eigene Persönlichkeit übernommen und dami
1895 1466 3007 1509 nächtlich belebter Straße für Aug und Ohr fühlbar werden.
170 1466 673 1523 benundzwanzig Jahre au¬
733 1473 1845 1523 in bestimmten Genre einen Menschen mit all seiner Mensch¬
1895 1501 3007 1558 damit das flirtende Paar sich nicht quasi in luftleeren Raum
156 1501 673 1562 Altern trägt und der Welt
729 1509 1849 1551 lichkeit erzielt, ernst und drollig, aufrecht und schwach, klug
181 1540 673 1594 Von Wiener Tanzmusiken
1895 1540 2054 1601 aufhält.
726 1551 1841 1594 und töricht, witzig und borniert, fein und — im rechten Ma¬
1965 1551 3007 1629 Alles in allem: wieder ein unter Abend und ein verdien¬
223 1579 673 1618 (zu hüpfend fröhlichen
751 1579 1845 1629 — auch menschlich ordinär. Eine Gestalt von Reiz und Wir¬
156 1604 683 1675 augenden wieger=sentimen¬
2617 1608 2936 1675 Hans Olden.
1898 1601 2096 1679 ter Erfolg
726 1615 1841 1689 kung und mit der man, in der Erinnerung selbst, noch weiter
174 1650 673 1714 wirkte. Wirkte in einen
733 1654 825 1718 lebt.
2203 1664 2677 1746 Henry Thode.
163 1682 673 1735 lichen Sinn. Nicht nur au
800 1668 1849 1735 In Oberregisseur Rudolf Hoch, der die Stückchen auch
166 1725 676 1788 auch, wo sie vorhanden, au
722 1718 1841 1774 leicht und hübsch in Szene gesetzt hatte, war ihm ein voll¬
2178 1725 3007 1785 W. T. I. Kopenhagen, 10. Nov. Der deutsche
184 1756 560 1810 Sich selbst erkennen.
733 1760 1845 1802 wertiger Partner zur Seite. (Wenn ich meine, daß man
2128 1756 3007 1841 Kunsthistoriker Geheimrat Professor Dr. Henry
170 1771 673 1856 Dichter, der nun den Sech
733 1802 1845 1841 Schnitzler ein wenig mehr auf Pointe, auf Herausarbei¬
2125 1817 3007 1877 Thode ist heute nacht im hiesigen Reichshofvi¬
159 1827 673 1887 erst ein Arzt und mit dreißi¬
729 1838 1845 1891 tung der aphoristischen Sätze spielen kann, so weiß ich wohl
2121 1852 2897 1898 tal nach einer Operation verschieden.
166 1870 676 1923 ohne krampfig gerunzelt
722 1863 1491 1919 daß über solche Auffassung zu streiten ist.
1972 1877 3007 1941 Geheimrat Dr. Henry Thode ist am 13. Januar 1857 in
163 1902 676 1958 Weltlichkeit, in Gefühls¬
804 1887 1820 1972 Die fünf „Heldinen“ der fünf Liebesaffären wielten
1895 1930 3007 1994 Dresden geboren. Er studierte auf den Universitäten Leip¬
166 1937 676 2001 nd Grazie, in residenzlichen
722 1934 1852 2001 der Reihe nach —: Fräulein Else Bull, Fräulein Mela
1891 1972 3007 2026 zie, Wien. Berlin. München und machte dann in den Jah¬
184 1980 683 2040 doch keineswegs ohne den
733 1990 1849 2040 Schwarz vom „Neuen Theater“ in Frankfurt (für das er¬
1905 2001 3007 2079 den 1880 bis 1884) Studienreisen nach Frankreich, England,
170 2011 443 2075 s des Denkers.
733 2026 1849 2072 krankte Fräulein Sonnemann), Frau Hummel, Fräulein
1905 2033 3007 2086 Italien und den Niederlanden. 1886 habilitierte er sich als
205 2026 683 2107 deutschen Dichtung, dem
733 2065 1849 2114 Tille Uhrig aus Wiesbaden als Gast, Frau Jutta
1898 2075 3003 2135 Privatdozent an der Universität Bonn und wurde 1890 zum
156 2082 683 2142 de wienerische Note gegeben
733 2096 942 2157 Versen.
1898 2118 3010 2164 Direktor des Städelschen Kunstinstituts in Frankfurt a. M.
156 2114 676 2167 her), deren Wiedererklingen
786 2111 1838 2181 In dem ganz kleinen Röllchen der „Cora“ zeigte Fräulein
1898 2153 3003 2196 ernannt. 1894 wurde er auf den Lehrstuhl für Kunstgeschichte
135 2142 683 2213 zu sein vermag, wie es im
737 2153 1841 2217 Bull recht nett und man den viel zitierten Typus der
1898 2188 3010 2231 an der Universität Heidelberg berufen, wo er ununterbrochen
166 2192 683 2249 heute, wo ein jeder kaum
740 2206 1852 2263 „lieben, süßen Mädels", wies aufhorchendem Ohr auch, zum
1898 2224 3003 2281 bis 1911 tätig war. — Henry Thode ist seit 1886 mit Daniel
163 2227 680 2270 eifelter Titane auftreten zu
729 2249 1629 2309 erstenmal. Spuren von Empfindung und Talent
1902 2259 2999 2312 . Bülow. einer Tochter Cosina Wagners aus deren erste
159 2266 687 2320 gegorenen Werkchen hun¬
807 2259 1841 2323 Ganz meisterlich sodann — ebenfalls in einer keine
1898 2291 3003 2341 che mit Hans v. Bülow, verheiratet. Anfang Februar 1914
152 2295 680 2366 Hände zu zertrümmern, wur¬
737 2302 1849 2366 Rolle — das den doppelt brünetten Namen zu Recht tragende
1895 2330 3007 2387 hat Frau Daniela Thode gegen ihren Gatten die Eheschei¬
184 2337 397 2390 verkünden
740 2355 1852 2401 Fräulein Mela Schwarz als kleine Zirkusdame. Eine
1887 2369 3003 2419 dungsklage — nach beinahe 30jähriger Ehe — eingeleitet. —
166 2348 683 2429 Grad — man muß sich kein
729 2394 1838 2458 ausgezeichnete Schauspielern offenbar, voll Reiz, Welt. Tem
1898 2405 3003 2451 Professor Thode hat in seiner bekannten Schrift „Wie ist
184 2412 683 2451 hat Schnitzler seinen Lieb¬
737 2429 931 2486 perament.
1898 2443 2999 2497 Richard Wagner vom deutschen Volk zu feiern (1903) un
170 2447 687 2504 nicht Anatol, wie gern an¬
807 2440 1849 2507 In der Rede vortrefflich, klug und empfindend. Frau
1898 2468 3010 2525 ein richtiges Verständnis für den Meister geworben, er ist in
166 2482 687 2546 n Teilchen seines reichen
740 2493 1852 2543 Hummel. Die Gestalt der mit Weihnachtseinkäufen be¬
1898 2514 2992 2560 zwei Schriften („Leben oder Tod des Heidelberger Schlosses
740 2536 1852 2582 schäftigten vornehmen Dame“, nur nicht zu voller Glaublich¬
1891 2560 3007 2599 1904) und „Ein letztes Wort vor der Entscheidung über da¬
174 2536 683 2603 nicht einzig und alles be¬
740 2571 1841 2617 keit bringend. Die schwer darstellbare Situation, vielleich
1898 2585 3010 2635 Heidelberger Schloß!“ (1906) für die ganz Deutschland be¬
166 2578 687 2649 and seines Nachfühlen und
740 2606 1852 2656 auch Toilettenkleinigkeiten, wie Strumpf und Schuh auf
1898 2624 3003 2670 schäftigende Heidelberger Schloßfrage eingetreten und er hat
163 2628 683 2681 Gängen und Irrgängen, in
729 2638 1845 2713 winterlicher Straße, mögen illusionshindend gewirkt haben.
1895 2659 3007 2706 durch sein Einsetzen Wesentliches dazu beigetragen, daß Hans
163 2663 683 2716 den in ihrer Tragik und
807 2688 1845 2737 Fräulein Tille Uhrig in der vielgespielten, unend¬
1898 2698 3003 2744 Thomas Werk in den Besitz des deutschen Volkes übergegan¬
159 2695 687 2762 eine menschlich allzu mensch¬
744 2716 1849 2776 lich dankbaren Rolle der Schauspielerin im Abschieds¬
1898 2730 2996 2776 gen ist. Von seinen Schriften seien genannt: „Hans Thoma
152 2734 683 2787 Mittert. Sie mit Alltäglich¬
740 2755 1841 2808 souper, als Kind der Stadt herzlich aufgenommen und mi¬
1895 2769 2989 2815 1892. „Hans Thoma und seine Kunst" 1899: „Hans Thoma
152 2776 691 2829 llt. Er hat im Kleinen
740 2798 1841 2844 Beifall bedacht, zeigte hübsche Eigenschaften. Laune und Be¬
1898 2805 2996 2851 1965: „Böcklin und Thoma" 1905; „Hans Thomas Werke
156 2808 683 2865 en, in Andeutungen all¬
740 2829 1845 2893 weglichkeit, steht aber doch kaum schon auf der Höhe unseres
1905 2840 3007 2893 (in den Klassikern der Kunst) 1908. Von seinen kunsthistori¬
747 2868 956 2929 Ensembles.
138 2854 683 2936 wie sie es nie ist — Pro¬
1898 2875 3010 2943 schen Schriften sind noch zu erwähnen „Franz von Assisi und
804 2883 1841 2953 Und Frau Versen war durch eine grellrote Perück
1898 2914 2996 2957 die Anfänge der Kunst der Renaissance in Italien“, 1885
149 2900 694 2968 he Klarheit und Sauberkeit
740 2922 1838 2985 und einen erschrecklich blaß geratenen Teint leider dermaßen
1898 2943 2999 3007 2. Aufl. 1904: „Die Malerschule von Nürnberg i. 14, u. 15
156 2953 683 3014 hen, redlichen Fleißes. Seine
740 2982 1845 3031 entstellt, daß die sonst temperamentvoll angelegte Rolle nich
1898 2985 3010 3042 Ihrhd." (1891): „Correggio, 1897: „Tintoretto" 1901;
156 2989 691 3056 wüter Unbürgerlichkeit. Er
737 3014 1264 3074 zu Gestalt und Leben gedieh.
1898 3017 2996 3070 „Arnold Böcklin 1905: „Michelangelo 1/11 1908; und von
163 3024 552 3092 befunden Dichters
807 3031 1849 3106 Von den Zimmern war nur das erste hübsch wienerisch
1898 3056 2975 3099 seinen allgemeinen Schriften „Kunst. Kultur und Religion
159 3049 691 3120 n Anatol-Szenen (fünf von
1902 3095 3007 3141 1901: „Goethe der Bildner 1906: „Franz Liszt" 1912. Seit
737 3081 1841 3138 und plauschig“; das zweite, Maxens, zu leer: das Separé¬
159 3102 687 3159 ne Ouvertüre ansehen, und
740 3130 1852 3177 des Abschiedssoupers" ein merkwürdiger stimmungsloser
1905 3130 3021 3208 seinem Wegzug von Heidelberg wohnte Geheimrat Thode in
170 3130 691 3198 eines reifen Schnitzlerischen
1895 3162 2256 3230 Gardone (Italien).
740 3173 1838 3230 Korridor: Anatols Wohnzimmer im „Hochzeitsmorgen ab¬
156 3159 712 3240 Das weite Land", „Professor
