3248 4256
69 136 436 244 4.9. Anna
632 110 746 215 -
871 144 972 241 lu
1191 133 1541 229 box 9/4
2025 80 2586 164 Svenska Dagbladet
1913 408 2288 490 20 Maj 1750
1930 582 2652 713 Sadant hander.
1898 715 2663 813 JERRALD TICKELL: Südant händer.
1972 785 2185 842 Skoglunds.
1946 832 2654 900 En tredjedel Arlen, en tredjede
1905 890 2658 941 Vicki Baum, en tredjedel reminiscen¬
1901 931 2657 999 ser från ett dussin missromanskriben¬
1899 992 2651 1041 ter vilkas namn redan sjunkt i defi¬
1899 1029 2654 1105 nitiv glömska ... Ungefär så kan Sa-
1901 1088 2657 1148 dant händer" te sig vid hastigt pa¬
1899 1130 2650 1192 seende av de första hundra sidorna,
1898 1182 2643 1237 en förströelsebok bland tusentals and
1899 1231 2649 1283 ra; man har redan sura anmärknin¬
1898 1287 2648 1350 gar på tungan om schablonromantik
1902 1335 2647 1380 och konventionell karaktersteckning.
1899 1377 2645 1437 Men den bör inte demas för snabbt!
1898 1414 2645 1483 Nagot annat an en underhältningsro-
1899 1469 2655 1533 man er den visserligen inte, men det
1902 1532 2647 1585 spelar faktiskt en melodi i den som
1902 1572 2648 1626 försvunnit ur böckernas stora magd,
1902 1621 2645 1693 en ganska förtrollande melodi om det
1902 1659 2648 1738 finns den rätta resonansen i lasarens
1896 1713 2646 1773 öra. "Sadant händer har mit all
1893 1766 2645 1834 banaliteten en säregen och inte sä lätt
1898 1810 2643 1891 definiera charm, en doit och ett nyck¬
1899 1860 2645 1935 fullt glitter av vår och ungdom och
1895 1916 2645 1977 särmisk förälskelse som minst av allt
1896 1965 2646 2025 brukar vara vanligt i en modern kär-
1893 2012 2650 2089 leksroman av en debuerande forfat-
1893 2059 1985 2122 tare.
1940 2101 2651 2172 Vad är det som händer? Jo, ett li-
1892 2160 2643 2219 tet österrikiskt krigsflickebarn tas om
1892 2195 2647 2276 hand av en rik medelalders dam
1895 2246 2649 2320 England, vixer upp och blir käri hen-
1893 2306 2645 2374 nes nevo, skils från honom för hans
1890 2346 2641 2416 parlamentskarriers skull och för sin
1892 2403 2652 2468 fatiga, sjuka far hemma i Wien, gif-
1886 2440 2643 2507 ter sig med en roué, och terförenas
1880 2487 2645 2562 slutigen med sin älskade en vinter i
1898 2537 2641 2614 Tyrolen. Tösen heter Nicola och är
1892 2583 2636 2659 slank och kyligt blond; Peter är ne¬
1887 2629 2639 2694 vön, den envisaste och nyckfullaste av
1890 2689 2642 2764 alla irländäre; pappan ar en saltan-
1886 2742 2631 2799 de överste, och rouén, hans furstlige
1889 2781 2630 2858 vän, en Anatol som förandrats sen
1887 2842 2633 2898 Schnitzlers tid endast i anseende till
1881 2887 2633 2958 sin elegan a bil; den medelalders en¬
1887 2936 2630 2992 gelska damen slutigen är en god fé
1878 2984 2630 3045 som rycker till undsättning ex ma¬
1877 3031 2630 3105 china i alla kinkiga situationer.
1877 3087 2636 3154 Sadant har utan tvivel hänt förr,
1878 3127 2624 3194 framför allt i romanera, och i ett sce¬
1875 3183 2631 3243 neri som vixlar mellan engelska gods.
1880 3219 2621 3292 franska rivieran och inde bar
1878 3285 2630 3332 alperna; men hur Jerrald Tickell nu
1878 3323 2624 3390 burit sig at — man frågar sig gang
1875 3379 2621 3432 på gång vari knepet ligger — fattar
1872 3429 2621 3495 man det intensivaste tycke för hela
1875 3472 2621 3541 sällskapet, man grälar inom sig på Pe¬
1878 3520 2624 3572 ter när han inte har vett att förkla¬
1878 3564 2619 3639 ra" sig, sörjer med Nicola när hon off¬
1878 3620 2614 3683 rar sig för sin far och stämme up
1872 3659 2618 3724 ett forfaldigt hurrarop när de bagge
1872 3723 2612 3778 daraktiga ungdomarna äntligen faller
1871 3760 2616 3812 i varandras armar. De vackraste melo¬
1869 3811 2614 3872 dierna äro i regel svarastatt analysera.
1872 3859 2597 3927 Sa r det ocks med "Sadant händer
1869 3918 2618 3963 men jag kan inte tro annat an att den
1869 3956 2615 4012 bör roa och glädja alla som söker en
1862 4006 2427 4081 rolig bok till sommarlektr.
