3248 4224
59 175 970 299 4.9. Anatol Zyklu-
1168 177 1526 283 box 9/4
1131 920 1301 1002 Seite 8
1796 935 2003 1010 Wien, Di
1207 1074 2008 1270 Bühne un
1401 1326 1659 1419 „Anatol."
1385 1401 1683 1483 Akademietheater.
1092 1449 1955 1529 Schnitzler=Abend des Akademietheaters. Das
1086 1510 1955 1594 Burgtheater wird wohl bald auch Schnitzler und
1094 1562 1946 1615 damit sich ehren, indem es den „Jungen Me¬
1091 1615 1958 1674 dardus neu inszeniert herausbringt. Verspro¬
1092 1654 1367 1731 chen wurde es.
1128 1708 1958 1766 Wieder begegnet uns Anatol. Ladislaus Czei¬
1086 1754 1952 1815 tel hat ihm die Kostüme seiner Zeit angezogen.
1092 1811 1958 1862 Es ist ein seltsames melancholisches Modenalbum:
1092 1861 1955 1911 kaum erlebt und schon historische Vergangenheit.
1098 1909 1943 1961 ist fürchtet man um Anatol. Aber die Leichtig
1089 1953 1949 2010 tet seiner Szenen ist geblieben, weil sie nicht
1094 2000 1952 2059 aus dem Theater, weil sie aus dem Leben kom¬
1094 2050 1943 2109 men. Diese Männer und Frauen hat es gegeben
1086 2096 1958 2144 unsere Landschaft hat sie getragen. Sie waren
1094 2141 1946 2195 Spaziergänger durchs Dasein, dem Zauber der
1089 2190 1943 2249 Stimmung unterworfen und leicht verärgert
1092 2238 1958 2294 wenn ihnen Stimmung und Spaziergang gestört
1089 2291 1958 2342 wurden. Da fühlten sie dann die Macht des
1092 2336 1959 2393 „Unbewußten", da wurde ihnen katzenjämmerlich
1094 2379 1949 2436 zu Mut, mitten im Fasching. Aus dem spazier¬
1092 2432 1943 2480 ten sie dann neunzehnhundertvierzehn gelassen
1094 2479 1943 2535 in den Tod und über die Welt kam die Ent¬
1092 2526 1952 2584 zauberung der Stimmung, der eleganten Herren
1092 2572 1952 2625 und der süßen Mädel. Jetzt erblickt man sie nur
1094 2620 1949 2670 noch in diesen Szenen: die Männer, die nicht den
1092 2663 1958 2728 Mut hatten, das Schicksal zu befragen und sich
1092 2716 1952 2764 ihm zu stellen — die Damen, die nicht die Lei¬
1092 2762 1961 2817 denschaft hatten, zu lieben — die Mädel der Vor¬
1098 2808 1955 2861 stadt, die die Kraft hatten, zu blühen und bei¬
1107 2862 1376 2921 seite zu treten.
1131 2910 1959 2970 Franz Herterich läßt diese Szenen aus dem
1098 2962 1958 3026 Musikalischen emporwachsen. Er führt sie immer
1094 3008 1919 3055 wieder dahin zurück, er will — mit Recht
1098 3044 1955 3110 ihnen die verschwebende überwirkliche Zartheit
1094 3100 1957 3169 Schubertscher Kammermusik geben. So spielt auch
1094 3153 1958 3204 Raoul Aslan den Anatol. Kaum als Gestalt.
1098 3200 1961 3259 Aber die zerfließt ja auch impressionistisch, sie
1100 3260 1958 3304 entscheidet sich ja auch so wenig wie ihre ganze
1092 3295 1958 3349 Zeit. Er ist nicht ein neugieriger junger Mensch
1098 3343 1966 3393 — dieser Anatol — solche Versachlichung drückte
1094 3387 1928 3439 ihn auf ein sehr bescheidenes Lustspielniveau¬
1107 3434 1958 3495 sondern er ist der Ausdruck einer Epoche, die
1103 3486 1955 3543 sterben mußte. Dieses Wissende, dieses Elegische
1086 3537 1955 3591 spielt Aslan. Sein Anatol hat einen großen
1101 3580 1952 3633 Augenblick, als er sich der Enttäuschung gegen¬
1092 3630 1949 3675 über sieht, als er merkt, daß er sich selbst belogen
1092 3675 1958 3729 hat, daß er vergessen worden ist, daß er Episode
1100 3726 1958 3777 geblieben ist — Episode auch im Schicksal der
1101 3769 1955 3820 Welt. Was Aslan gibt, ist Reise und Überreife
1098 3817 1952 3871 der Schnitzlerschen Männerwelt, aber ich glaube,
1092 3864 1958 3912 daß man sie heute gar nicht anders vertragen
1092 3910 1949 3967 kann, als mit der dazu gespielten Ahnung ihres
1092 3961 1392 4027 Sterben müssen.
1136 4018 1948 4070 Emmerich Reimers ist ein Max, der
1092 4063 1949 4114 mehr dem Bierkrügel als dem Champagnerkelch
1086 4110 1943 4161 ongehört. Ein Nachkriegsmag. Aber sein klein
