3248 4256
223 108 1207 191 ganz gleich, ob es sich um einfache oder
222 150 696 235 Luxusmöbel handelt.
155 184 1212 277 Wir führen keine minderwertige, ausländische
230 226 1212 296 Kommerzware, wir fördern die heimische
223 262 1221 333 Produktion und verkaufen nur die guten,
230 322 917 387 weltberühmten Wiener Röbel.
159 372 1212 448 Möbel aus unserem Lager werden
162 412 1218 516 Ihnen zeitlebens Freude bereiten!
94 540 1284 621 zusammensetzen: einen Achtelliter ungeschlagenes Schlagobers mit
100 581 1291 658 sieben Dekagramm geriebener Schokolade auskochen, kalt stellen, dann
97 616 1276 694 mit der Schneerute schlagen, bis es dick ist. Das Ganze mit Tunk¬
104 683 395 749 masse überziehen.
205 679 1292 778 Käsestangen. Zwölf Dekagramm Mehl mit zwölf Delagramm
102 746 1291 820 Butter abbröseln, mit einem Dotter, Salz, sechs Dekagramm passiertem
102 788 1288 861 Eidamer, sechs Dekagramm passiertem Emmentaler und drei Deka¬
104 827 1288 896 gramm passiertem Roquefort am Brett verarbeiten. Eine halbe
95 864 1292 933 Stunde rasten lassen. Dann nicht zu dünn auswalken, den Teig mit
26 903 1302 977 sen Eiklar bestreichen, mit geriebenen Parmesankäse bestreuen, in Streifen
26 943 1223 1027 sen radeln, auf unbestrichenem Blech in heißem Rohr licht backen.
269 1093 1135 1210 Theater und Kunst.
914 1207 1216 1420 1932.
121 1414 1307 1525 Göbbelings erste Akademietheater=Premiere.
663 1486 760 1554 Von
579 1525 846 1618 Felix Fischer.
226 1558 1320 1666 Gestehen wir es ein: Es ist für uns alle, die wir zur
121 1645 1312 1719 Zeit der ersten literarischen Schritte Artur Schnitzlers
121 1700 1320 1766 begeisterungsfähige Jünglinge waren, ein Menetekel, daß sein
125 1749 1313 1815 damals von uns am öftesten gelesenes, am meisten geliebtes
128 1794 1320 1863 Werk, der „Anatol", in dem jeder die Tragikomödie seiner
125 1833 1323 1918 Seele niedergelegt glaubte, heute bereits im Kostüm gespielt
121 1883 1318 1956 werden muß. Es ist dasselbe Gefühl, wie wenn man plötzlich
131 1944 1313 2009 einem Schulkameraden aus dem Obergymnasium gegenübersteht,
8 1964 97 2011 mehr
18 1993 1317 2051 dern den man viele Jahre hindurch seit dem Abitur nicht mehr
8 2038 108 2112 sehn¬
131 2033 1320 2114 gesehen hat. Er lebt in unserer Erinnerung als der vorlaute
137 2077 1326 2156 Schuljunge, der durch die Oeffnung des Tintenfasses in die
129 2130 1326 2208 Kathederlade Fliegen hineinpraktiziert hat, und macht uns, wenn
131 2172 1325 2253 man ihn mit gelichtetem Haupthaar und Runzeln im Angesicht
16 2193 100 2273 ori¬
24 2226 1325 2326 wen wiedersieht, erst darauf aufmerksam, daß man auch selbst gealtert
128 2269 1326 2358 ist. So erscheint der „Anatol“ der Welt von gestern und heute
137 2321 1326 2394 als ein dramatischer Anschauungsvortrag über den jungen
32 2366 108 2425 Zug
142 2362 1333 2441 Menschen von 1890. Eine Gedenkfeier also, vorgestern für Josef
134 2429 806 2510 Kainz, gestern für Artur Schnitzler.
32 2459 113 2514 rten
241 2436 1333 2535 Als ein Pietätsakt will es wohl gewertet werden, wenn
139 2510 1328 2590 der Theaterpraktiker Röbbeling als seine erste Tat im Akademie¬
137 2559 1330 2635 theater Anatols Liebesabenteuer auf der Bühne erstehen läßt.
34 2603 112 2664 ihr
142 2606 1333 2683 Es sind aber eigentlich nicht Abenteuer, nur Gespräche über
137 2658 1331 2730 Anatol, immer vom Standpunkt einer anderen Frauengestalt
137 2704 1330 2769 aus gesehen. Möglich, daß Schnitzler in diesem „Hypochonder
141 2750 1331 2827 der Liebe sich selbst zeichnen wollte. So charakterisierte er
141 2811 1331 2876 nämlich Anatol in dem bisher noch nicht gespielten Einakter
146 2845 1334 2923 der Reihe „Agonie", der, wie „Weihnachtseinkäufe, am meisten
142 2892 1331 2971 an die von Hermann Bahr herangezogenen Pariser Vorbilder,
142 2949 1341 3021 die Szenen Henri Lavedans und Jeanne Marnis, erinnert. In
141 2989 1331 3068 diesen beiden Dialogen hat Schnitzler unstreitig die erschöpfendste
149 3051 1331 3109 Darstellung des Wesens seines Helden und — was heute schon
152 3098 1338 3165 fast historischen Wert hat — zum erstenmal eine Definition
149 3138 1334 3212 des Begriffes „süßes Mädel gegeben. Vielleicht ist gerade dieser
152 3183 1341 3258 im „Anatol“ in mehrfacher Auflage auftretende, heute seines
149 3232 1339 3308 romantischen Schimmers entkleidete Typ schuld daran, daß uns
155 3277 1339 3355 auch die Seele Anatols ein Kostüm zu tragen scheint. Man
152 3339 1343 3408 fragt sich, ob diese jungen Leute, die zwischen zwei Liebeleien
149 3389 1338 3447 melancholisch werden, aber gegebenenfalls, wenn sie bei ihrer
154 3426 1338 3504 Eitelkeit gepackt werden, recht brutal werden können, wirklich
155 3481 1338 3547 einmal gelebt haben, so wie man nach einem weiteren Menschen¬
155 3526 1339 3592 alter sicherlich verwundert sein wird, wenn man von der Bühne
152 3562 1333 3644 herab die nüchterne Sachlichkeit hören wird, mit der sich die
159 3617 1339 3693 Jugend von 1932 über Eros hinwegsetzt. Also auch eine seelische
152 3659 1341 3741 Gedenkfeier, nur daß die Phantasie diskreter kostümiert als im
150 3720 807 3787 Akademietheater Ladislaus Czettel.
259 3745 1343 3838 Die gegenwärtige Aufführung sollte nach den Absichten
128 3801 1344 3914 Röbbelings, der damals noch nicht näher in den Betrieb des
1671 160 2612 272 49. Anatol - Zyklus
2787 163 3127 256 box 9/4
