3436 4352
283 156 834 276 4.9. Anatol
806 171 1210 294 Zyklu-
1410 162 1760 268 box 9/5
1722 1277 1837 1369 167
1171 1398 2362 1466 mir, ich glaube, der liebe Augustin hat sich's über¬
1171 1463 2357 1518 legt und ist statt in die Grube an jenen stillen Orte
1164 1523 2356 1584 abgefahren, wohin alle die poetischen Gestalten des
1174 1562 2354 1630 Herrn Bahr auf Nimmerwiedersehen verschwinden,
1165 1617 2356 1676 an jenen stillen Ort, wo gute Menschen anderen
1164 1666 2351 1724 Menschen zureden, ebenfalls gut zu werden, bis die
1171 1714 2357 1784 ganze Menschheit endlich eine gute Laus und eine
1165 1761 2356 1824 gute Seele geworden ist.... Wo ist Herr Arthur
1167 1816 2354 1858 Schnitzler geblieben, diese schwächliche Anatol¬
1164 1852 2356 1921 Natur, die sich von den Literaturgigerin zum Mitthun
1164 1906 2351 1974 überreden liess und schliesslich dennoch nicht mit¬
1165 1962 2353 2019 that? Wo Hugo v. Hofmannsthal, auf den der
1168 2010 2353 2065 Mantel des jungen Goethe gefallen ist — warum hat
1164 2061 2347 2119 er die dunklen Ahnungen der Seele, die nach Aus¬
1162 2090 2345 2160 druck ringen, uns nicht dunkler noch und unver¬
1162 2155 2353 2210 ständlicher gemacht? Und die andern alle, Peter Alten¬
1162 2199 2348 2262 berg und Oscar-Friedmann, Felix Rappoport und
1161 2263 2353 2323 die Göttlichen alle, wo stecken sie und warum haben
1156 2298 2348 2362 sie, da sich jetzt endlich die beste Gelegenheit bot,
1156 2357 2347 2418 nicht aufgezeigte, was sie für die Jungwiener Literatur
1152 2390 1623 2484 zu leisten vermögen
1266 2439 2342 2506 Es war ein greulicher Krach, den unsere Jung¬
1159 2500 2342 2555 wiener Poetengiger erfahren haben. Doch haben
1156 2546 2347 2603 sie ein besseres Schicksal nicht verdient. Vielleicht
1153 2591 2345 2660 überlegt sich's der junge Herr v. Hofmannsthal
1153 2639 2339 2703 noch einmal, setzt sich in seinen Entlehnstuhl und an
1150 2701 2342 2752 den Goethe'schen Abschreibtisch und dichtet endlich
1153 2749 2345 2803 sein berühmtes Ballett, in dem die Tänzerinnen durch
1153 2791 2344 2858 die Nähen und die Weiten des Weltengeistes schreiten.
1153 2835 2333 2892 Dann soll er es aber auch im Neuseeländischen auf¬
1146 2886 2339 2959 führen lassen, bei unseren Antipoden, bis zu welchen,
1147 2946 2336 2998 wie ich bereits oben erzählt habe, das Jungwiener
1158 2986 2336 3049 Theater zum lieben Augustin glücklich durchgefallen
1143 3040 2335 3104 ist. Wir aber möchten vor dem aufgeblasenen, impotenten
1137 3080 2333 3163 Literaturgigerthum von Wien eine Weile Ruhe haben.
1535 3130 1952 3198 du lieber Augustin,
1529 3180 1781 3242 Alles ist hin!
