3436 4352
277 186 799 267 4.9. Anatol
998 181 1167 270 yli
1399 172 1755 262 box 9/4
1558 542 2135 640 HEMSTREET
1590 605 2123 676 96 WARREN STREET
1635 664 2081 750 NEW YORK CITY
1628 784 1960 870 NY TIMES
1718 828 2041 929 193
1500 924 2144 1029 en la mar a la
1613 1027 2020 1142 THE PLAY
1549 1115 2098 1191 By J. BROOKS ATKINSON.
1534 1220 2122 1299 Schnitzler’s Anatomy of Love.
1635 1269 2145 1319 a play in our acts and a
1495 1280 1579 1329 ANA
1946 1302 2161 1353 acting version
1525 1309 1912 1382 ne de leur a
2025 1329 2145 1365 tage
1696 1324 1951 1375 Granville-Barker
1519 1350 2145 1400 Marc Connelly and Gabriel Beer-Hofmann
1519 1385 2169 1426 setting by Jo Mielziner; revived by Bela
1515 1409 2073 1463 Blau, Inc. At the Lyceum Theatre.
1488 1434 2156 1483 Max Walter Connoll
1495 1463 2091 1514 Anatol Joseph Schild
1573 1493 2093 1536 .....................
1569 1515 2123 1559 ..................... For
1503 1532 2128 1601 nen
1963 1573 2169 1650 an Sonn¬
1507 1607 1890 1657 ...............
1963 1640 2169 1679 ger Ramsell
1507 1652 1890 1688 Frans
1495 1669 2169 1732 Lona Ruthelm Stevens
1522 1701 2167 1770 Although Arthur Schnitzler is the
1498 1743 2166 1808 author of "Anatol," which was re¬
1498 1784 2166 1843 vived at the Lyceum last evening
1497 1829 2169 1895 he is not the source of all its love¬
1498 1872 2176 1922 liness. Bela Blau has mounted it
1498 1921 2171 1978 handsomely, not forgetting the Vien-
1498 1951 2169 2015 nese waltzes and the concertina,
1503 1997 2176 2046 which is the most heartening of all
1503 2031 2179 2096 musical instruments. And Joe Miel¬
1498 2078 2176 2144 ziner has lavished upon Schnitzlers
1505 2117 2177 2183 anatomy of love some of the most
1502 2164 2174 2223 alluring settings in years magic vis¬
1512 2198 2179 2260 tas, exquisite interiors, and a spark¬
1512 2250 2184 2330 ling evening snowstorm beyond the
1503 2287 1982 2348 arch of a Vienna arcade.
1547 2323 2183 2394 With the actors, Mr. Blau's for¬
1510 2373 2186 2424 tunes have been mixed. As Anatol,
1512 2416 2191 2468 Joseph Schildkraut is mechanical and
1512 2453 2188 2519 constricted in a part that should be
1510 2493 2186 2551 romantically exhilarating. He has
1515 2534 2191 2601 little of the free improvisation that is
1515 2574 2183 2629 the charm of Schnitzlers bundle of
1515 2615 2191 2688 episodes. But Walter Connolly is
1515 2662 2191 2720 quietly merry as Anatols navish
1519 2705 2194 2764 comrade. Patricia Collinge has one
1512 2740 2193 2801 huntingly beautiful scene as the
1515 2784 2191 2830 wistful married lady who did not
1515 2818 2191 2867 succumb to Anatol. There are lively
1519 2858 2191 2899 scenes with Miram Hopins, Anne
1525 2885 2186 2939 Forrest, Elena Miramova and Ruth¬
1527 2912 2196 2973 elma Stevens, If, as a playgoer, you
1525 2951 2196 2998 are as shameless a gourmet as
1525 2977 2193 3034 Anatol, you will find enough beauty
1522 3015 2191 3064 and comedy in Mr. Blau's ravishing
1530 3053 2191 3103 production to balance the wooden¬
1527 3076 2198 3137 ness of some of the acting and some
1532 3117 1931 3167 of the duller scenes.
1558 3137 2199 3206 When Anatole was first mounted
1527 3172 2198 3225 here nearly twenty years ago with
1530 3213 2193 3262 John Barrymore it was puted to be
1527 3237 2198 3289 audacious. Anatol is a sinner. But
1534 3270 2206 3325 not to Schnitzler, and hardly to the
1537 3303 2201 3365 pernicious player of today, for
1537 3336 2205 3389 Anatol is a sybarite of love. He is
1537 3370 2206 3428 punctilious about the department of
1537 3401 2213 3451 conquest. He loves love. The six
1530 3438 2194 3497 scenes in his affairs reveal his sus
1537 3468 2205 3514 ceptibilities his anxiety over the
1537 3504 2205 3551 fidelity of Hilda, his wounded vanity
1539 3532 2206 3591 when Bianca, no longer remembers
1542 3571 2206 3615 him, his anger when he discovers one
1539 3602 2208 3652 of his trollos covering the booty of
1542 3629 2205 3688 previous amours or another planning
1549 3666 2205 3710 to supplant him with a chorus boy,
1549 3700 2208 3747 For to Schnitzler love is full of savor
1542 3732 2213 3776 and deception, honeyed tenderness
1549 3764 2210 3808 and sweet languor. None of the hot¬
1539 3794 2210 3833 blooded passion of the modern thea¬
1549 3826 2206 3872 tre bursts into his amoros ho¬
1549 3858 2218 3906 house. There is hardly a kiss visible
1544 3892 2216 3946 to the naked eye. Silken in the writ¬
1549 3923 2211 3972 ing, it is overing in the acting. If
1546 3961 2215 4002 it were half as long it would be twice
1537 3987 2221 4051 as good in the theatre. Certainly this
1552 4027 2218 4073 production would be brisker amuse¬
1549 4053 2216 4124 ment if a half hour were taken out
1546 4097 1645 4135 of it.
1882 4095 2220 4173 Schildkraut lacks
1603 4120 1843 4171 our
