3436 4256
1390 155 1744 258 box 8/6
914 163 1083 267 Zyk
269 155 792 265 4.9. Anatol
739 566 1663 637 Büro-Ausstellung Wien 8.—19. November
1038 625 1376 712 siehe Bückseite.
1392 657 1730 753 Telephon 12.801.
1368 743 1522 881 R
926 773 1359 910 OBSERVI
665 895 1734 963 1. österr. behördl. konz. Unternehmen für Zeitungs-Ausschnitte
800 944 1618 1050 Wien, I., Concordiaplatz 4.
1005 1030 1402 1101 Vertretungen
672 1079 1730 1140 in Berlin, Budapest, Chicago, Christiania, Genf, Kopen¬
672 1123 1738 1182 hagen, London, Madrid, Mailand, Minneapolis, New-York,
722 1162 1683 1227 Paris, Rom, San Francisco, Stockholm, St. Petersburg.
1009 1211 1404 1278 (Quellenangabe eine Gewehr).
674 1252 1036 1343 Ausschnitt aus:
1091 1264 1779 1414 Riger Tagblatt
873 1335 1146 1412 21. 10. 1911
680 1380 804 1469 vom
871 1431 2507 1543 ger Tageblatt“ Nr. 232 vom 8. 21.) Oktober 1911
1925 1628 2902 1722 angepaßt, als der Haltung, die ein Dandy einer
1919 1693 2896 1752 Dame gegenüber einnimmt. Dieser ganze Ana¬
999 1656 1795 1775 Letzte Lokal-Nachrichten.
1925 1740 2906 1811 tol war schwerfällig, beinahe linkisch und in
1254 1748 1536 1844 Stadttheater.
1925 1787 2556 1838 der ganzen Auffassung falsch.
1970 1825 2910 1895 Vielleicht (vielleicht!) wäre Herr Staudte
950 1817 1878 1893 Der Einakter=Zyklus „Anatol“ von Arthur
1925 1878 2900 1952 der richtigen Auffassung etwas näher gekom¬
899 1878 1884 1962 Schnitzler wurde gestern Abend im Stadttheater
1923 1935 2910 2000 men, wenn er die Rolle des Anatol bekom¬
899 1935 1502 2004 zum ersten Mal aufgeführt.
1925 1984 2906 2049 men hätte. Als Max war er gar zu wenig
956 1972 1884 2045 Mitten aus unserem modernen Leben sind die
1933 2031 2904 2086 der überlegene Spötter, zu wenig der abge¬
906 2023 1884 2090 Figuren herausgegriffen, die wir in diesen pi¬
1927 2082 2902 2139 brühte Beobachter. Diese Rolle wäre viel¬
902 2080 1884 2147 kanten und witzigen Szenen agieren sehen. Der
1925 2118 2737 2204 leicht Herrn Eckhof ganz gut gelungen.
899 2129 1884 2192 tragikomische Held ist Anatol. Er ist der Ele¬
1976 2167 2904 2236 Wenn noch einiges von den amüsanten
908 2179 1886 2236 gant von heute, der moderne Lebemann, der
1933 2218 2910 2289 Stücken gerettet und zur Geltung gebracht
908 2220 1862 2281 Aesthet und Gourmet und Genußling ist. E
1925 2279 2910 2336 wurde, so ist das nur den Damen zu danken,
899 2269 1880 2330 will nicht schlechtweg das Leben genießen, er
1925 2324 2912 2379 die ihre Aufgaben vortrefflich lösten. Frl.
902 2318 1880 2391 will stilvoll bummeln, „feinsinnig schlei¬
1927 2373 2906 2432 Enzinger brachte den Typus „süßes Ma¬
906 2367 1862 2454 men und die Frauen will er „als Künstler
1931 2418 2918 2487 del famos heraus. Frl. Wernay wußte die
918 2422 1884 2485 studieren und lieben. Schnitzler hat mit sehr
1925 2470 2912 2527 anständige Frau mit dem Seitenblick ins Ge¬
922 2464 1880 2534 feiner, unaufdringlicher Ironie diesen sentimen¬
1929 2521 2910 2582 biet der Seitensprunge mit Anmut und char¬
912 2521 1886 2580 talen und aufgeblasenen und im Grunde un¬
1929 2570 2910 2631 mantelegisch zu zeichnen, faßte aber die Rolle
920 2562 1886 2635 säglich komischen Dandy gezeichnet. Anatol ist
1931 2623 2912 2676 vielleicht um eine Nuance zu ernst auf. Frl.
906 2617 1891 2684 natürlich auch Dichter. Vermutlich gehört er
1931 2666 2912 2723 Olden als schöne Furie Ilona, die den Anatol
906 2666 1901 2735 zu der Sorte von Dichtern, die einmal im
1933 2715 2908 2774 noch zehn Minuten vor seiner Trauung bei¬
906 2715 1891 2772 Leben auf eigene Kosten ein schmales, immer
1933 2766 2908 2823 nahe durchprügeln will, war in ihrer Rage
912 2768 1891 2833 unbekannt bleibendes Bändchen „numeriert
1931 2816 2910 2894 voll Pikanterie und stellte Anatols gefährlichste
918 2814 1886 2877 und auf handgeschöpftem Büttenpapier" erschei¬
1937 2855 2648 2920 Freundin recht verführerisch dar.
912 2861 1886 2926 nen lassen, und daraufhin nur noch „wir Künst¬
1978 2904 2912 2967 Die Krone des ganzen bildete aber die freche
914 2912 1888 2965 ler“ sagen und „individuelle“ Krawatten tra¬
1937 2930 2912 3020 kleine Choristin im „Abschiedssouper, gespielt
920 2955 1886 3022 gen usw. Anatol ist ferner Philosoph. Er kennt
1933 3014 2918 3069 von Frl. Diercks. Das wurde so brillant
914 3008 1888 3063 das Leben (sagt er) und die Frauen (sagt und
1939 3063 2914 3114 gemacht, daß die Kritik sich nur verneigen kann.
908 3057 1880 3130 glaubt er!) ganz genau. Das ungeheuer Ko¬
1931 3109 2912 3166 Eine so niedlich zwitschernde Luftigkeit und
914 3114 1891 3168 mische ist nun, daß alle Frauen und Mädchen
1945 3150 2912 3213 frische Ausgelassenheit ist auf unserer Bühne
912 3156 1886 3207 eigentlich mit Anatol ihr Spiel treiben. Er
1937 3203 2912 3260 nicht gesehen worden. Diese reichbegabte Schau¬
912 3199 1891 3264 mit den Apoll, der die Nymphen nimmt und
1937 3246 2871 3319 spielerin sollten wir öfter verwendet sehen.
910 3256 1891 3311 küßt und wehmütig beglückt zurückläßt, wenn
1978 3301 2912 3360 Auf dem Theaterzettel war ein Fehler: nicht
914 3301 1899 3358 er sieghaft weiterschreitet zu anderen Nymphen
979 3350 1886 3400 und ist im Grunde nichts, als ein sentimen¬
1945 3344 2906 3407 Frl. Enzinger gab die Gabriele, sondern Frl
912 3400 1893 3460 taler Hanswurst, über den die Frauen sich lustig
1937 3400 2875 3455 Wernay. Frl. Enzinger spielte die Cora.
914 3449 1891 3504 machen, den sie leicht verschmerzen. Er ist der
2735 3449 2871 3514 B. E.
914 3494 1893 3559 geborene Hörnerträger. Immer wieder stelzt er
912 3543 1886 3602 als müder, siegesmüder Don Juan einher und
918 3590 1886 3655 immer wieder entpuppt er sich als ein Masetto,
914 3645 1685 3710 dem die Zerlinen abhanden kommen.
967 3681 1872 3746 Da ist z. B. eine köstliche Szene, in de
914 3718 1868 3793 Anatol seinem ihm in jeder Hinsicht überlegen¬
914 3777 1888 3848 Freunde Max von einem Sieg über eine Frau
914 3836 1888 3887 vorfaselt, deren Schicksal er gewesen sein will.
906 3883 1886 3932 Nur zwei, drei Stunden der Liebesseligkeit,
912 3928 1897 3982 dann ist Anatol davongeflattert und Bianca (so
914 3980 1807 4042 heißt sie denkt nun, wie er behauptet,
914 4021 1809 4084 nichts als ihn. Und dann kommt Bianca
908 4070 1811 4133 und erkennt Anatol überhaupt nicht! Da
