3344 4256
215 149 1172 207 Frauengestalt, der Schurke ebenso wie der ideal
212 188 1155 244 veranlagte Held von dichterischer Gestaltungs¬
214 234 1160 305 kraft behandelt werden, zeigen die großen Mei¬
215 286 1156 354 ster der Weltliteratur. Das Postulat über die
215 338 1155 394 Art der Behandlung aber hat niemand Gerin¬
212 381 1157 444 gerer als Schiller in seinem bekannten Aufsatze
212 439 1152 494 „Die Schaubühne als eine moralische Anstalt
210 487 1155 542 betrachtet, niedergelegt, wenn man von den
207 539 1156 600 mehr allgemeinen Kunstheorien Lessings und
212 582 1152 643 Aristoteles absicht. Sollte gegen Schiller der
212 634 1150 694 moderne Naturalismus ins Feld geführt wer¬
215 689 1152 746 den, so brauchen wir nur auf Ibsen, den gro¬
212 734 1152 788 ten Meter des naturalistischen Dramas hin¬
215 782 1146 834 zuweisen, der Schillers Forderung in jeder
215 831 1153 897 Hinsicht entspricht. Denn was sich ändert, ist
212 877 1152 941 die Form, der Inhalt aber bleibt derselbe. Man
211 931 1152 981 braucht nur die Werke der großen Dramatiker
212 977 1152 1030 von Sophokles angefangen bis Ibsen zu ver¬
218 1019 1150 1079 folgen, um die stets wechselnde Form und das
207 1069 1155 1133 gleichbleibende Kunstgesetz zu erkennen. Da
215 1114 1155 1176 aber den Zeitgenossen die nötige Perspektive
211 1168 1150 1235 fehlt, so müssen wir die Bewertung Schnitzlers
207 1217 1156 1283 als Dichter der Nachwelt überlassen, bekanntlich
207 1264 1159 1337 eine zwar späte, aber gerechte Richterin. Ein
207 1318 1155 1376 ausgezeichneter Techniker ist Schnitzler jeden¬
212 1366 1150 1429 falls, wie seine Eroberung der Bühne beweist.
215 1412 1146 1472 Mit dem Einakterzyklus „Anatole eröffnete
204 1461 1156 1524 er seine Laufbahn als Bühnenschriftsteller, wel¬
210 1514 1149 1603 che sich bis jetzt wenigstens so erfolgreich gestal¬
204 1574 368 1636 tet hat.
257 1585 1162 1685 Die Darstellung des Stückes mit seinen
202 1665 1163 1741 allerdings sehr dankbaren Rollen war ausge¬
210 1717 1159 1790 zeichnet. Als Spielleiter führt sich Karl
228 1874 1189 1968 Ander vorteilhaft ein, der auch die Titel¬
230 1936 1186 2007 rolle, den Anatol mit seinem weiten Herzen
238 1996 1181 2055 gab. Seine Darstellung wurde den verschiede¬
231 2055 1163 2117 nen Stimmungen und Launen des „Helden
233 2098 1181 2156 vollständig gerecht, doch hätte man eine schär¬
237 2140 1191 2198 fere Nüancierung gewünscht. Sehr ausdrucks¬
228 2201 1186 2259 voll war Otto Mazels Max, Anatols
238 2241 1183 2300 Freund und besseres Ich. Die Cora spielte
236 2290 1183 2357 Emmy Krüger und gelang es ihr, die etwas
228 2328 1186 2399 heikle Hypnose-Szene natürlich darzustellen.
236 2386 1188 2445 Eine feine Charakterzeichnung bei Mila
223 2436 1183 2487 Hartwigs Emilie, doch wäre bei den voll¬
238 2485 1183 2543 ständig richtig gespielten Affekten eine etwas
230 2530 1183 2598 zu undeutlich werdende Sprechweise zu ver¬
238 2588 1186 2649 meiden gewesen. Gut getroffen waren ferner
234 2631 1188 2701 Lia Meinrads burschikose Annie, sowie Martha
238 2683 1181 2738 Finklers resolute Ilona. Das ausverkaufte
244 2735 1181 2800 Haus zollte der ausgezeichneten Darstellung
238 2774 555 2848 reichen Beifall.
288 2825 1186 2913 Das oben zitierte Sprichwort „de gustibus
238 2877 1186 2939 non est disputandum gilt zwar für den
238 2928 1191 2984 Kunstgeschmack, nicht aber für das Benehmen
238 2982 1191 3037 einzelner Theaterbesucher. Da gilt nur der
233 3020 1186 3088 kategorische Imperativ: Wer ohne Rücksicht
236 3078 1185 3133 auf das übrige Publikum und auf die Schau¬
244 3126 1191 3188 spieler mit dröhnenden Schritten sich zu und
230 3170 1183 3234 von seinem Platze begibt und während der
236 3227 1182 3282 Vorstellung unbekümmert laute Gesprüche
236 3266 1188 3338 führt, der gehört nicht in das Theater sondern
233 3316 669 3403 gehe ins Wirtshaus.
946 3319 1121 3391 Dr. —
1709 204 2685 316 4.9. Anatol - Zyklus
1834 568 2133 657 Berlin N. 24
2091 695 2445 786 Ausschnitt aus
1774 803 2634 970 Karlsruher Zeitung, Karlsruhe z. B.
2069 948 2374 1058 6.12 12
1717 1059 2793 1121 Großherzogliches Hoftheater. Gestern abend wurden
1668 1101 2785 1179 zum zweite Mal die drei Einakter von Artur Schnitzler,
1663 1165 2822 1237 Otto Erich Hartleben und Ludwig Thön ausgeführt
1669 1208 2783 1273 Alle drei Stücke: „Weihnachtseinkäufe", „Lore" und
1663 1264 2774 1318 „Lottchens Geburtstag“ sind leicht hingeworfene Plau¬
1669 1306 2782 1379 dereien über ein in unserer Literatur leider alltägliches
1663 1350 2777 1420 Thema, das Erotische. Sie gehören zu jener Art von
1665 1405 2774 1478 Lustspielen, die man nicht „auf Konsolen und unter Glas
1668 1446 2777 1517 stellt; denn zum Besehen sind sie nicht da; man genießt
1672 1503 2780 1569 sie eben wie ein gutes Getränk". Schnitzlers „Weih¬
1656 1545 2776 1629 nachtseinkäufe" sind dem Erstlingswerk dieses zum Teil
1656 1607 2773 1678 erfolgreichsten Wiener Dramatikers, seinem Anatol¬
1660 1647 2774 1720 zyklus, entnommen. In einer Reihe von leicht skizzierten
1659 1701 2772 1772 Bildern läßt uns der Dichter hineinschauen in das
1659 1751 2774 1826 Leben des Wiener Genußmenschen. Der Mittelpunkt
1659 1798 2776 1870 aller ist das Weib, die Quintessenz die Liebelei: das süße
1660 1841 2774 1918 Madel“ mit dem herzigen Gemüt, umgibt er auf Kosten
1650 1899 2770 1977 der übrigen Menschheit mit einer Art Glorienschein,
1655 1945 2770 2016 Nacht und Schatten aber lagern über den Nederungen,
1652 1991 2772 2062 wo die sogenannten anständigen Menschen wohnen. Die
1652 2046 2767 2114 zweite „Episode spielt sich ab zwischen Anatol und
1653 2097 2766 2170 Gabriele, er, der „leichtsinnige Melancholiken", sie die
1647 2153 2772 2222 „Mondaine“. Sie haben sich schon früher gekannt, aber
1650 2196 2761 2272 wieder aus den Augen verloren. Jedes ging seiner
1644 2241 2763 2321 Wege. Heute kaufen beide für Weihnachten ein, er
1644 2296 2761 2358 natürlich für sein Mädel. Sie spottet über die kleine
1647 2339 2772 2413 Welt da draußen „vor der Linie". Aber hinter dem
1655 2383 2769 2471 Spott steckt Neugierde; sie möchte wisser, wie man ihn
1643 2436 2760 2516 dort liebte. Nicht viel berichtet er ihr, denn es ist ein¬
1649 2485 2759 2562 fältig, wenn man dabei die Stimme nicht hört. Aber
1644 2540 2766 2595 Gabriele sieht nur, daß hier noch wahres Gefühl, hin¬
1649 2592 2767 2650 gebende Liebe zu finden ist. Sie spottet nicht mehr
1639 2637 2761 2702 und statt eines aufdringlichen Geschenkes für sein Mädel,
1642 2683 2773 2770 überreicht sie ihm Blumen. — Das alles erzählt der Dich¬
1639 2732 2753 2809 ter in flüssigem Dialog, in flüchtig hingeworfenen,
1633 2785 2763 2852 manchmal fast hingehauchten Worten, so daß über dem
1640 2837 2760 2906 Ganzen eine eigenartige Stimmung lagert, eine
1649 2883 2741 2943 Mischung von alt wienerischer Behaglichkeit und von
1633 2926 2750 3004 Frivolität der modernen Großstadt. Bisweilen klingen
1640 2977 2746 3048 skeptische Laune und leise Sentimentalität ein. Aber
1636 3030 2748 3097 diese Stimmung wurde, trotz des schönen Straßenbildes,
1626 3075 2753 3149 durch das Spiel nicht genügend wiedergegeben; es bot
1633 3130 2744 3185 sozusagen nur die äußere Hülle, nicht die volle, warme
1629 3173 2748 3235 Seele. — Hartlebens „Lore" ist ebenfalls einem Zyklus
1629 3224 2744 3299 entlehnt, den „Befreiten". Das Stück enthält die dra¬
1629 3286 2744 3345 matische „Geschichte vom abgerissenen Knopf", eine lustige
1631 3318 2738 3396 Studentengeschichte. Der Hauptbeteiligte ist der Vetter;
1624 3377 2732 3433 er will die Lore offiziell als seine kleine Liebe annehmen
1630 3419 2738 3481 wenn — der ominöse Knopf endlich wieder angenäht ist.
1624 3469 2737 3543 Vierzehn Tage hat er ihr Zeit gelassen, aber sie besteht
1620 3516 2730 3586 natürlich die Probe nicht — ein schlimmes Zeichen für
1616 3558 2730 3627 ihren Charakter. Und so zerschlägt sichs wieder. Aber
1578 3652 2685 3769 die drollige Lore findet Ersatz in dem über die Ver¬
1588 3696 2695 3809 lobung seiner Dora eben noch untröstlichen Kleinen.
1584 3753 2699 3858 Mit gleichen Füßen springt er aus dem Philistertum
1594 3802 2701 3916 hinein in die Bohème. — Die Darstellung wurde im all¬
1600 3847 2704 3959 gemeinen dem Dichter gerecht, besonders Frl. Alwine
1600 3899 2699 4004 Müller als Lore wußte die seine Grenze zwischen drol¬
1595 3941 2705 4046 ligem Mutwillen und frecher Ausgelassenheit mit größ¬
1597 3995 2708 4097 tem Geschick innezuhalten. Wenn Herr Pleß als Fred
1603 4043 2714 4147 etwas mehr Humor und innerlich leuchtende Fröhlichkeit
1603 4095 2714 4188 verraten hätte, so wäre die Freude an den Gemütsver¬
2347 4136 2725 4201 der anderen noch
2017 4173 3344 4255 .
2818 208 3170 306 box 9/5
