3344 4256
146 150 1094 255 4.9. Anatol - Zyklus
1256 158 1620 268 box 9/5
535 336 1136 633 er von
606 586 1038 661 + Bureau für 4.
1143 616 1237 710 9
494 651 1156 736 Zeitungsausschnitte und Verlag
494 717 1145 790 der Wissenschaftlichen Revue.
400 753 1267 873 BERLIN N., Auguststr. 87 part.
569 830 1104 899 Telephon Amt III, No. 3051.
1158 884 1303 967 ne
312 924 989 1021 Telegramm Adresse Ausschnitt
306 982 642 1040 COLOSCHMIDT, Auguststr. 87.
790 1004 877 1064 aus
308 1156 1126 1348 Si le
475 1316 1051 1455 Wien, 1.
310 1547 1905 1631 Der hervorragendste aller Dekadenten ist der schon öfter erwähnte Wiener
199 1596 1905 1669 Arthur Schnitzler. Obgleich seine Dichtungen, vornehmlich. Scenenbilder
205 1661 1905 1723 „Anatol 1893“) vom denkbar stärksten Décadence=Kolorit durchsättigt sind und
195 1706 1913 1778 darum den Leser in die unbehaglichste Stimmung von der Welt versetzen, erscheinen
199 1753 1905 1825 sie doch durch ihre Aufrichtigkeit und Selbsterkenntnis geadelt. Mit peinlicher
203 1804 1902 1866 Akkuratesse seziert der Dichter seine Probleme, und erklärt dem staunenden Leser
199 1851 1911 1926 resigniert lächelnd die angefaulten Körperstellen. An Geist vermag sich mit ihm kein
193 1909 1907 1965 einziger Dekadent zu messen. Schnitzlers Werken sprühen förmlich von feinen, geist¬
197 1950 1900 2035 reichen Gedanken und Sentenzen. Er ist gewissermaßen der Klassiker der Décadence,
190 2003 1186 2082 aber darum nicht minder krank, als die übrigen.
317 2029 1907 2114 Der Haupttenor seiner litterarischen Thätigkeit ist entweder das süße Mäd¬
190 2082 1896 2161 d. i. ein Vorstadtmädchen, das in der Stadt geliebt wird und wieder liebt, bis
255 2151 1902 2217 nun bis der eine der beiden Theile etwas anderes gefunden hat, oder es ist eine
193 2198 1898 2256 von den umgekehrten Afras, die gegen Champagner und Anstern eventuell Boutons
190 2251 1902 2309 u. ä. ihre Reize im Ausstreich an den Mann bringen, der sich nicht lumpen läßt.
190 2288 1900 2350 Ab und zu kommt eine verheirathete Frau daran, deren Mann natürlich!) als ein
193 2341 1902 2401 höchst dummer und höchst langweiliger Patron geschildert wird und die darum in
197 2390 1905 2465 den Armen eines blasirten Burschen, der alle Menschen, sich ausgenommen, verachtet,
190 2442 1902 2500 die ihr gebührende Erniedrigung zur Dirne findet. Die Männer, welche Schnitzler
188 2485 1900 2557 in seinen Lust=Mädliaden und Ehebrücheleien schildert, sind in jeder Beziehung
197 2538 1902 2598 uneruickliche, marklose, feige Geschöpfe, die für gar nichts anderes, als für die
203 2585 1902 2649 Befriedigung des Geschlechtstriebes Sinn haben — geradezu infam handelt Anatol,
193 2641 1898 2699 als er am Abend vor seiner Hochzeit eine Dirne zu sich nimmt, um in deren Armen die
197 2688 1898 2737 Nacht zu verleben, während ihm noch die Küsse seiner Braut auf den Lippen brennen.
193 2739 1902 2797 Das heißt man doch die ethische Verluderung auf die Spitze treiben! Wenn irgend
193 2780 1892 2844 eines von den sogenannten „Wiener Witzblättern“ (eine sehr traurige Spezialität der
193 2836 1898 2891 einzigen Kaiserstadt!"), die den Witz in der Gemeinheit und den Humor in der
190 2885 1896 2942 Frechheit suchen, wenn solch' ein Blatt derlei in seinen schmutzigen Spalten bringt,
190 2928 1900 2987 so kann man es ruhig hinnehmen, falls jedoch Jemand dergleichen die Lüsternheit
190 2983 1902 3045 kitzelnde Sächelchen als Litteraturwerk anerkannt wissen will, so muß dagegen ent¬
197 3028 1896 3088 schieden Verwahrung eingelegt werden. Schon wegen der Einseitigkeit, die sich hier
190 3077 1902 3137 aus spricht; sobald man nur eines von diesen dramatischen Feuilletons gelesen hat,
197 3127 1896 3182 so kennt man auch schon alle anderen. Es ist eine trotz alles Aufwandes an Geist
184 3171 1905 3236 ermüdende, quälende Lektüre, das stete odeur de sommes stumpft die Aufmerksamkeit
186 3221 1898 3283 ab und die subtile Selbstquälerei des Anatole, nicht etwa wegen der ethischen Ver¬
190 3272 1896 3330 luderung, sondern lediglich aus der Frage: „ist sie (die Dirne!) dir tren?" hervor¬
190 3323 1905 3381 wachsend, wirkt auf die Dauer langweilig und widerlich. Schnitzlers Dramen „Das
190 3370 1905 3420 Märchen“, „Liebelei", „Freiwild“, „Die Gefährtin" rc. gehen im Ganzen und
193 3413 1902 3480 Großen auf denselben Pfaden, das Erstgenannte ist das Bedeutendste (vielleicht eben
182 3475 1896 3544 deshalb im Deutschen Volkstheater durchgefallen), die Anderen (obzwar im Hof¬
186 3510 1511 3572 burgtheater aufgeführt) hingegen unsäglich matt und abgestanden.
1971 612 2380 710 Ausschnitt aus:
2142 646 3075 785 gemeine Anzeige
1975 710 2131 788 vom
2519 753 2821 832 re
2112 805 3037 869 Anator. Die Liebe von Mann und Weib gleicht
2037 828 3041 912 einem starken Baum mit mächtiger Krone. Sie selbst
2027 905 3054 961 ist der Mann. Die Aeste und Zweige, die Blätter, Blü¬
2007 974 3011 1046 ten und Früchte, welche die Krone bilden, sind ihre
2005 1036 3009 1091 Lebensäußerungen, die Empfindungen und Leidenschaf¬
2014 1079 3007 1121 ten, welche sie auslöst, die tausenderlei Fragen, Pro¬
2005 1119 3009 1162 bleme und Konflikte, die sie hervorruft. Zu allen Zei¬
2012 1158 3000 1205 ten sind Dichter und Künstler zu diesem Baume gewalt,
2005 1196 3009 1239 um sich Nahrung zu holen für ihr Schaffen. Auch Artur
2005 1237 3011 1288 Schnitzler ist des öfteren gekommen. Er hat aber
2003 1273 3009 1329 nicht von den duftenden Blüten oder Früchten genom¬
1999 1314 3007 1361 men, sondern sich mit unscheinbaren, verkümmerten,
1999 1348 3013 1397 herbstfarbenen Blättchen begnügt und diese mit dem
2007 1387 3011 1440 gleißenden Flittergolde einer Kunst umsponnen. Vier
1999 1430 3007 1481 davon sind der Einakterzyklus „Anatol geworden.
2007 1470 3011 1515 Es sind wirklich nichts anderes als eben vier Akte, die
2007 1509 3007 1554 nur die Hauptperson gemeinsam haben. Und diese
2014 1547 3000 1601 Hauptperson Anatol ist ein reicher, verschwenderischer
2005 1590 3009 1635 Müßiggänger, der keine höhere Daseinsbestimmung
2005 1629 3011 1678 kennt, als den Augenblick zu genießen, die Liebe in
2007 1663 3007 1710 allen möglichen Gestalten und Variationen durchzu¬
2007 1708 3002 1748 kosten und von ihr sich treiben zu lassen. Daß dieses Be¬
2012 1744 3009 1793 streben ihn entnerren, seine Willenskraft schwächen,
2014 1780 3002 1828 ihn zum großen Kinde machen muß, ist wohl selbstver¬
2014 1821 3007 1872 ständlich. Und so sieht man in diesen vier Akten nichts
2007 1860 3002 1911 anderes, als wie sich dieses Nerven= und Sinnenbündel
2014 1905 2996 1945 in vier verschiedenen Liebesaffären ausnimmt, wie es
2007 1937 3007 1984 liebt, was es dabei denkt und fühlt. Es ist ja wahr: die
2007 1977 3007 2024 vier Akte sind Kabinettstücke psychologischer Charakter¬
2012 2020 3007 2069 zeichnung, sie sind Momentbilder des Lebens von
2007 2059 3011 2112 überraschen Deutlichkeit und Wahrheit. Aber sind
2005 2095 3002 2142 eben nur dies und haben nur als solche Bedeutung.
2012 2129 3007 2185 Dem literarischen Feinschmecker mögen sie ja gefallen;
2012 2174 3007 2223 aber jeder, der ins Theater geht, entweder um sich über
2014 2217 3007 2271 seine Alltagssorgen zu erheben oder diese durch Unter¬
2014 2253 3002 2298 haltung für einige Stunden abzustreifen, wird ent¬
2007 2292 3002 2339 täuscht sein. Die paar geistreichen oder vielmehr geist¬
2005 2330 3009 2378 reichelnden Aphorismen, die in den Einaktern ver¬
2018 2369 3007 2422 streut sind, können nicht entschädigen. — Der Einakter=
2012 2410 3007 2461 zyklus fand vorgestern eine sorgsam einstudierte Auf¬
2014 2446 3000 2502 führung. Gustav Heppner, der sie leitete, gab die Titel¬
1999 2487 3009 2540 rolle. Sein Anatol war gerade so, wie ihn Schnitzler
2007 2529 3011 2577 gezeichnet hat. Die Aufgabe, die der Dramatiker hier
2007 2564 3007 2622 dem Schauspieler stellt, ist nicht leicht. Um sie befriedi¬
2007 2607 3002 2656 gend zu lösen, muß sich dieser ganz in das Seelen= und
2003 2645 3002 2690 Sinnleben seines „Helden" versenken und auf alle
2012 2677 3009 2737 Feinheiten und Finessen dieses komplizierten Charak¬
2007 2724 3007 2769 ters eingehen können. Und das hat Heppner getan.
2007 2761 3000 2812 Frl. Gamina war Anatols erstes Liebchen Cora. Sie
2003 2803 3009 2853 brauchte in dieser Rolle nur zu zeigen, daß sie gut
2007 2840 3011 2889 schlafen und küssen kann. Fr. Speydel gab die Gabriela,
2003 2880 3002 2932 die Dame der großen Welt. Mit eleganter, seiner Ironie
2003 2921 3007 2968 wußte sie ihren früheren Liebhaber Anatol abzu¬
2003 2953 3011 3011 kanzeln, und das leise, leichte Auflackern neuer Zunei¬
2005 2996 3009 3054 gung und deren stille Bekämpfung darzustellen. Frl.
2003 3039 3007 3090 Schrattenbach war eine richtige Balettratte, die von
2003 3075 3007 3127 einem Liebhaber zum anderen schlüpft. Nur hätte sie
2005 3114 3011 3163 den Schampusschwips, in dem sie sich zu Ende des Akte¬
2003 3161 3009 3214 äußert, etwas deutlicher geben sollen. Frl. Kreß gab
2003 3191 3000 3251 Anatols letztes illegitimes Liebchen knapp vor seiner
2007 3227 3007 3281 Hochzeit mit der nötigen Leidenschaftlichkeit und Reso¬
1999 3272 3002 3319 lutheit. Auch Karma als Anatols Freund und Ge¬
2007 3308 2996 3362 fährte auf dessen Liebespfaden war recht gut. Sein
2005 3349 3000 3400 Max war ein wahrer, aufopfernder Freund, der manch¬
2003 3385 3000 3437 mal mit beißender Satyre Anatols verschwommene
1999 3426 3002 3480 Willensäußerung glossierte. Das Publikum, welches
2003 3460 2998 3514 nicht gar zahlreich zu dieser Vorstellung erschien, hat
1999 3501 2996 3561 sie mit Beifall begleitet. Die Blumenpest, die seit lan¬
1999 3540 3028 3625 gem schon in der Operette ihr Unwesen treibt, beginnt,
2861 3582 2968 3634 s.
2003 3589 2686 3629 nun auch im Schauspiel zu grassieren.
