3436 4256
211 162 548 263 4.9. An
597 166 702 234 to
819 145 1089 261 Zykl
1333 154 1680 243 box 8/7
2704 258 3015 355 on 12.891.
2821 364 2910 450 4
2445 351 2752 551 A
2370 528 3048 622 A. konz. Unternehmen für
2294 589 2745 669 tungsausschnitte
2230 633 3044 734 Konkordiaplatz 4.
2389 698 2647 763 Vertretungen
1988 745 3054 805 in, Basel, Budapest, Chicago, Cleveland, Christiania,
1988 783 3058 831 Genf, Kopenhagen, London, Madrid, Mailand, Minneapolis,
1992 821 3048 895 New-York, Paris, Rom, San Francisco, Stockholm, St. Peters¬
2386 866 2663 928 burg, Toronto.
2240 908 2808 990 (Quellenangabe ohne Gewähr).
1995 967 2357 1048 Ausschnitt aus:
2230 1016 2845 1144 on
2003 1097 2119 1153 vom
2225 1117 2382 1197 III
2411 1134 2891 1204 LES MONDA
2145 1220 2695 1310 LITTLE THEATRE.
2302 1339 2554 1402 ANATOL."
2004 1389 2850 1459 sequence of Dialogues by Art Sr.
2101 1443 2748 1504 Paraphrased by GRANVILLE BANEE.
2023 1470 2153 1527 Anatol
2482 1483 2833 1527 GRANVILLE BARKER
2019 1512 2112 1560 Max
2482 1524 2777 1576 NIGEL PLAYFAIR
2018 1552 2125 1601 Hilda
2410 1553 2818 1615 .. GERTRUDE ROBINS
2020 1589 2233 1660 Gabrielle
2479 1597 2793 1645 KATHARINE POLE
2018 1629 2238 1688 Bianca
2482 1641 2781 1692 DORO MO
2010 1669 2120 1722 Mimi
2470 1674 2810 1742 LILLA MARTY
2019 1709 2119 1772 Lona
2466 1717 2778 1776 ALICE CRAWORD
2022 1768 2860 1829 Recommended by his unce to study the law,
1979 1809 2845 1873 the lay Templar in "The von Box
1976 1855 2867 1906 replied that he had already looked into it, but
1976 1898 2867 1943 found it didn't repay inspection. Perhaps
1974 1928 2867 1983 some of us found the same thing with Anatol
1971 1980 2858 2027 at the Palace Theatre, where we could only
1975 2002 2867 2071 look into it piecemeal. But now that we can
1970 2060 2856 2120 see it steadily and see it whole we find inspec¬
1974 2089 2442 2140 tion quite worth while.
2012 2109 2863 2189 Anatol is a young, very young, Viennese Don
1972 2163 2858 2230 Juan, idle, wealthy, well-bred. His youth must
1974 2204 2863 2258 be insisted on, for a more mature Don Juan
1970 2249 2858 2302 would be a sensualist, a jaded and hypercritical
1967 2289 2857 2339 connoisseur, whereas Anatol is an idealist, fresh,
1964 2333 2862 2375 eager, full of illusions. He is still in the stage
1963 2374 2854 2425 wherein woman seems a fascinating riddle,
1970 2402 2856 2462 to which there must, surely, be a complete
1959 2446 2854 2500 answer and a delightful, it you could only
1967 2479 2858 2531 find it out. He is always trying to find it out,
1966 2523 2857 2572 poor dear, and naturally his attempts have
1966 2564 2857 2616 to be made with ladies of the more facile sort.
1966 2587 2857 2653 As naturally, there is no riddle whatever
1962 2627 2846 2681 in ladies of this sort (to say nothing of the
1960 2664 2856 2728 others), but Anatol does not know it, and
1964 2709 2850 2762 that is part of the fun. If they are not as
1959 2749 2850 2797 plain as a pikestaff to him it is because he
1959 2794 2850 2837 does not really see them. He sees in each
1958 2830 2853 2886 case a woman of his own imagination. That
1958 2861 2853 2915 is the way of your idealist when he happens to
1955 2899 2844 2955 be an homme à femmes. Anatolis matter of¬
1951 2931 2856 3003 fact friend, Max, often tries to open his eyes,
1959 2978 2850 3034 but in vain. Is Hilda really true ? Anatol
1952 3019 2860 3084 is a clever amateur hypnotist and, suggests
1950 3052 2853 3114 Max, could easily find out what he wants to
1948 3099 2310 3153 know by putting
2423 3104 2846 3161 to sleep and asking
1952 3135 2838 3199 straight questions. Dut when she is asleep
1952 3181 2846 3225 Anatol cannot ask the question of questions.
1955 3212 2848 3274 For one thing, he is a gentleman. For another,
1950 3251 2850 3320 he dare not risk the loss of his illusions. Cupid,
1946 3296 2838 3350 with the bandage off his eyes, would be
1946 3318 2844 3392 an ugly little monster. Hilda, reawakened,
1950 3362 2841 3423 is obviously afraid that she may have been made
1950 3405 2838 3463 to say too much obviously to all but Anatol,
1946 3451 2838 3511 who has saved his ideals. Max remarks cheer¬
1940 3485 2846 3568 fully that momento lies just as well when
1950 3515 2221 3575 they're asleep.
1988 3555 2833 3614 Anatol, as methodical as his great prototype,
1946 3599 2834 3659 who kept an accurate list of the thousand and
1946 3636 2838 3704 three," has all his old love-letters tied up in
1943 3685 2834 3732 assorted bundles, and goes through them all
1948 3716 2840 3775 with Max. The impudent little liar, the one
1939 3756 2834 3813 who married a milkman, the one who always
1940 3790 2841 3852 carried her curling tongs, and the rest. Phantoms
1942 3833 2833 3893 now, all of them save Bianca. Bianca really
1939 3865 2832 3930 did love him and, he is sure, will never forget
1943 3901 2829 3963 him. The lady-killer cannot help being sorry
1942 3942 2829 4007 for that poor little victim, Bianca. At that
1938 3989 2826 4050 moment Bianca arrives on a visit to Max.
1934 4017 2836 4078 She has clean forgotten Anatol ! This does
1942 4059 2826 4126 your idealist inhabit a world of illusion, and
1935 4110 2559 4146 see in others what is only the ex¬
2609 4112 2728 4159 na
