3436 4352
254 962 413 1061 au
244 1358 435 1435 NS
1259 167 2629 275 1
1264 227 2629 326 . . . . . . . .
1264 304 2563 387 sous
1280 398 2638 497 no a su
1273 452 2554 549 —
1273 520 2558 590 -
1271 565 2631 679 s
1285 618 2633 735 y
1708 708 2215 809 V
1984 759 2524 932 NOS
1399 790 1841 945 SLOI
444 935 971 1061 100
635 1111 1580 1263 9
2167 1280 2587 1360 SONAL
2107 1403 2602 1464 (Continued from page two)
2024 1433 2710 1541 For one thing it takes too long on
1382 1464 2691 1607 CONVENHARDS de
2025 1570 2715 1636 erica, perhaps, as a private man and
1389 1568 1991 1682 LVDIS VIV
606 1563 896 1672 an
2015 1623 2691 1699 make a journey through the country
2008 1676 2691 1735 for pleasure not to lecture. I would
2008 1723 2698 1781 like to see little of New York, but
2017 1776 2692 1844 much of the country. But I am afraid
2012 1826 2691 1887 they would not let me have my way
2013 1862 2687 1926 and do these things. They invite me
2007 1920 2691 1978 to come and write films He shugged
2008 1962 2684 2054 his shoulders expressively, "I much
2005 2013 2529 2082 prefer to send them by post.
2053 2049 2682 2133 And then I am afraid of crites, au
2001 2111 2699 2170 critics, people who write about me, 1
2008 2165 2682 2245 am afraid of you. At some time they
2005 2211 2679 2286 suddenly say the wrong thing. It al¬
2007 2264 2681 2338 ready is too late. That dictum can
2005 2317 2682 2396 never, never be corrected once it has
1998 2365 2679 2448 appeared! If a critic knows me well,
2007 2411 2689 2484 then he knows me too well to write
2000 2462 2675 2541 about me. It he knows me but slightly,
2005 2513 2677 2604 then how can be know enough to write
2001 2564 2464 2633 intelligently about me?"
2041 2571 2682 2670 I hope some day the Theater Gul¬
2005 2640 2682 2708 will give my Bernhardi, about which
1998 2703 2682 2745 we have corresponded. And there is
1993 2745 2663 2814 a new translation of my lonely way
1998 2778 2585 2839 that should be done in America.
2034 2815 2681 2877 "I know it will not be as in Russis
2001 2868 2672 2925 where they steal the things of the
1998 2911 2675 2955 foreign artist. For thirty years they
1993 2945 2675 3001 have played my Fairy Tale, but I have
1993 2977 2674 3039 not received a single kopek for it.
1998 3034 2672 3085 Many years ago a Russian actor looked
1995 3070 2663 3124 me up as the author of a famous play
1998 3117 2662 3174 in Russia. But it cannot be my play
1996 3153 2670 3206 Oh, yes, he insisted. I have spent
1993 3194 2672 3242 many days in the magnificent home
1993 3242 2667 3317 bought by the producer from the pro¬
1996 3283 2102 3322 ceeds.
2041 3303 2672 3377 If he would not send me money, at
1993 3361 2667 3421 least he might have written me a few
1996 3406 2672 3465 words saying how much he enjoyed
1979 3438 2658 3534 the house my piece had given im
