3344 4256
280 184 1156 275 4.9. Anatol - Zykle
1386 187 1745 265 box 9/1
2064 354 2275 448 al
2029 464 2912 541 Y DECEMBER 18, 1912.
2107 629 2785 717 Drama of the Day
2136 758 2739 820 "THE AFFAIRS OF ANATOL."
2172 804 2778 857 quence of episodes five of them by
2104 847 2784 884 Dr. Arthur Schnitzler, given in an English
2110 883 2782 915 paraphrase by Granville Barker. Presented
2104 914 2782 961 Dec. 17. 1912, at Fine Arts Theater. The
2107 940 2188 977 cost:
2250 945 2778 997 JOHN BARRIMORE
2101 969 2208 1008 Arato
2104 994 2778 1052 Max. his friend. SALD YORKE
2238 1042 2641 1092 ASK NE NO QUESTIONS.
2265 1086 2611 1136 Scene: Anatole rooms.
2104 1101 2787 1173 Hilda KATHERINE ARRIS
2327 1160 2546 1218 AN EPISODE.
2280 1206 2599 1258 Scene: Maxis rooms.
2095 1209 2788 1291 Blanca..................GALKANE
2223 1292 2660 1338 THE FARENELL SUPPER.
2142 1309 2733 1382 Scene: A private ream in a restaurant.
2101 1358 2783 1412 Mimi EANE
2241 1405 2653 1469 A CHRISTMAS PRESENT.
2266 1455 2620 1503 Scene Before a shop.
2095 1465 2793 1540 Gabrielle KATHERIE EMME
2232 1526 2661 1595 THE WEDDING MORNING.
2262 1575 2636 1621 Scene Anatole rooms.
2101 1584 2803 1636 Lona BELLE LER
2101 1622 2821 1694 The scenes are laid in Vienna and the time is
2313 1665 2581 1701 twenty years ago.
2353 1693 2527 1739 . . . .
2127 1711 2793 1766 if some one could only invent a way to make
2071 1745 2820 1802 these dear, damnable little creatures tell the
2103 1791 2197 1828 truth.
2124 1810 2791 1875 The principal task of friendel is to forter
2107 1863 2459 1919 one's friends tilusions.
2122 1908 2797 1977 Being burt is only half as bad as being pitted
2106 1955 2212 1994 for it.
2139 1992 2805 2041 Women are like in one thing they turn
2103 2021 2626 2090 impudent if you catch them in alle.
2133 2063 2787 2143 What a way to go through life eyes open,
2104 2118 2360 2165 imagination shut.
2129 2138 2795 2202 What a Philistina von are. When will von
2107 2188 2805 2234 understand that there are spiritual crises com¬
2113 2223 2791 2270 pared with which so commonplace a thing as
2107 2255 2295 2301 marriage is
2130 2281 2793 2342 ANATOLI I bring her a bunch of let¬
2113 2335 2459 2372 teurs come to ber eyes.
2135 2359 2581 2415 MAX-Try her with diamonds.
2136 2399 2775 2451 He's the sort of a fell that's very
2603 2440 2782 2482 ANATOL."
2080 2435 2515 2491 first love and nobody s last.
2151 2482 2751 2563 A FE GRINS AND A CIGALE.
2082 2538 2824 2611 RICKED out with songs and some
2172 2592 2820 2644 show girls the trife by Dr. Schnitzler
2101 2626 2824 2697 called The Affairs of Anatol with
2077 2667 2827 2736 spicy single quotes around Affairs would
2077 2711 2825 2776 make quite a conventionally disreputable
2077 2754 2820 2811 musical comedy; but tedium is a great
2079 2794 2824 2859 chastener and without those allurements
2086 2840 2827 2893 the Affairs is pretty thin stuff, deft enough
2077 2883 2837 2938 in an die way in parts, but tedious as a
2077 2917 2826 2974 whole, and containing a vast deal of cackle
2077 2958 2510 3014 to a very little diversion.
2107 2973 2828 3041 The skit is about a gull and his girls.
2077 3028 2825 3071 The gull is a lethargie young sensualist
2086 3067 2825 3111 who has had for mistresses half a dozen
2092 3101 2820 3156 Viennese shop girls, chorus girls and what¬
2080 3139 2824 3191 not. He has likewise a man friend named
2081 3175 2820 3242 Max, to whom he confides his triumphs
2080 3213 2483 3263 with the fair and frail.
2110 3228 2817 3291 As these triumphs are merely the carry¬
2077 3289 2820 3327 ing on of a green youth who flops about
2086 3321 2824 3380 like a belated Byronic derelict. No interest
2074 3359 2817 3413 attaches to them as experiences in life.
2082 3396 2820 3439 They are only pranks with loose, mercenary
2086 3434 2820 3478 women. Anatol chatters endlessly and Max
2092 3470 2824 3515 throws out eager questions indicative of
2082 3507 2825 3559 his solicitude for details. Their colloquy,
2089 3544 2827 3596 which in the present adaptation by Gran¬
2092 3586 2825 3632 ville Barker of the German original runs
2086 3619 2824 3665 on for two hours and a half, creates the
2082 3662 2827 3708 effect of a couple of gossiping old women
2086 3687 2823 3738 who have never been any better than they
2081 3726 2825 3781 should be. The various girl with whom
2082 3763 2824 3820 Anatol has been involved pop on to the
2077 3798 2816 3841 stage and off. Some of them lie, some of
2082 3841 2825 3880 them sentimentalize, some of them was
2086 3873 2821 3915 bald, and one of them, storming because
2080 3913 2821 3970 Anatol has left her in bed while he was
2081 3941 2820 3988 making up his mind to step out and be
2086 3983 2825 4033 married at 12:30 o'clock, smashes the dishes
2082 4017 2826 4067 in his flat while he dances on the plano in
2086 4053 2824 4102 terror, wildly waying a bridal bouquet and
2086 4102 2825 4144 begging his friend Max to leash the tigress.
2348 4125 2829 4165 am
