3484 4224
1408 145 1772 249 box 9/1
291 142 700 256 4.9. Ana
755 143 1170 249 Zykle
531 485 1834 548 und Kenntnissen in Kunst und Literatur, schließlich doch immer
537 532 1833 614 zum großen Teil Sache des Geschmackes. Und deshalb darf
531 573 1828 658 darüber nicht gestritten werden. Aber ein Urteil des in Rede
540 622 1821 706 stehenden Kritikers verdient doch, daß es zur Erheiterung der¬
531 682 1826 754 „Humorist=Leser, die sich, wie männiglich bekannt, fast nur aus
529 727 1823 807 theater= und literaturkundigen Kreisen rekrutieren, niedriger ge¬
532 770 1823 843 hängt werde. Besagter „Dr." ließ nämlich letzter Tage seine „be¬
540 822 1826 895 scheidene Meinung über den richtiggehenden Doktor Artur
526 880 1821 954 Schnitzler laut werden, indem er, anläßlich einer Aufführung
527 923 1821 1001 von „Hochzeitsmorgen" aus Schnitzlers geistreichem Anatol=Zyklus.
518 962 1826 1038 diesen Einakter ein „seichtes, erotisches Machwerk“ nannte und die
519 1014 1824 1090 Darsteller bedauerte, welche darin mitwirken mußten. „Nein, Ver¬
527 1061 714 1123 zeihung
794 1087 1821 1141 .... Auch das ist keine Satyre, dagegen eine
522 1121 1426 1193 eigentlich recht traurige Angelegenheit. Aber
1536 1134 1790 1193 „man lacht
518 1169 1811 1248 Ein anderes hiesiges Blatt legt wieder eine „warme". Lanze für
526 1209 1816 1295 ein Winterheater ein. Ueber die Sache selbst kann man ver¬
529 1258 1816 1348 schiedener Meinung sein, es gibt sicher ebensoviele Verfechter wie
519 1315 1816 1390 Bekämpfer dieser Idee, aber die Mittel, mit welchen von ver¬
532 1356 1810 1440 schiedenen Seiten gegen die Direktion Lischka-Naoul ge¬
522 1408 1808 1478 kämpft wird, und die plötzliche Aufwerfung der Winter¬
519 1460 1811 1540 theaterfrage in diesem Jahre scheint mir auch nur ein Vor¬
514 1505 1813 1588 postengengeplänkel in dem geplanten Feldzug gegen die Direktion
516 1564 1805 1634 zu sein und — die Mittel dünken mir nicht ganz einwandfrei.
519 1605 1813 1675 Beispielsweise heißt es in dem Artikel u. a.: „Ueber die Dauer
516 1655 1813 1732 des Krieges ist man auch heute noch in Ungewißheit, über den
511 1707 1815 1784 Theaterbesuch während der Kriegssaison liegen
514 1750 1810 1834 aber schon bestimmte Anhaltspunkte vor, wenngleich
506 1807 1794 1881 ein abschließendes Urteil noch nicht abgegeben werden kann.
506 1841 1813 1935 Weiters hat der Verlauf der Theatersaison einen
505 1901 1807 1969 unerwartet guten Erfolg gegeben.“ Nachdem der
513 1942 1802 2020 schlechte Besuch im Mai zugestanden wird, heißt es: „Aber schon
508 1994 1807 2067 im Juni war eine erhebliche Besserung zu bemerken und der
513 2041 1807 2117 Monat Juli kann sich, was gutbesuchte Häuser anbetrifft, mit
508 2088 1802 2174 den letzten Theaterjahren ruhig in Vergleich
514 2135 1805 2217 stellen, so daß die Theaterleitung alle Ursache hat, mit den
500 2182 1807 2272 materiellen Ergebnissen sehr zufrieden zu sein, Ergebnissen, die sich
508 2235 1802 2313 im Monat August zweifellos (?) noch bedeutend erhöhen werden
503 2292 1790 2368 und der Theaterdirektion einen hohen Gewinn garantieren.
566 2339 1803 2412 „Darüber staunt der Fachmann und der Laie wundert sich."
506 2378 1802 2467 Wundert sich, wenn er weiß, wie oft der Verfasser desselben
501 2438 1795 2516 Artikels mit eigenen Augen die gähnende Leere des Theaters ge¬
506 2487 1800 2567 sehen und die beweglichen Klagen des Direktors mit eigenen
501 2536 1795 2604 Ohren gehört haben mag. Wer die tatsächlichen Verhältnisse
503 2578 1798 2661 kennt, wäre verleitet, auch diese „Feststellungen" für eine Satyre
500 2632 1795 2713 zu halten, aber auch sie sind es nicht, sondern etwas ganz
500 2694 1798 2760 anderes ... Wir stehen zu Direktor Lischka-Raoul weder in
498 2724 1802 2812 einem „verwandtschaftlichen, noch sonst wie außerordentlich freund¬
508 2777 1798 2856 schaftlichen Verhältnisse", aber die Gerechtigkeit erfordert es, die
501 2830 1795 2903 Lächerlichkeit der oben angeführten Behauptungen aufzuweisen;
500 2871 1795 2960 dagegen ernstlich zu polemisieren, erübrigt sich und das ist auch
500 2918 858 2988 nicht unser Beruf.
973 2930 1795 3003 Eines wird aber sicher die Folge davon
509 2975 1789 3053 sein; daß man in Karlsbad, soweit das Blatt eben gelesen wird,
495 3026 1797 3097 über die Kühnheit, mit der den Leuten solcher Unsinn ins Gesicht
495 3066 840 3133 gesagt wird, sich
913 3074 1439 3136 je nach dem Temperament
1553 3086 1795 3149 ärgern oder
493 3115 1784 3198 lachen wird und falls es zu einer Neuausschreibung des Theater¬
500 3164 1785 3252 kommen sollte, man wieder ein Wettlaufkriechen der unwahrschein¬
498 3214 1147 3299 lichsten Direktoren erleben dürfte.
607 3268 1787 3341 Neulich gab's abermals einen „Bunten Abend“. Er war
493 3301 1787 3397 aber viel zu wenig bunt, sondern ziemlich farblos, dieweil es
498 3371 1794 3434 nicht angängig ist, daß in verhältnismäßig kurzen Abständen zum
493 3421 1787 3491 großen Teil immer dieselben Piecen geboten werden. Das
496 3467 1787 3541 Haus war leer und das spärliche Publikum erwärmte sich eigent¬
493 3509 1787 3592 lia, nur bei den prachtvoll gesungenen Liedern des Frl. Schulz
488 3561 1787 3633 und dem reizenden Menuett, das von Herrn Walter René
485 3608 1787 3690 arrangiert und von sechs Damen sowie von ihm und unserer
487 3654 1790 3738 brillanten Tänzerin Frl. Garay ganz wundervoll zur Vorfüh¬
483 3714 1780 3773 rung gebracht wurde. Dem sonst von uns sehr geschätzten Fräulein
493 3750 1784 3834 Scarron möchten wir den wohlgemeinten Rat geben, sich bei
488 3799 1782 3888 solchen Gelegenheiten doch mehr an das ihrem ganzen Wesen
487 3851 1780 3930 weit besser liegende lustige Genre zu halten. Sie sang brav,
482 3895 1782 3982 aber Schubert=Lieder und die muntere Friedl vertragen sich schwer.
601 3947 1780 4033 In der „Kino=Königin" machten wir die Bekanntschaft des
480 4009 1782 4072 über die Maßen feschen Fris. Mizzi Freihardt, vom Johann
487 4056 1777 4126 Strauß=Theater. Ihre Leistung besonders zu loben, ist tatsächlich
1878 500 3182 594 mann ein Kabinettstückchen machte. Der Hegendank des Herrn
1878 553 3175 651 Felden wirkte diskret komisch. Alles in allem: es war eine
1878 614 2611 679 vollkommen abgerundete Vorstellung.
1994 661 3165 742 Heute dirigiert Oskar Straus eigenhändig seinen „Walzer¬
1878 697 3174 794 traum“. Die Freihardt spielte die Franzi. Morgen setzt
1872 749 3175 828 Gerasch sein Gastspiel im „Rosenmontag“ fort. Ueber alles das
1872 789 2633 887 hören Sie nächstens mehr von ihrem
2863 819 3126 903 Erich Berg.
