3296 4224
94 203 374 316 4.9.
469 201 851 305 tol-
1214 195 1573 293 box 8/6
1235 610 1522 687 Wenden!
1762 639 2110 741 Telephon 12801.
1983 726 2097 822 es
1231 734 1940 863 „OBSERVE
1300 845 2029 917 I. österr. behördl. konz. Unternehmen
1227 878 2092 967 für Zeitungs-Ausschnitte und Bibliographen
1270 934 2051 1042 Wien, I. Concordiaplatz 4
1490 1010 1833 1087 Vertretungen
1225 1037 2081 1152 in Berlin, Budapest, Chicago, Christiania, Genf,
1221 1104 2082 1171 Kopenhagen, London, Madrid, Mailand, Minno¬
1227 1150 2084 1239 apolis, New-York, Paris, Rom, San Francisco,
1418 1188 1882 1252 Stockholm, St. Petersburg.
1427 1228 1871 1331 (Quolleenangabe ohne Gewähr.)
1218 1279 2166 1401 Ausschnitt splitz Schönaue Anzeige.
1257 1358 2051 1480 1911 Teplitz, Bohnen
1226 1429 1356 1479 vom
1270 1506 2143 1596 Anatol, von Arthur Schnitzler, Gast¬
1199 1590 2151 1652 spiel des Schauspiel-Ensembles des Deutschen Lan¬
1199 1638 2143 1701 destheaters in Prag.] Mitten in den Zug einer
1208 1679 2148 1748 schier endlosen Reihe von Benefizevorstellungen, die
1199 1734 2143 1800 zu besuchen das Publikum teils aus Sympathie für
1202 1781 2147 1840 die Benefizianten, teils aus anderen Rücksichten
1199 1833 2148 1895 sich veranlaßt sieht, ein Gastspiel Prager Künstler,
1199 1882 2148 1935 deren Namen weder ein Programm bedeuten, noch
1199 1937 2142 1994 eine außerordentliche Kunstleistung verbürgen, dazu
1199 1981 2143 2040 eine absterbende Saison knapp vor der Osterwoche
1199 2033 2142 2097 — und dennoch ein volles, erwartungsvoll gestimm¬
1185 2081 2147 2165 tes Haus dessen Anblick ein sichtliches Interesse für
1193 2130 2151 2211 die Sache verrät! Das ist wohl alles auf das
1199 2183 2171 2254 Konto Schnitzler's zu buchen, des Dichters, der der
1206 2226 2170 2295 intimen Reiz der Dinge und Personen, die er
1199 2280 2149 2346 dem Leben entnimmt, um sie dramatisch zu ver¬
1204 2324 2149 2391 werten oder, besser gesagt, in ihrem eigentlichen
1208 2376 2147 2443 Wesen in das Drama einzuführen und hier bild¬
1204 2430 2156 2501 nerisch zu gestalten, durch den Glanz des feinge¬
1214 2483 2151 2545 schliffenen Dialogs erhöht. Aus dem Anatol¬
1208 2517 2153 2600 Zyklus von dessen fünf Bühnenstücken Donnerstag
1204 2579 2153 2644 zum erstenmal an unserem Theater vier aneinander¬
1214 2623 2150 2701 gereiht über die Szene gingen, war hier bisher nur
1208 2677 2162 2745 „Abschiessouper" gegeben worden, und es ist viel¬
1216 2730 2149 2791 leicht bezeichnend für die Darstellung, daß gerade
1214 2778 2165 2836 dieses am vorgestrigen Gastspielabende an zweiter
1220 2827 2151 2893 Stelle gegebene Stück die stärkste Wirkung erzielte
1214 2877 2163 2933 und gewissermaßen erst bewirkte, daß die vorher
1214 2927 2163 2987 noch erwartungsvolle Spannung im Publikum einer
1210 2968 2156 3036 wärmeren Stimmung Platz machte. Frl. Me¬
1214 3023 2156 3084 delsky gab die Annie mit einem Humor, der die
1220 3072 2156 3136 naive Unbekümmertheit des „füßen Mädels" am
1220 3121 2156 3185 eine ernstere Lebensauffassung nicht aus der derben
1212 3169 2157 3240 Urwüchsigkeit des Naturelle herausströmen, sondern
1216 3219 2153 3279 in einer kultivierten, verfeine ten Form erstehen
1210 3271 2159 3335 ließ, die mit einer großen Natürlichkeit das rein
1216 3319 2159 3381 technische Moment glücklich vereinigte. In dieser
1216 3366 2165 3429 Beziehung war der allmähliche, deutlich sichtbare
1216 3427 2157 3484 Übergang von Annies Stimmung in die Region
1216 3465 2161 3519 der „Beschwipstheit“ besonders bemerkenswert. In
1222 3516 2162 3583 „Anatols Hochzeitsmorgen" gob Frl. Medelsky
1210 3578 2166 3636 die Ilona mit starker realistischer Betonung und
1216 3620 2159 3677 der Kraft eines leidenschaftlichen Talentes. Frl.
1227 3666 2182 3743 Glasel war in „Episode" als Zirkusreiterin
1199 3764 2168 3867 Namen des guerre de ce
1210 3844 2153 3906 sowohl den Gegensatz der Anschauungen zwischen
1210 3897 2153 3949 dieser „Bibi und allen ihrer Genossinnen und dem
1204 3941 2154 4005 lebensfrohen und doch schwärmerischen Anatol sehr
1208 3994 2151 4050 treffend; noch besser kam ihre schöne Begabung in
1208 4035 2150 4101 dem sinnigen Ausdruck zur Geltung, den ihre Miene
1204 4084 2151 4144 und ihre Worte bei den Reminiszenzen verriet, die
1521 4136 2167 4187 Petersburger Aufenthalt bei ihr
1261 4143 1486 4204 er von ihre
