3344 4256
232 178 707 253 4.9. Anato
1347 182 1705 267 box 9/1
761 179 1181 281 Zyklus
304 2300 1057 2360 Mr. Barry more, for all his good looks and
1107 2306 1839 2356 what, demands the married woman, what
307 2334 1054 2394 instinctive comedy sense, is, much of the
1108 2342 1845 2383 does she say? The right thing, mutters
311 2374 1055 2417 time, rather out of his element. He was
1105 2382 1849 2433 Anatol quietly. And what is the right
308 2417 1054 2469 at his best in the more broadly farcical
1099 2417 1836 2470 thing? The right thing, Anatol repeats¬
307 2446 1052 2498 last scene and in the very quiet one pre¬
1117 2450 1833 2503 how good it is to have you back again.
299 2489 1045 2532 ceding it a sort of nocturne in which, be¬
1111 2491 1845 2534 They talk a little more, there under the
305 2518 1051 2570 fore a lighted florist's shop, in the early
1101 2531 1841 2578 canopy of the florist's shop, in the rain,
308 2562 1052 2602 evening rain, as they are both out look
1102 2571 1839 2620 and then a cal comes. The married lady
299 2601 1054 2642 ing for Christmas presents, he meets and
1102 2607 1836 2650 suddenly gives Anatol the bunch of roses
299 2639 1049 2683 talks for a moment with now a married
1099 2645 1845 2691 she is carrying. "Take these to her, she
302 2671 1054 2722 lady a girl he used to know. Anatol
1102 2686 1839 2725 says, and tell her they came from one
299 2713 1058 2758 tells her finally of the girl he knows
1101 2726 1842 2772 who, if she had the courage, might have
299 2753 1051 2797 now not the sort of girl you would
1102 2757 1842 2798 been as happy as she!" And then she hur-
298 2801 1045 2840 call on a very humble little person, who
1096 2798 1840 2841 ries away, and Anatol, tucking the flowers
296 2824 1045 2877 lives in a room up near the roof, papered
1099 2833 1831 2891 under his arm and putting up his um¬
298 2859 1039 2915 with queer wall paper which she likes
1102 2869 1842 2912 brella, disappears in the rain. It will be
299 2905 1045 2954 nevertheless, and from which, when spring
1096 2910 1841 2956 seen that "The Affairs of Anatol" is in
293 2940 1048 2982 comes, she will be able to catch the per¬
1096 2947 1834 2997 a gallery a trifle remote from Broadway
299 2981 1046 3028 fume of a garden in a neighboring
1102 2987 1836 3035 so different, indeed, that the spectator,
293 3026 1048 3070 court below. The married lady, a little
1096 3013 1830 3067 having got the "hang" of it, will prob-
302 3055 1046 3099 bitter, sarcastic, yet (and this is most deli¬
1093 3058 1839 3124 ably enjoy it more the second time than
293 3091 1039 3137 cately played by Miss Katherine Emmet)
1096 3093 1249 3145 the first.
293 3133 1043 3174 more and more falling under the spell
1132 3128 1831 3181 It reveals, at any rate, a very deli¬
293 3173 1045 3219 of this other woman's romance, says
1093 3184 1828 3223 cate and charming, if slightly esoteric
293 3204 1045 3253 that she supposes the girl knows his
1096 3213 1830 3261 sort of artone of those entertainments
296 3242 1045 3287 step when he comes up the stairs. Yes,
1092 3250 1833 3292 which it is at least one of the functions
302 3285 1041 3337 Anatol nods quietly, she knows his step.
1090 3282 1839 3328 of such a playhouse as the Little Theatre
287 3322 1015 3366 And when he opens the door she says¬
1089 3328 1552 3384 now and then to provide.
1949 719 2183 798 ralle, Rom,
2245 736 2650 820 en der
1911 826 2270 893 Ausschnitt aus:
2453 871 2925 983 en fort
1914 922 2047 991 von:
2254 1015 2654 1080 HE AFFAIRS OF
2343 1068 2534 1134 ANATOL
2232 1134 2769 1197 R. WINTHROP AMES in¬
2124 1190 2775 1239 augurated the second season
2271 1214 2770 1268 at his little Theatre with a
2268 1251 2765 1303 tasteful presentation of five of
2101 1276 2763 1339 the seven dialogues in Arthur Schnitz¬
2101 1324 2755 1370 ler's famous sequence entitled "Anatol.
2102 1362 2765 1421 Schnitzler, who has already been intro¬
2102 1393 2761 1450 duced to American theatre-goers by Miss
2099 1434 2763 1497 Katherine Greys performance of The
2101 1470 2763 1523 Reckoning," and Mrs. Fiske's produc¬
2101 1510 2762 1565 tion of "The Green Cockatoo, is the
2095 1553 2759 1602 cleverest dramatist writing in Austria
2101 1583 2762 1636 today. His dominant quality is a sinis¬
2099 1623 2765 1667 ter and somewhat cynical worldly wis¬
2092 1649 2753 1705 domincisive, experienced, discomfort¬
2092 1689 2759 1748 ing. Before he took to writing for the
2092 1731 2753 1788 theatre, he had already established him¬
2089 1764 2753 1828 self as a physician; and it is doubtless
2092 1800 2746 1865 from the practice of his primary pro¬
2095 1835 2751 1895 fession that he acquired his almost un¬
2092 1879 2753 1934 canny intimacy with the emotional
2090 1910 2398 1963 phenomena of sex.
2148 1947 2755 2009 Anatol," which has been paraphrased,
2087 1984 2753 2038 in English by Mr. Granville Barker, is
2080 2023 2758 2083 not intended as a play. It is merely a
2084 2066 2745 2119 cluster of conversations, each of which
2086 2091 2747 2155 is independent of the others. The hero
2080 2132 2746 2188 is a young Viennese aristocrat to whom
2077 2170 2746 2231 life is synonymous with love. He can
2086 2203 2740 2265 feel himself alive only when he is falling
2078 2245 2740 2308 in love or falling out of it. Lightly he
2071 2282 2740 2344 flits from flower to flower. The course
2075 2318 2740 2384 of his affairs he is accustomed to
2071 2362 2734 2418 confide (one must protest, a little ca¬
2066 2400 2734 2451 dishly) to his friend Max. The seven
2065 2425 2736 2477 dialogues in Schnitzler's original se¬
2077 2472 2731 2524 quence represent conversations between
2071 2502 2740 2564 Anatol and seven different objects of his
2074 2541 2737 2602 versatile affection. Five of these dia¬
2068 2572 2731 2637 logues, as has been said, are now pre¬
2068 2616 2737 2674 sented at the Little Theatre. Mr. John
2065 2652 2729 2702 Barrymore, as Anatol, is offered an op¬
2071 2691 2729 2743 portunity to make love to five different
2068 2727 2726 2789 leading ladies in the course of a single
2072 2759 2463 2814 evenings entertainment.
2101 2796 2722 2852 The five actresses selected by Mr.
2066 2841 2725 2896 Ames are, we regret to note, not equally
2059 2875 2730 2927 equipped to embody the manifold in¬
2065 2905 2726 2957 tentions of the author. The finest per¬
2069 2946 2724 3009 formance of the evening is offered by
2068 2980 2722 3042 Miss Katherine Emmet in the daintily
2065 3029 2722 3083 emotional sketch entled "A Christmas
2060 3054 2720 3108 Present." In this dialogue, also, Mr.
2054 3097 2719 3150 Barrymore does his best work, though
2056 3128 2716 3192 his performance as a whole is deftly
2056 3167 2578 3223 composed and delicately varied.
2093 3204 2713 3256 It has become almost superfluous to
2054 3246 2710 3295 praise the stage-direction of Mr. George
2047 3281 2709 3334 Foster Platt, but it ought perhaps to be
2042 3322 2710 3368 recorded that the stage settings of these
2050 3360 2709 3410 dialogues are charmingly in harmony
2050 3397 2713 3446 with the aristocracy of tone which Mr.
2047 3432 2710 3488 Ames has so delightfully established at
2030 3459 2449 3521 is tiny, tasteful theatre.
