3296 4224
1306 217 1666 306 box 8/6
193 224 1134 327 4.9. Anatol - Zyklus
1241 938 1592 1043 Telephon 12.801.
697 1066 1299 1168 SCENE
1332 1089 1412 1170 1
539 1141 1586 1252 1. österr. beu. konz. Unternehmen für Zeitungs¬
740 1198 1387 1282 Ausschnitte und Bibliographie.
701 1249 1425 1353 Wien, I., Concordiaplatz 4.
926 1320 1203 1399 Vertretungen
523 1375 1579 1454 in Berlin, Brüssel, Budapest, Chicago, Cleveland, Christiania,
531 1407 1578 1498 Genf, Kopenhagen, London, Madrid, Mailand, Minneapolis,
539 1449 1581 1546 New-York, Paris, Rom, San Francisco, Stockholm, St. Peters¬
914 1499 1187 1556 Curg, Toronto.
868 1523 1227 1599 ende de des
517 1561 911 1666 Ausschritt aus:
519 1699 673 1756 vom
714 1635 1673 1834 la Prager Abendblatt.
665 1820 1282 1919 Theater und Kunst.
598 1892 1423 1961 Gis. w. Deutsches Landestheater. Das
512 1950 1420 1999 Liebesrittertum „Anatols" gewinnt im Rahmen
521 1984 1423 2030 unseres Schauspiels immer mehr an Ausdehnung.
527 2028 1423 2070 Es sind nun aus dem Zyllus Schnitzlers fünf
527 2067 1415 2113 „Anatole-Stückchen zusammengestellt. Danach
527 2104 1414 2149 sich natürlich bei weitem literarischer, wirkt in ein¬
518 2134 1408 2188 heitlicher Feingeisterei mit dem durchgehends beraus
523 2174 1420 2224 klingenden ironisierenden Unterton viel interessanter,
518 2211 1420 2260 als wenn dies oder jenes der Stückchen irgend einem
521 2243 1427 2301 anderen, sagen wir, weniger sein herausgeschnitzelten
523 2287 1423 2331 Lustspielchen angefügt wird. Die Zusammenschließung
527 2326 1420 2374 der „Anatole-Szenen bedeutet einen Abend voll
527 2366 1422 2412 geistiger Delikatessen. Man genießt sie mit lächelndem
527 2400 1420 2445 Behagen, mitunter auch mit lachendem Dies Letztere
523 2439 1404 2487 war gestern wiederum beim Abschieds sonder
527 2476 1415 2520 der Fall, de populärten Schnitzler unseres Re¬
518 2514 1424 2556 pertoires. Ihm gingen die neuen Details der „Ana¬
518 2554 1416 2593 to!" Erlebnisse voraus. „Weihnachtsein¬
518 2589 1420 2644 käufe" und „pisode. Für das Gespräch
527 2630 1416 2677 „Anatols" mit der distinguierten Dame der Ge¬
526 2667 1420 2718 sellschaft, die seiner kleinen Vorstadtfreundin durch ihn
527 2706 1424 2755 zur Weihnacht einen Veilchenstrauß sendet mit der
527 2743 1427 2794 Botschaft, die Blumen seien von Einer, die eben so
521 2772 1416 2830 lieben könnte, wenn sie den Mut dazu hätte; für
523 2813 1420 2861 diese stimmungsreiche Promenade zu zweien wurde
523 2852 1424 2902 bei uns durch den Regieführenden Dr. Eger ein
523 2885 1420 2943 fesselnder zenischer Rahmen geschaffen, wie überhaupt
518 2929 1420 2976 die äußeren Bühne bilder das sorgsam geglättete
527 2968 1422 3018 Spiel vorteilhaft unterstützten. „Episode" nennt
544 3003 1424 3047 Anatol jenes flüchtige, zwei Stunden nur währende
518 3021 1416 3096 Liebesglück, an das er in all seinem Herzenstrubel
518 3084 1420 3126 mit förmlichen Andachtkultus zurückdenkt, um dann
521 3117 1404 3164 nach unerwarteten Wiedersehen mit der „Episodistin
523 3153 1416 3202 die Enttäuschung des völligen Vergessenseins zu er¬
518 3188 1414 3243 leben. Nach den beiden kleinen scherzgemischten Weh¬
521 3227 1420 3282 mutsanwandlungen wirkte dann der frivolisierende
518 3272 1425 3322 Humor des Abschiedssoupers umso schlagkräftiger.
519 3302 1423 3362 „Die Frage an das Schicksal" und „Ana¬
514 3348 1422 3389 lols Hochzeitsmorgen" bildeten die Schluß¬
518 3385 1420 3433 pointen anregenden dramatisierten Gedankenkette,
523 3423 1414 3485 für deren Reproduktion wir in den Damen Hel¬
517 3458 1437 3514 ling, Medelsky, Steinheil, den Herrey
512 3497 1414 3550 Tiller und Huttig die geschulten Mieden
521 3528 1035 3579 und Nachsprecher besitzen.
588 3561 1423 3637 Vom böhmischen Landestheter. Heute
513 3573 1437 3679 wird Anders „Schwarzer Domino orné
1932 602 2959 696 Bitte Rückseite beachten!
2543 700 2934 785 Telephon 12.301.
2101 856 2713 960 BSERVE
1915 940 2965 1030 I. österr. behördl. konz. Unternehmen für
2216 1009 2671 1077 Zeitungsausschnitte
1933 1051 2960 1148 Wien, I., Konkordiaplatz 4.
2310 1116 2573 1176 Vertretungen
1923 1144 2967 1227 in Berlin, Basel, Budapest, Chicago, Cleveland, Christiania,
1920 1198 2961 1265 Genf, Kopenhagen, London, Madrid, Mailand, Minneapolis,
1913 1228 2961 1311 New-York, Paris, Rom, San Francisco, Stockholm, St. Peters¬
2305 1276 2580 1340 burg, Toronto.
2153 1306 3017 1414 (Quellenangabe ohne Gefahr.
1908 1370 2272 1449 Ausschnitt aus:
1905 1481 2022 1548 vom
1966 1520 2232 1615 1.
2055 1658 2735 1773 Theater und Kunst.
2228 1738 2608 1834 Neues Theater.
1938 1796 2892 1895 „Anatole, fünf Einakter von Art. Schnitzler
2049 1882 2880 1944 Es ist ein Beweis für die solide Hautlichkeit
1945 1920 2884 1980 dieser kleinen und zarten „Anatol“=Sächelchen, daß
1957 1965 2880 2028 sie noch nach Jahren lebendig wirken und vermöge
1945 2009 2873 2067 ihrer kunstvollen Oberfläche mehr zu geben scheinen,
1948 2051 2885 2104 als sie enthalten. Manches müßte eigentlich heute
1957 2099 2880 2155 schon dem Ohr ein wenig wehe tun, so das zuckerig¬
1954 2143 2879 2201 saure Lied vom süßen Mädel“ und diese Trans¬
1954 2186 2884 2245 ponierung der jungen Herren=Philosophie" ins
1953 2218 2880 2282 Literarische; es ist immer der artige, eitle und gei¬
1954 2264 2889 2326 stig ein wenig beschränkte junge Mann, der seine
1954 2307 2881 2368 kleinen Egoismen und Bequemlichkeiten mit Melan¬
1950 2354 2884 2408 cholie verbrämt und sich in diesem düstern Kostüm
1954 2404 2884 2459 sehr gut gefällt, ein Porträt, wie gesagt, das heute
1954 2435 2881 2495 nicht mehr so wohlgefällig wirkt, wie ehedem, da es
1957 2492 2886 2538 nen war. Aber die wundervolle Haut dieser kleinen
1959 2521 2886 2579 Szenen scheucht alles Mißbehagen immer wieder
1950 2567 2885 2626 hinweg und verwandelt es am Ende doch in reines
1959 2616 2147 2689 Entzücken.
2061 2633 2896 2713 Die Szenen wurden gestern in gänzlich neuem
1950 2696 2889 2750 Kleide, unter Dr. Paul Egers zärtlicher und ver¬
1957 2731 2893 2798 ständnisvoller Regie, sehr hübsch gegeben. Gleich
1954 2777 2889 2838 die „Weihnachtseinkäufe mit Frl. v. Helling,
1954 2838 2890 2880 hie die kühl überlegene und doch so leicht verwund¬
1950 2872 2890 2931 bare Frau sehr gescheit spielte, und Herrn Tiller
1954 2910 2889 2971 als Anatol, gaben ein unmittelbar empfundenes
1959 2955 2889 3010 Bild: Wien innere Stadt; Stückchen Stephans¬
1950 2994 2889 3052 dom mit den alten Grabplatten; Weihnachtsabend;
1957 3052 2894 3106 es schneit. Zum Schluß gar ein echter Gummi¬
1957 3084 2896 3138 radler mit zwei echten Juckern... In der „Epi¬
1963 3123 2897 3189 sode ein geschmackvoll intimer Raum. Sehr nett
1963 3169 2896 3241 Frl. Glasel als kleine Zirkusdame. Im „Ab¬
1966 3211 2900 3280 schiedsouper vor allem Frl. Medelsky sehr
1965 3249 2889 3327 gut; das ein bischen Ordinär=Fesche spielt sie leicht,
1965 3299 2894 3366 selbstverständlich, mit der linken Hand. Für das
1966 3347 2896 3406 zärtlich liebende, von Erfahrungen noch unverührte
1963 3389 2893 3443 Mädchen in der „Frage an das Schicksal," fand das
1975 3436 2892 3485 junge Fräulein Kaufmann einen ebenso guten
1966 3481 2896 3543 Ton, wie Frl. Steinheil im „Hochzeitsmor¬
1966 3514 2900 3577 gen" für die Ilona, deren Bösartigkeit sichtbar und
1966 3558 2898 3614 hörbar hervortrat. Herr Tiller gibt dem Anatol
1966 3612 2902 3665 seine Natürlichkeit, aber auch die Schwere. Herr
1971 3637 2901 3703 Huttig als Max sekundierte in seiner knappen
1971 3689 2900 3750 Art geschickt und sicher. Das gut besuchte Haus
1966 3731 2775 3819 nahm den Abend mit sichtlicher Freude auf.
2762 3753 2902 3846 tach,
