3248 4224
1 164 937 284 4.9. Anatol - yklus
1103 166 1463 269 box 9/4
1309 854 1650 959 Fondé en 1879
1040 979 1840 1106 ARGUS de la PRESSE
1264 1075 1710 1176 doit tout
1121 1155 1849 1226 LES PLES ANCILES BUREAU D'ETRAITS DE PRESSE
1119 1221 1844 1295 37. Rue Bergère, PARIS (9e)
1168 1350 1704 1492 NEDE DEST. 20
1010 1498 1961 1634 el LE JOURNAL DES DÉBATS
1011 1586 1946 1702 Rue des Frères German Artois,
1011 1702 1149 1781 Date
1341 1717 1847 1841 FENRIER 1932
1018 1804 1281 1900 Signature —
1023 1892 1263 1974 Exposition:
1019 1967 1889 2037 Enfin, il m'en coûterait de ne pas signa¬
1023 2016 1875 2075 ler, au théâtre de l'Avenue, la représenta¬
1025 2061 1873 2129 tion d'Anatole, du romancier et drama¬
1023 2101 1892 2161 turge viennois Schnitzler, mort recen¬
1013 2152 1873 2203 ment. Ces cinq dialogues, sans former un
1019 2197 1871 2265 tout, constituent cependant un cycle dont
1023 2231 1875 2289 le héros, Anatole, n'est ni Cherubin ni don
1025 2282 1865 2337 Juan, mais a un peu de la grâce du pré¬
1023 2323 1871 2387 mier, un peu de l'infatigable inquiétude du
1025 2371 1873 2425 second, avec une gaucherie charmante et
1019 2423 1873 2477 de plaisantes hésitations. Je ne pense pas
1023 2455 1877 2520 que la la littérature allemande ait rien pro¬
1019 2500 1877 2551 duit de plus fin ni d'une ironie aussi le¬
1023 2543 1871 2596 gère et, pour tout dire, aussi « latine »
1029 2589 1877 2641 que les dialogues de Schnitzler. Ils ont
1027 2632 1876 2686 été admirablement joués, surtout par M.
1029 2672 1875 2730 Louis Raymond et Mme Yvette Andreyer,
1019 2718 1877 2787 L'un d'eux, Achats de Noël, est exquis: un
1023 2763 1626 2843 petit drame dans un sourire.
1407 2819 1847 2906 ANDRE BELLESSORT.
