3248 4224
1200 164 1571 266 box 9/4
750 170 1040 286 Zyklus
89 150 736 297 4.9. Anatol-
433 1159 3143 1295 soweit eine genug einer großen Anzahl von Schiffen und von Marine-Mächten in Schange¬
2710 1295 3170 1367 wenn sie auf roten Stel¬
1548 1275 2679 1367 in der Richtung zum Tonfilm verflächtigen sieht, war es
481 1319 1520 1387 Es konnte nicht ausbleiben, daß dieser vordringliche
2710 1346 3153 1425 waren Schäferszenen in
1544 1353 2683 1421 nicht, und Raoul Aslan ist es, obgleich ein Meister der
385 1367 1507 1438 Erfolg schließlich Schnitzler selbst mehr verstimmte als er¬
2799 1391 3146 1459 So werden sie jetz
1548 1398 2676 1459 Szene, von der anderen Seite auch nicht. Jener wäre seiner
382 1415 1513 1483 freute. Zwanzig Jahre waren dahingegangen, er war nun ein
2710 1418 3150 1513 absichtlich entrückt, ja
1554 1452 2676 1507 Aufgabe geistig nicht gewachsen gewesen, dieser überwächst
382 1456 1513 1531 berühmter Dichter, auf der Höhe seines Werkes, seiner
2710 1486 3150 1554 lich sind, mehr achtzig
1558 1496 2679 1554 sie geistig, doch sei zugegeben, daß dies das geringere Uebel
382 1500 1520 1578 Kraft, und man tat so, als hätte er außer dem „Anatol" und
2710 1531 3157 1599 Jahrhunderts und von
1551 1548 2686 1602 ist. Der Anatol ist ja zur guten Hälfte, vielleicht sogar zur
395 1551 1517 1623 seiner weiblichen Entsprechung, dem sagenhaften, süßen
2720 1578 3136 1646 goldenen Fäden noch
1548 1585 2679 1643 besseren, ein Geistesmensch, und daß er das ist, macht ihn
385 1595 1524 1677 Mädel, nichts anderes in die Welt gesetzt. Er hatte seither die
2717 1626 3143 1691 zurückzieht. Bevor der
1551 1629 2683 1694 heute zu einer in ihrer Entrücktheit so anziehenden Figur.
392 1646 1520 1718 „Liebelei geschrieben, den „Grünen Kakadu", den „Leutnant
2720 1663 3150 1745 schon Aslan als Anat
1551 1681 2679 1738 Er entstammt, durchaus intellektuelles neunzehntes Jahr¬
385 1694 1524 1759 Gustl“; er hatte Anatol, den seidegefütterten Wiener Lebe¬
1561 1718 3150 1800 hundert, einer Epoche, die Leichtfertigkeit geistreich zu über¬ kanten Seit¬
385 1742 1513 1810 mann, auf seinem eigensten Gebiet, mit dem unvergleich¬
2727 1762 3139 1837 Prolog, wie vor sich
1568 1769 2690 1851 silbern und die Ausschweifung poetisch zu vergolden liebte.
389 1786 1527 1854 lich weniger bequemen, aber bedeutenderen und originelleren
2724 1810 3150 1882 Dann schwebt der Vor
1565 1820 2679 1902 Das tut auch der Anatol als echter Sohn seiner Zeit. Er
382 1830 1520 1905 „Reigen völlig aus dem Felde geschlagen; er hatte sich,
2727 1854 3153 1936 Gesicht nach rechts in
1565 1861 2686 1933 schwärmt beispielsweise — in „Episode" — für eine sehr
402 1871 1517 1950 unter dem erzieherischen Einfluß des Moral=Forderers Ibsen
2724 1902 3139 1977 Stellung veränderte,
1565 1923 2690 1980 weitgereiste Zirkusreiterin, mit der ihn irgendwo ein halbes
392 1926 1503 1998 zwischen „Schleier der Beatrice“ über den „Einsamen Weg
2717 1953 3150 2032 übersitzenden Max zu
1565 1953 2686 2021 Schäferstündchen zusammenführte, und spricht von ihr, als
385 1970 1520 2035 und „Das weite Land" bis zu „Professor Bernhardi, seinem
2717 1994 3150 2059 und aus dem Materia
1558 2001 2696 2066 ob sie Melisande von Tripolis wäre. Der Freund und Gegen¬
395 2018 1520 2083 Gipfelwerk, zu einer Art Wiener Augier, mit dem er den welt¬
2717 2045 3160 2100 ersten Stück Anatol ih
1565 2052 2693 2120 spieler, Max, berichtigt klug die Schwärmerei: „Du hast deine
392 2062 1524 2127 lichen Spitzbart und den edlen Vers gemein hatte, hinauf¬
2720 2090 3150 2161 nennung auch dem T
1558 2100 2696 2168 phantastische Jugend und Glut in ihr nichtiges Herz hinein¬
392 2110 1531 2175 entwickelt, und man ließ ihn nach wie vor in weiten Kreisen
2720 2137 3160 2205 weisend. Die halb lite
1565 2148 2696 2209 empfunden und was dir entgegenglänzte, war Licht von
385 2165 1531 2223 nur als kleinen Lustspiel-Musset gelten. Als er jung gewesen
2717 2185 3143 2257 herrnsohnes unserer
1561 2185 2693 2250 deinem Lichte." Oder Anatol erzählt gerührt von der Träne
395 2205 1531 2274 war, galt er jener Ibsenschen „kompakten Majorität", die
2734 2219 3150 2304 siegelt, und der jüngst
1558 2236 2696 2297 im Augenwinkel der anspruchslosen Geliebten, wenn er sie
402 2246 1527 2311 nirgends so kompakt ist wie in Wien, nur als der Sohn
2720 2274 3153 2345 der jüngste nicht me¬
1561 2277 2696 2345 mit einem Veilchenbukett überrascht, und Max bemerkt
406 2297 1527 2366 seines Vaters, und jetzt, da er zu seinen Jahren kam, die
2727 2321 3143 2390 Kopfes ins erwärmte
1565 2328 2672 2390 trocken: „Du — probier's einmal mit einem Brasselett
399 2338 1527 2407 wahrhaftig die seinen waren, lediglich als der Vater des
2734 2372 3143 2444 Melaniker, als
1565 2372 2696 2434 Solcher Maxe gibt es heute noch etliche, aber wo sind die
406 2390 1527 2458 Anatol. Ein Wiener Schicksal und als solches keineswegs
2727 2420 3160 2485 schuldig, am wenigsten
1568 2420 2690 2482 Anatole, die ihnen in der Lebewelt die Wagschale halten?
399 2441 1531 2499 einzig in uner Art. Hier wird ja jeder immer wieder mit
2720 2468 3153 2533 elementarer mutet das
1568 2471 2690 2526 Es war eine bessere Lebewelt, die schnitzlerische von Anne
406 2482 1531 2557 seinem Vorgänger verwechselt, auch wenn er ausnahmsweise
2720 2505 3146 2570 an, am elementarsten
1578 2516 2700 2580 1890, eine geisterhellte von Dichters Gnaden, und als solche
412 2536 914 2611 sein eigener Vorgänger ist.
2737 2567 3061 2625 Abschiedssouper
1565 2560 2696 2618 nur scheinbar fin de siècle. Im Prolog wird ein anderes
487 2553 1527 2649 Als sein eigener Vorgänger tritt uns Arthur Schnitzler
2727 2591 3133 2683 Gestaltchen hinstellt,
1568 2608 2700 2683 Datum genannt, das „Wien von 1760“ beschworen und die
402 2618 1534 2700 auch in der neuen „Anatol"-Aufführung entgegen, die uns,
2737 2652 3146 2717 bleibt, alles in und
1571 2652 2393 2741 Verbindung mit ihm stilistisch hergestellt:
406 2669 1531 2744 zwanzig Jahre nach dem Deutschen Volkstheater, das Burg¬
2737 2696 3150 2768 konnte man freilich
406 2734 1534 2792 theater jetzt im Akademietheater beschert. Ganz gegen den
1817 2717 2297 2809 Also, spielen wir Theater,
2734 2747 3122 2822 natürlichere Wiener
402 2768 1534 2829 eigenen Wunsch des Verewigten, der sich, eifersüchtig auf seinen
1800 2778 2325 2846 Spielen unsre eignen Stücke,
2727 2788 3150 2860 Humor, als im kür¬
412 2816 1537 2877 Ruhm, wie er es war und sein durfte, eine ganz andere
1800 2792 2430 2887 Früh gereift und zart und traurig,
2727 2836 3150 2908 bodenständigen Schau
1800 2863 2291 2914 Die Komödie unsrer Seele,
409 2857 1534 2925 Jubiläumsvorstellung für seinen siebzigsten Geburtstag
2737 2894 3153 2952 etwas wie ein weiblich
1803 2901 2485 2983 Unsres Fühlens Heut und Gestern
406 2911 1537 2976 wünschte, aber offenbar zur vollen Zufriedenheit eines
2734 2938 3157 2996 wirkte schon das Herr
412 2952 1541 3020 größeren Wiener Publikums, das dem treulosen Anatol gern
2734 2983 3157 3054 sich einzuwienern begin
1575 2966 2703 3044 Was Anatol und Cora oder Bianca oder Annie oder wie
416 3003 1537 3061 die Treue hält. das ist um so erstaunlicher, als das
2799 3030 3146 3099 „Anatols Hochzeit
1571 3037 2703 3095 immer sie heißen mochten, miteinander auszumachen hatten,
416 3044 1537 3105 Burgtheater für die an sich höchst dankbare Titelrolle eigent¬
2741 3075 3153 3143 Vornamens eine Wie
1578 3078 2703 3139 war im Grunde nichts anderes, als was in der theresianischen
409 3088 1548 3157 lich gar keinen vollgültigen Darsteller besitzt. Der junge Herr
409 3129 3153 3252 Albach, dessen Jugend man ungern sich aus dem Burgtheater Epoche des belebten Reifroches Damon und Phyllis bewegte, trotz der nicht eben
