3296 4224
296 158 411 225 vom
495 270 1246 408 Kleines Feuilleton.
366 395 1410 461 — Frankfurter Schauspielhaus. Eine Reihe von
305 438 1416 504 Fünfminuten=Dramen: — das ist unser Leben. Es scheint,
311 485 1410 554 wir haben nicht die Zeit mehr, großkomponierte, weit und hoch
317 543 1422 588 geschwungene Tragödien, recht nach der Regel mit Auftakt,
312 564 1413 625 Steigerung, Kampf, Ermatten und neuem Kampf, mit Tod
311 602 1416 673 und Sieg, zu erleben; wir begegnen uns in Trubel und Tau¬
314 640 1419 698 mel, Ameisen des Großstadtpflasters, wir tauschen für Augen¬
314 676 1425 736 blicke — die Uhr in der Hand — gleichgültig klingende Worte.
323 721 1423 779 schon scheiden wir lächelnd, indes: ein leiser Nadelstich des
317 760 1423 812 Schmerzes läßt, dem Dolchstich in der großen Tragödie gleich,
314 790 1425 851 uns plötzlich spüren, daß eben in unserem Leben ein Drama
320 836 1426 898 gespielt hat, — fünf Minuten lang. Noch trauern wir ihm
320 871 1425 932 zwei Minuten nach, — dann weiter, weiter!.. Der Dichter,
315 908 1426 967 der vor bald zwanzig Jahren uns den Anatol=Zyklus
323 947 1417 1010 als sein seltsam reres Erstlingswerk geschenkt hat, kann
323 997 1426 1043 unser Lebenstempo und wagte es, den knappen, kurzatmigen
315 1024 1426 1090 Rhythmus dieser Tage der strengsten, größten Form der dich¬
320 1057 1425 1126 tenden Kunst, dem Drama, aufzuwingen. Und er durfte es
320 1105 1426 1162 wagen. Da trifft dieser „leichsinnige Melancholiker Anatol
329 1150 1426 1199 zwischen Fiakerlärm und Schaufensterglanz eine mondane
329 1180 1428 1245 Frau, sie plaudern ein paar Minuten, sie fragen wie scher¬
320 1216 1434 1281 gend ein nach dem Leben des andern, und wie sie aus¬
323 1258 1434 1321 einandergehen, bleibt über dem Platze im Grau des Winter¬
323 1296 1428 1350 abends eine dunkle Trauer hängen: Wir sahen eine kleine
321 1330 1434 1387 Tragödie, besser, wir litten tief den Schmerz mit, daß unserm
320 1377 1438 1432 Leben der Mut zum großen Erleben, zur großen Tragödie
332 1411 1431 1473 fehlt. Doch noch etwas bleibt: Ueber dem Lichterprunk des
335 1450 1438 1507 Stadtzentrums leuchtet von der Vorstadt her die Lampe einer
332 1488 1437 1549 hohen Mansarde, leuchten die blanken Augen eines lieben,
341 1525 1437 1591 süßen Mädels, das nichts von Lebensfeigheit, von komplizier¬
332 1575 1438 1629 ten Konflikten weiß, das die Liebe nur als ein einziges star¬
335 1603 1435 1683 kes Gefühl kennt: man hat es, oder man hat es nicht, und hat
329 1647 1434 1705 man's, so zeigt man's. Wunderbar, wie hier über die zwe¬
326 1686 1438 1755 mondänen Gestalten, den Mann und die Dame von Welt, die
329 1726 1429 1782 holde Figur des süßen Mädels emporwächst, die gar nicht leib
344 1773 1434 1824 haftig erscheint; wie der geistfunkelnde, mit halben Worten
338 1814 1435 1865 spielende Disput der Beiden in nichts zerfallen muß vor den
338 1838 1437 1901 einen Wort des Mädchens, das den Anatol wie eine Melodi¬
341 1880 1437 1950 begleitet: „Ich bin so froh, daß ich dich wiederhab ..." Wenn
338 1923 1438 1982 endlich Frau Gabriele ihre Blumen dem Mädel schickt, wi
347 1958 1434 2016 täten gern einen Haufen Veilchen hinzu; nie hat Arthu
341 2001 1438 2052 Schnitzler den ewigen Typus des liebenden Mädchens au¬
333 2037 1440 2097 dem Volke keuscher und — dankbarer verherrlicht, als hier
335 2078 1434 2139 wo es selbst nicht dabei ist. Dieses ist der Einakter „Weih¬
335 2114 1434 2187 nachtseinkäufe — die reinste, zarteste Dichtung de
320 2192 1425 2249 Cyllus, doch stark genug für die Bühne. Mehr nur ein Auf¬
317 2238 1426 2292 takt, wiegt auf den Brettern die „Frage an das Schick¬
332 2280 1426 2330 sal fast zu leicht. Es ist natürlich die „große Frage aller
314 2321 1431 2369 Liebe, die ventiliert wird: ob sie sich „wirklich treu sind. Das
320 2360 1429 2405 heißt, die Untrer des Mannes wird mehr oder minder sozu¬
332 2400 1428 2449 sagen als Naturgesetz a priori angenommen; Untreue der
329 2440 1432 2491 Frau — soll auch nicht gerade wider die Natur sein. Nur tut
323 2474 1434 2524 es weh, dies aus dem Munde der geliebten Frau selbst bestä¬
326 2519 1435 2578 tigt zu hören. Sehr fein, wie von den zwei Männern die
320 2564 1432 2614 geplante Frage an das hypnotisierte Mädchen hin und her
329 2596 1434 2653 gewendet und zugespitzt wird und wie Anatol sie endlich doch
323 2639 1434 2681 nicht stellt, aus Furcht vor der Antwort. Aus Furcht vor kla¬
320 2678 1434 2729 ren Entscheidungen — an der wir alle leiden (an der schon
323 2711 1437 2764 Goethe gelitten). Aber im wohlbekannten „Abschieds¬
332 2759 1432 2806 souper, diesem Schwank voll frecher Grazie, knallen die
329 2794 1434 2842 Erklärungen förmlich, Annie und Anatol übertrumpfen sich
332 2834 1428 2893 in Geständnissen der Untreue, und den letzten Schuß feuert
320 2876 1437 2924 die Frau; sie ist — unter Umständen — dem Mann in der
329 2909 1431 2962 Treue über, aber auch im Betrügen gebührt ihr — unter Um¬
329 2954 1428 3004 ständen — die Palme. Was ist den Treue? Anatols Treue
329 2993 1434 3040 ist jedenfalls diese (und es ist vielleicht nicht die unedelste):
320 3031 1434 3084 daß er keine von den Mädchen und Frauen, die er geliebt, je
329 3078 1440 3121 vergißt, daß sie ihm ganz gegenwärtig sind, sobald nur die
326 3118 1437 3163 Erinnerung die Augen aufschlägt, daß ihm heilig jede ist, in
323 3145 1437 3208 deren Armen er gelegen, und daß die Stunden der Liebe ihm
332 3190 1437 3238 unsterbliche Stunden bedeuten. Den geliebten Frauen manch¬
329 3231 1438 3279 mal ja nicht, doch was ut's! Stärker als diese Pointe trägt
320 3274 1438 3321 den Einakter „Episode eben die bitterfüße Lyrik wehmüti¬
326 3309 1435 3361 gen Gedenkens, eine aus weltweiten Fernen klingende Musik
326 3346 1431 3402 der Vergänglichkeit, wie sie das Ohr dessen vernimmt, der über
324 3387 1425 3432 alten Briefen, welken Blumen und über Locken gebeugt sitzt
329 3424 1438 3477 von denen er vielleicht nicht einmal weiß, um welches Haupt
335 3471 1419 3522 sie einst wehten. Mit „Anatols Hochzeitsmorgen
329 3504 1438 3550 erhebt sich schließlich der Zyklus zur echten Tragikomödie,
332 3547 1431 3589 schlägt fast allerdings ins Groteske um. Hier spitzt sich das
332 3585 1437 3635 Thema dramatisch am schärften zu; für Leute wie Anatol,
326 3626 1443 3668 nicht wahr, muß der Hochzeitsmorgen eine Kata¬
338 3662 1437 3714 strophe sein, zumal wenn eben Fasching ist und der Abschied
332 3704 1437 3759 vom Leben und Lieben sich mit der Trauung in einen Vor¬
332 3740 1441 3792 mittag zusammendrängt. Nun, Anatols weiser Freund weiß
335 3780 1452 3828 auch dessen letzte verlassene Geliebte zu trösten: Sie ist nicht
317 3822 1443 3863 die Betrogene, denn zu ihr kann man — zurückkehren. Das
294 3851 1441 3917 klingt frivol, doch man braucht sich vor Schnitzlers, immer mit
341 3899 1443 3947 schmerzlich zuckendem Munde gesprochenen Frivolitäten des
326 3941 1446 3986 Lächeln nicht zu schämen; im Schauspielhaus ist gestern
341 3980 1443 4026 sogar, und meist mit Recht, sehr kräftig gelacht und gejubelt
332 4017 1446 4065 worden, und der ehrliche Applaus, der den „Weihnachtsein¬
332 4052 1443 4101 käufen" gezollt wurde, verriet die tiefe Wirkung auch dieser
254 4089 1458 4163 ernsten Szene. Das Ganze war aber auch, unter Herrn Dr.
1684 218 2638 318 4.9. Anatol - Zyklus
1471 2144 2584 2235 Heines Regie und dem künstlerischen Beistand des Herrn
1471 2220 2575 2264 Soldenhoff, in einen sehr aparten Rahmen gestellt wor¬
1477 2258 2587 2313 den: hinter dem lichten Vorhang, der zwischen einem ver¬
1477 2301 2581 2360 engerten Bühnenrahmen von grauem, schwarz=gesäumten Lei¬
1471 2337 2581 2396 nen sich teilte, taten sich intime Räume in gewählten Farben¬
1471 2375 2581 2435 tönen auf, und die Straßenszene mit den Silhouetten zweier
1480 2417 2587 2470 beschneiter Bäume und dem nur angedeuteten bunten Glanz
1480 2456 2584 2510 der Schaufenster hatte Stil und Stimmung. Daß Herr
1480 2495 2582 2552 Lengbach sozusagen ein geborener Anatol wäre, wußte man
1480 2537 2584 2596 schon, seit er den Dr. Jura in Bahrs „Konzert" so überlegen
1480 2578 2584 2630 gespielt und gesprochen; in den Trios dieser fünf Szenen
1486 2612 2590 2669 spielte er die erste Violine in allen Lagen gleich fein und be¬
1489 2653 2587 2707 schwingt, ganz lebendiger Mensch in der Wehmut wie im
1477 2687 2590 2752 Lachen der Liebe. Den Cello=Part warmen Humors, wissen¬
1480 2729 2584 2785 der Erfahrung, tröstender Begleitmusik meisterte Herr
1480 2771 2585 2822 Bauer, der sich nur vor allzu breiter und weicher Tongebung
1480 2810 2584 2861 hüten muß. „Und dann die kleinen Mädchen": Frl. Urban
1489 2849 2584 2903 (Cora) ein frisches süßes Mädel von einfachem Chick, Frl.
1480 2888 2590 2941 Wulf (Gabriele) eine elegante, vortrefflich sprechende Dame,
1477 2927 2582 2975 die in ihre vorsichtigen Fragen viel verhaltene Sehnsucht zu
1477 2969 2572 3015 legen wußte, Frl. Sangora als Annie im „Abschiedssouper
1477 3001 2587 3057 übersprudelnd vor frechem Ballettratten=Temperament, mous¬
1486 3045 2584 3099 sierend wie frisch eingeschenkter Sekt, Frl. Hartmann ein¬
1492 3079 2581 3145 flotte Bianca (die Gestalt selbst ist allerdings sehr schattenhaft)
1486 3126 2593 3177 und Frl. Irmen eine pikant kostümierte Ilona, die der
1477 3157 2599 3213 Schlußszene wirbelndes dramatisches Leben lieb. Wenn alles
1477 3202 2587 3255 vorübergerauscht ist — und es zog dank der Drehbühne des
1476 3243 2587 3295 Herr Schiro Bild für Bild rasch und glatt vorüber, wenn
1477 3280 2587 3351 das Lachen verklungen ist, bleibt in einem doch viel mehr als
1480 3318 2590 3369 eine lustige Erinnerung; es ist, als spräche der Dichter leise
1483 3360 2590 3421 und — weise: Liebe Leute, die Liebe ist etwas Heiliges, ganz
1482 3399 2590 3457 gewiß, aber nehmt sie nicht gar zu tragisch-schwer; das Beste,
1486 3444 2582 3493 was von ihr bleibt, ist die Erinnerung, und besser, eine Erin¬
1489 3472 2591 3526 nerung zu viel als zu wenig. Lernt ein wenig vom Rokoko —
1492 3507 2612 3585 das ist's auch, was Hugo v. Hofmannsthals Prolog /
1486 3558 2594 3638 predigt, den zu Anfang Herr Bolz zwar nicht hofmannstha¬
2479 3595 2561 3657 .
1486 3603 2184 3668 lisch lyrisch, aber sein pointiert sprach.
2807 222 3151 314 box 8/6
