3392 4256
240 212 867 308 4.9. Anatol-
667 275 924 336 .
1356 212 1709 306 box 8/6
919 218 1175 314 klus
1578 903 1740 1003 15
950 967 1663 1078 Dr. Max Goldschmidt
1077 1064 1532 1161 Bureau für
1061 1118 1543 1229 Zeitungsausschnitte
874 1196 1175 1267 Berlin N. 24
1440 1234 1711 1294 Telephon 1, 3051.
1128 1312 1468 1406 Ausschnitt aus
860 1427 1701 1521 Badischer Beobachter, Karlsruhe.
1243 1672 1499 1797 111919
971 1847 1631 1954 Theater und Kunst.
1136 1936 1763 2019 Karlsruhe, 18. November 1911.
779 2001 1802 2067 Großh. Hoftheater. Der gestrige Abend brachte
777 2056 1803 2122 drei neue Einakter heiteren Genres, aber von sehr
783 2103 1803 2165 zweifelhaftem Werte, die uns lebhaft daran er¬
783 2143 1799 2205 innerten, daß doch eigentlich ein Hoftheater eine be¬
783 2184 1803 2245 rufene Bildungsstätte sein soll. Wir sind
779 2231 1806 2285 keineswegs empfindlich, aber daß die drei Stücke
783 2277 1799 2329 bezüglich ihres moralischen wie asthetischen Wertes
783 2320 1803 2376 wegen bildend wirken, möchten wir doch bezweifeln,
779 2363 1808 2417 der gebildete Zuschauer wird sie einmal ansehen
783 2407 1799 2464 und darüber lachen, aber wir haben keineswegs die
786 2447 1802 2502 Ueberzeugung, daß die Bildung auf allen Plätzen
787 2496 1802 2548 des Theaters die gleiche ist, so daß die Absicht ver¬
795 2537 1802 2595 standen wird, zumal wir auch Backfischchen und
795 2582 1802 2648 solche, die kaum die Backfischschuppen abgeworfen,
795 2626 1543 2697 sich „köstlich amüsieren sahen.
825 2648 1784 2721 Im ersten Stücke „Weihnachtseinkäufe
786 2705 1806 2767 von Schnitzler schildert ein Herr einer Dame die
783 2756 1803 2812 Weihnachtseinkäufe, machte, und für die er ein
783 2803 1802 2864 Faible hatte, seine Liebe zu einem Vorstadtmädchen
786 2846 1802 2902 in so, wie es scheint, anregender Weise, daß diese
783 2890 1803 2946 Dame, eine verheiratete Frau, die zwei Kinderchen
779 2934 1802 2982 hat, bewegt davoneilt, indem sie ihm zuruft: „Sagen
792 2981 1806 3032 Sie ihr (der Geliebten), daß Sie eine Frau kennen,
788 3023 1811 3075 die es auch so gemacht haben würde, wenn sie den
779 3065 1808 3119 Mut dazu gehabt hätte!" Das geht noch an, zumal
783 3116 1800 3168 das psychologische Stimmungsbild, einige Ueber¬
785 3156 1806 3209 treibungen seitens des Herrn abgerechnet, gut ge¬
788 3198 1810 3262 spielt wurde. Im zweiten Stücke, in Hartlebens
788 3243 1804 3304 „Die Lore", gibt ein Herr ein Mädchen auf, das
788 3280 1808 3344 er heiraten wollte, weil es unordentlich scheint und,
788 3328 1802 3389 anstatt einen an seiner Bluse abgerissenen Knopf
788 3375 1802 3425 wieder anzunähen, immer ohne diesen Knopf her¬
783 3413 1803 3470 umläuft. Er verliert nicht viel, denn ein Mädchen,
788 3457 1803 3517 das Pferde zureitet und fürs „Offizierskasino"
788 3505 1822 3562 stickt, das solche banale Redensarten führt und so er¬
795 3549 1810 3605 fahren ist, ist wert — ledig zu bleiben. Dieses
788 3592 1804 3644 Stück enthält einige komische Situationen und lau¬
779 3633 1819 3686 nige Ausfälle, die sich um den Kern der besagten
777 3678 1813 3768 Handlung gruppieren, aber großen Wert hat diese
1852 1804 2868 1892 Komödie nicht. Gespielt wurde von Frl. Müller
1855 1879 2875 1928 und den Herren Höcker, Pleß und Krones
1855 1930 2766 1976 vortrefflich, und dies Ensemble war tadellos.
1894 1970 2871 2028 Das ritte Stück, „Lottchens Geburts¬
1857 2011 2875 2064 tag“, von Ludwig Thoma, soll von letzterem in der
1857 2052 2873 2107 Schweiz oder in Tirol während einer Sommerreise
1861 2099 2872 2153 verfaßt worden sein, nachdem der Autor ähnliches
1864 2148 2872 2195 irgendwo mit angesehen und gehört. (Ob dies wahr
1857 2179 2871 2242 ist, vermögen wir nicht zu bestätigen.) Der Univer¬
1864 2227 2880 2283 sitätsprofessor Giselius will zum 20. Geburtstage
1869 2274 2876 2325 seines einzigen Töchterchens Lotte diese sexuell auf¬
1864 2317 2877 2370 klären, da er selber, der vergeßliche Pedant, vor
1866 2354 2877 2416 seiner eigenen Ehe sich bei einem Zoologen Rats
1862 2404 2880 2457 holen mußte. (1) Es meldet sich ein Schwieger¬
1870 2448 2880 2495 sohn, der Zoologe ist, aber ebenso unwissend scheint
1861 2493 2877 2545 über die Ehe, wie der Herr Vater der Braut es war.
1861 2537 2875 2585 Beinahe wäre die Sache zu nichts geworden, da er¬
1866 2577 2877 2634 scheint das Töchterchen selbst, und als ihr der Vater
1855 2620 2881 2675 die „Aufklärung" geben will, erklärt sie: das sei
1864 2665 2884 2721 nicht nötig, sie habe, um später eventuell auf eigene
1862 2710 2880 2765 Füße stehen zu können, ohne Wissen der Eltern in
1855 2753 2814 2815 der Klinik einen Hebammenkursus durchgemacht!
1861 2797 2877 2851 Tableau! Dieses heikle Thema wurde in fast zu ein¬
1864 2849 2878 2906 gehender Weise erörtert, und wenn es auch an Witz
1857 2887 2880 2940 und geistreichen Ausfällen nicht fehlte, wenn auch
1861 2930 2881 2984 von den Herren Dapper, Rex, von den Damen
1864 2975 2885 3028 Pix, Frauendorfer und Holm flott gespielt
1864 3017 2877 3070 wurde, wenn auch das Publikum über das pikante
1857 3059 2880 3116 Thema weidlich lachte, wir hätten das Stück doch
1864 3102 2877 3163 lieber im Stadtgartentheater als im Hof¬
1853 3147 2882 3202 theater gesehen. Es scheint, daß eben nur noch
1864 3191 2880 3248 pikante Unterhaltung den Treffpunkt bildet, mit
1864 3236 2884 3288 dem die Autoren Erfolge erzielen können. Auch ein
1864 3282 2880 3337 Zeichen unserer Zeit! Wir sahen eine Anzahl Back¬
1870 3320 2877 3382 fischchen, im Parterre und den Logen verteilt, die
1864 3372 2877 3432 so überlegen lachten und kicherten, daß man an¬
1860 3413 2882 3466 nehmen konnte: die haben auch schon einen
1864 3455 2851 3534 Hebammenkursus durchgemacht! von Stecken
