3392 4256
373 164 635 268 4.9.
766 187 857 255 to
1041 182 1301 296 Zyklus
1487 187 1849 289 box 8/5
922 1189 2225 1258 von Hindernissen, an die er stößt, gebrochen und anders gerichtet
924 1245 2223 1317 wird. Die Prinzessin ist eine unbiegsame Eroberer=Natur, die zu
929 1296 2225 1351 ihrem Ziele vorschreitet, nicht achtend, ob sie durch einen großen
934 1341 2225 1403 Jammer oder durch ein großes Glück hindurch muß. Auch sie ist
930 1396 2220 1458 ganz und unbedingt das, was sie ist; aber dies ihr „Sein läßt sich
926 1450 2223 1505 auf die Forderungen, auf die Logik der Stunde einstellen. Sie
929 1497 2225 1557 empfängt den Geliebten und ist nur Liebende. Am andern Tage
935 1541 2221 1608 jedoch findet er die Türe verschlossen und die Hunde losgekoppelt.
940 1593 2223 1659 Weil sie jetzt wieder nur Ehrgeizige, den Thron Frankreichs er¬
940 1642 2225 1708 strebende Prätendentin ist.) Sie stirbt nicht schuldlos, denn sie
929 1690 2220 1746 spielte mit der Liebe; gab sich dem Medardus und versagte sich ihm,
937 1741 2220 1802 je wie es in die Rechnung des Moments hineinpaßte. Das warf
937 1791 2218 1851 seine Seele aus dem Gleichgewicht und ließ seinen taumelnden Willen
921 1840 1689 1901 ihre Pläne so logisch=absurd durchkreuzen.
1012 1874 2220 1940 Man sieht, der psychologische Kern des neuen Schnitzlerschen
921 1936 2220 1992 Dramas ist nicht uninteressant geschnitten und gefurcht. Weniger
922 1984 2216 2046 bemerkenswert scheint die ihn zunächst umhüllende Schichte des
929 2030 2213 2083 Schauspiels: die balladeske Dichtung von Helden, Tod und Liebe.
934 2080 2220 2140 Zweierlei Pathos fließt ineinander: das Pathos des alten Dumas
922 2137 2216 2190 und das Pathos des jungen Schiller. Das ergibt ein unklares
926 2182 2220 2238 rhetorisches Brackwasser, dem wenig spiegelnde Kraft zu eigen. Am
919 2226 2216 2286 Hof des exilierten Herzogs von Valois herrscht eine spitzig-romantische
922 2278 2213 2328 Grandezza des Tuns und Redens, ein abgekürztes, heldisches Ver¬
930 2320 2213 2379 fahren, dessen sich die Drei Musketiere nicht zu schämen hätten.
926 2377 2216 2428 Im Rhythmus eines tragischen Menuetts verkehrt man miteinander.
922 2426 2213 2479 Was für Dialoge! „Töten Sie diesen Jüngling, Marquis, und ich bin
919 2470 2212 2530 die Ihre!“ Als Medardus abends im Garten erscheint, sagt die
922 2525 2203 2575 Prinzessin zur Zofe: „Führ ihn in dein Schlafzimmer, und als
919 2570 2213 2648 die sich weigert: „So führ ihn in das meine." Welch romantische
919 2626 1515 2674 Verkürzung der Schicksalslinien!
999 2645 2207 2731 Die Rede des jungen Medardus hingegen hat oft so starken
919 2707 2203 2777 deklamatorischen Schwung, daß sie in einen Wortrausch hineingewirbelt
909 2772 2203 2822 wird, dem die Verantwortung für Maß und Ziel des Gesagten
913 2814 1457 2866 abhanden gekommen scheint.
1525 2812 2205 2882 An der Leiche der Schwester sagt
916 2864 2205 2921 Medardus dem tröstenden Freund (ungefähr): „Du hast leicht trösten.
919 2916 2208 2978 Du hast sie nur geliebt, aber ich bin — der Bruder." Nun, die
919 2962 2200 3020 Steigerung ist nicht zwingend. Angesichts der Leiche spricht er ferner
919 3014 2200 3074 (ungefähr): „Hätte ich dich in einem verrufenen Haus gesunden,
913 3066 2210 3118 mit geschminkten Wangen — der Anblick wäre Seligkeit gewesen neben
913 3109 2207 3161 diesen.“ Ich habe die feste Ueberzeugung, Medardus hätte, wär' ihm
913 3155 2207 3220 die Schwester im verrufenen Hause begegnet, deklamiert: „Hätt' ich dich
908 3207 2200 3260 als Wasserleiche tot vor mir liegen gesehen — der Anblick wäre
913 3259 2202 3312 Seligkeit gewesen neben diesen.“ Der Jüngling Medardus wird
904 3304 2203 3381 wohlrednerisch auf seines Erlebens Wende= und Höhepunkten. Er
2087 3405 2200 3489 1265
