3436 4320
461 66 1219 114 te
1277 97 2003 145 Schnitzler's first real stage success, how¬
457 106 1213 151 Schnitzler always makes us feel even in
1252 137 2001 174 ever, was the "Liebelel." The first act is
457 149 1219 197 the most humorous scenes, transfigures
1258 166 2001 209 Anatol over again, but then follows the
462 176 956 230 them and makes the holy
1242 195 2001 246 simple tragedy of a young girl's heart
503 199 1209 252 Playing a comed that is the other
1254 238 2001 283 as it may occur today or at any time until
457 226 1213 286 idea on which the poet ever dwells, fond¬
1246 265 2018 321 all and shall be emancipated. Her
459 283 1209 335 ling it, sounding it in every possible key
1252 306 1985 352 for the first time, das süsse Mädel
451 312 1207 356 and manner. But he takes the words in
1244 352 1999 389 stepped upon the stage, thoroughly naive
457 348 1209 389 their idest sense, not only with the mean¬
1254 375 2001 422 tender, restrained, joyless and yet blissful
457 385 1202 426 ing that they have in the "Grünen Kakadu,
1248 410 2007 459 in her dumb surrender. She never appears
462 422 1206 462 where comedy and reality fall into each
1246 453 2001 488 again so pure in type as in this play. Once
455 455 1209 501 other's arms and the wildest, madest
1252 480 2001 530 she says; I only want you to know and
461 488 1213 528 fun turns into bloody earnest. With
461 519 2007 563 Schnitzler comedy" means a certain pe¬ believe me, that I loved no one before
1248 546 2005 594 you, and that I shall love no one when
455 551 1207 602 cular Weltanschauung. People play
1246 584 2005 633 once you do not want me any more." And
457 584 1213 635 this comed to themselves and to others.
1252 619 1995 670 what does he answer? Only, "Don't say
461 629 1204 666 The irony of the illusion is laid bare. The
1246 654 1956 704 it, don't say it it sounds too beautiful."
461 652 1207 695 live themselves into an illusion and pro¬
1275 687 2001 731 In the dramas Freiwild and Ver¬
457 695 1209 737 duce it in others only so that they them¬
1246 712 2005 770 mächtnis we see one, who till now has
457 720 1213 766 selves may not be torn from their dream.
1246 762 2001 803 only tripped along through life, beginning to
457 760 1219 807 Rather a dream, rather a hundred horrible
1244 791 2005 842 stride. We notice how his feet hurt, how
457 795 1213 840 doubts than the truth, rather a happiness
1246 826 2007 871 his weak knees tremble. But he gains the
451 832 1213 880 that trembles, & lying happiness, than none
1246 861 2001 900 mastery, he is a triumph which the
455 865 600 925 at all
1246 898 2001 942 author rarely allows his heres. We find
457 898 745 971 Play, a Dream
1248 927 2007 966 ourselves altogether in Schnitzler's ele¬
488 944 1213 1004 Schnitzlers philosophy is that of play.
1246 960 2001 1008 ment in the one-act pieces, "Der grüne
461 987 1213 1035 We are all only little wretched comedians
1248 997 2001 1043 Kakadu" and "Lebendige Stunden." Here
457 1029 1204 1086 playing the comedy of some stranger.
1248 1033 2001 1082 Stimmung and the working out of the
457 1068 2003 1111 some unknown. He has carried out this dialogue are suprême. The brillantly ne¬
457 1097 1209 1142 idea in the Puppenspieler"; fate is great
1238 1107 2005 1151 dotal forms the kernel. The action is noth¬
461 1138 1997 1175 and gigante, men are but puppets in hering but play between appearance and be¬
461 1173 2007 1219 hands, that turn and read to her whistle, ing, un and earnest, a graceful jugging
459 1207 1215 1252 But if once a puppet, carried away by
1248 1209 1875 1260 with deception, dreams and reality.
457 1236 1209 1283 the idea of his own greatness, tries him¬
455 1273 1207 1324 self to play for the dance, wants to be
1246 1267 1682 1349 The Man of Melancholy
451 1300 1165 1353 the leader, he is crushed forthwith.
1269 1320 2012 1372 In the Schleier der Beatrice it is
488 1335 1200 1399 His characters and problems are gener
1246 1374 2010 1413 the man of melancholy who again con¬
455 1376 1207 1416 ally the same, only the clothes they wear
1246 1399 2001 1447 fronts us. How singular this poet Filippo
451 1414 1204 1453 change in the different pieces. Here and
1246 1438 1999 1482 Loschi is, who cannot remember the song
455 1445 1209 1494 there, quite rarely, outside influence can
1246 1476 2001 1517 that he wrote a few days ago, because she
457 1474 1202 1521 be seen; some of his characters have cer¬
1238 1509 2001 1552 for whom he wrote it is no longer here,
451 1513 1204 1558 tainly had a Scandinavian forefather or
1246 1540 2005 1593 because all that still lives in him is the
451 1544 1204 1589 relative. And still they are always vien¬
1246 1579 2009 1622 sixteen-year-old Beatrice Mardi, with whom
451 1585 1207 1623 nese, the men as well as the women, the
1238 1614 2001 1658 he must flee while it is still today tomor¬
451 1622 1204 1664 Italian princes, or even the brillant Jews
1248 1645 2007 1695 row Cesare Borgia will stand before the
461 1651 1204 1691 who suffer under their Judaism and ex¬
1238 1682 2007 1728 gates of Bologna And how singular is
455 1689 1207 1749 press their suffering in Viennese senti¬
1242 1720 2001 1769 this Beatrice. She stands between Filippo
461 1718 671 1767 mentalities.
1238 1751 2010 1796 and the Duke, a man of action, who drains
484 1743 1209 1800 Schnitzler always moves over the ground
1238 1788 2005 1825 life, for whom life is abundance, not
457 1784 1209 1832 of reality and yet it is very seldom, in
1242 1823 1999 1863 time. Between the two dances and
457 1819 1204 1863 spite of all his truth and lifelikeness, that
1759 1856 1995 1906 the woman
457 1856 1716 1906 he is unpoetical. Poesie transfigures even lies. She is a type, she
1242 1879 2005 1950 whom we all meet once, for whom we
455 1894 1207 1937 the trafic came along which some of
1238 1920 2005 1974 bled, or over whose bleeding wounds we
451 1929 1204 1972 his horses wander, plants flowers on the
1238 1964 2005 2003 must step. She leaves her betrothed for a
451 1964 1207 2007 edge. Hence he has been reproached with
1238 1991 2001 2032 duke, a duke for a poet, the dead post for
455 1997 1209 2047 lack of power and weight and hence, too,
1238 2030 2001 2076 the living due. And finally she herself
449 2034 1207 2082 he la considered the most graceful drama¬
1238 2061 2010 2103 is stable. This work,
455 2070 1209 2107 tist outside of France. His grace is the
1238 2094 2001 2134 the magnificent mangle of the Renaissance,
455 2099 1207 2142 grace of Vienna, although crities who do
1238 2128 2001 2167 is certainly one of the creation in which
449 2138 1204 2181 not know Vienna might call it the grace
1238 2163 2001 2208 Schnitzler has succeeded best and yet we
461 2169 1207 2208 of Paris. Schnitzlers solle
1238 2200 2003 2243 do no feel that the characters must, as
451 2198 1209 2243 Mädel," that charming little being, that
451 2229 2003 2277 delightfully careless creature, smiling in with Shakespeare, Hebbe, Keis, although
451 2266 1999 2316 the midst of her tears, who lives and the pot wills. The motives are vague.
1238 2305 1995 2347 Where moods, situations, episodes, are con¬
455 2307 1207 2351 kisses from one mouth to the next she is
1238 2334 2001 2386 cerned the work is unique, but the drama¬
451 2341 1204 2386 indeed a kind of local variation of the
1246 2370 2001 2419 lacks the power and massiveness that would
451 2374 1204 2423 narrow rooted, light-hearted Parisian
457 2401 2005 2469 grisette. His brillant wit might be called have been necessary to master these men
466 2438 1209 2486 esprit, although it is more amable,
1236 2442 1817 2494 and women of the Renaissance.
1275 2456 2003 2525 Schnitzler, as has already been said, is
445 2465 1213 2525 mixed with the Viennes atmosphere
462 2504 1999 2550 wine, women and song. Like the either a symbolis or a realist, but from
1246 2548 1997 2591 the beginning he has taken so much from
455 2545 1213 2587 French, too, he can be sentimental without
1238 2575 1999 2632 both movements that the balance is main¬
451 2581 1207 2626 ripping with sentimentality, can write
457 2614 1209 2666 pathos without being pathetic. It is un¬
1238 2614 2003 2672 tained. Inner processes are always the
455 2649 1209 2697 dentable that he would not be possible
1242 2647 2003 2699 primary thing to him. He does not paint
461 2684 1209 2726 without Maupassant specially as such a
1238 2682 2003 2734 the moment when the lightning strikes but
461 2723 1209 2767 wonderful short story writer but what
1238 2719 2003 2775 what happens afterwards, the confusion
457 2752 1209 2796 distinguishes him from the French is his
1235 2748 2005 2808 and the suffering of souls. It is the effect
455 2786 1207 2829 deeper psychic absorption and the gente
1238 2783 2003 2852 of events on the inner life that interests
1238 2821 1995 2885 him, not the events themselves. The dra¬
461 2827 1209 2872 melancholy that is the underlying mood
1238 2860 2003 2910 matic crescendo is of socondary importance
455 2856 807 2920 of all his writings.
1242 2891 2012 2945 to him, as it was to Wagner, in his latest
461 2906 1033 2974 Anatol, the Tor Philosopher
1244 2924 2007 2982 period, and Ibsen. Melot wounds Tristan
1248 2955 2003 3028 and the curtain falls, but then comes the
482 2957 1219 3015 Schnitzlere first important work was
1244 2993 1923 3069 whole third act, and the soul speaks.
462 2997 1217 3051 Anatol, a collection of seven graceful
455 3034 1213 3086 dialogues. Here, at once, he opens with
457 3077 1213 3129 the theme of that kind of tender love
1246 3055 1585 3141 The Gentlest Play
461 3115 1217 3154 which feels no need of faithfulness." The
1279 3098 1997 3162 Der einsame Wegs Schnitzlers gen¬
462 3146 1207 3193 women in the various dialogues are differ¬
1246 3148 2001 3199 test" piece. The great shade of Ibsen
455 3179 1213 3224 ent; the two men are the same. One of
1238 3189 1997 3249 hovers over it. The dying woman is only,
466 3220 1213 3259 them experiences, the other comments on
1246 3224 1993 3282 for her son is not the child of her marriage
466 3257 1219 3305 the experience. The latter is Max, he is
1248 3260 2003 3309 but of a few rapturus wecks with an artist
466 3288 1213 3330 unsentimental and benum the senti¬
1244 3291 1995 3346 who forsook her. Lonely is the man whose
461 3326 1217 3363 mentality of a farewell supper with his
1252 3326 1999 3380 wife deceived him and whose daughter
461 3355 1217 3402 cold, healthy cheerfulness." But the one
1252 3363 2001 3413 leaves him. Lonely the daughter who goes
461 3394 1213 3435 who experiences is Anatol, the elegant,
1246 3392 2001 3446 to her death. Lonely is the man for whose
466 3423 1213 3469 split, idling poet. He lives joyfully and
1242 3433 2007 3483 sake the daughter dies, lonely the artist
461 3469 1213 3498 thinks sady. He is a true Viennes in
1246 3464 2001 3516 who cannot find the way to the heart of his
457 3497 1219 3539 his lovable insincerity, his sentimental lack
1246 3502 2001 3545 son. Lonely are all those who have passed
457 3533 1213 3580 of wili, his real and assumed heroism, his
1246 3535 2001 3593 the height, the zenith of life. "And even if
466 3568 1213 3611 pleasure in gay pictures and theorical
1238 3564 2005 3630 a procession of Bacchantes accompanies us
457 3603 1209 3647 poses, his happy carelessness and pain¬
1260 3603 1995 3647 the way dowill we all travel alone
461 3634 1217 3682 fraught broodings. He is weak and effete
1246 3632 1989 3684 "Who pay any attention to the others any¬
457 3675 1219 3719 and coquettes with those qualities. He does
1248 3667 2001 3721 way?" And it is probably just as well so.
461 3707 1213 3748 not want to be strong. I feel," he says,
1246 3715 1997 3754 otherwise we should all be mad with pity or
466 3742 1209 3779 how much I should lose if one fine day
1246 3740 1993 3791 lothing or fear." Every moment is lonely.
462 3775 1217 3816 should find myself strong. There are
1254 3787 1995 3820 For there is no present. The present¬
461 3810 1223 3853 many kinds of illness and only one kind
1254 3812 1999 3858 what is it? Do we stand breast to breast
461 3847 1213 3893 of health. One can only be well in the
1248 3839 2005 3893 with the moment as with a friend whom we
1246 3872 1999 3915 embrace or an enemy who presses us
461 3876 1217 3922 same way that everyone else is but one
461 3907 1993 3955 can be quite differently ill from anyone else? Is not the word that just sounded
1246 3944 1995 3984 already a memory, the one with which a
462 3947 1215 3998 else." Stimmung ist in the exi¬
1246 3978 2009 4029 melody began a memory before the song is
461 3974 1213 4029 of life." A red and green hanging light, a
462 4009 1995 4064 chord on the plano, changes the whole one? But at the end something like
461 4044 2007 4108 world to him. He declares that he knows hope of rescue flashes, a word about the
2034 64 3264 122 erste
2038 118 2786 163 his quiet, objective manner, the doctor who
2823 122 3326 159 prightness and a Galli¬
2030 155 2781 197 does not feel with pain but only observes it.
2815 157 3322 194 dramatist has written traged
2043 188 2777 224 When the poet tries to do that, however,
2815 190 3317 234 a hand, or comedy with so
2034 219 3320 271 and he does so seldom nough, he loses thetic a smile, as has Arthur
