3484 4256
1401 122 1754 219 box 8/5
270 134 743 227 4.9. Anato
625 209 700 243 .
1664 965 2712 1047 wird. Eine genaue Erschütterung des vorigen
533 978 1589 1043 auer burgericht, Parteien hän maanwil-
260 993 468 1054 dem soge¬
1664 1042 2712 1102 Wirtschaftslebens kann unabsehbaren Schaden bringen
535 1040 1587 1096 dingt dieses eine scharfe grundsätzliche Stellung gegen
272 1040 469 1108 dem Ge¬
1670 1096 2709 1159 für die ganze Nation, ebenfalls ist es vom nationalen
258 1088 469 1163 scher Rich¬
533 1095 1596 1153 die Sozialdemokratie, welche von dem sogenannten
1661 1141 2705 1210 und patriotischen Standpunkt aus sehr bedauernswert,
535 1141 1597 1207 alten Verbande die eifrigste Förderung erfährt. Häufig
260 1143 469 1216 g erhoben
1664 1197 2712 1254 wenn durch die Sozialdemokratie in immer steigendem
272 1197 469 1264 eine Ver¬
535 1197 1593 1249 bringt das Verbandsorgan Artikel zur Förderung der
1661 1246 2705 1302 Maße Abneigung und Haß gegen das eigene Vater¬
282 1244 468 1318 in christ¬
538 1249 1589 1317 sozialdemokratischen Bestrebungen; in Ergänzung
1661 1301 2716 1359 land in dieses Riesenarbeiterheer hineingetragen
533 1309 1589 1374 dieser Taktik werden die bürgerlichen Parteien her¬
282 1311 470 1369 eine Ein¬
1666 1357 1819 1420 werden.
535 1359 1584 1411 untergerissen und an ihnen kein gutes Haar gelassen
296 1361 469 1423 hem ver¬
1697 1403 2715 1470 Für die Beurteilung der Tätigkeit des Gewerk¬
547 1411 1596 1470 so daß bewußt und systematisch der Eindruck erzeugt
296 1410 468 1482 Verhält¬
1664 1460 2715 1519 vereins christlicher Bergarbeiter ist die zweifellos von
538 1470 1589 1533 wird, als sei die Sozialdemokratie die einzige und
306 1467 468 1527 hne der
1666 1511 2715 1583 den Mitgliedern gebilligte Haltung des Vorstandes zu
535 1516 1593 1581 beste und uneigennützigste Vertreterin der Arbeiter¬
330 1516 466 1588 Be¬
1654 1613 2716 1677 mehr nach Pantalon, nach Harlekin, nach Karneval.
535 1620 1598 1673 mit melancholisch-witzigem, etwas müden, aber innigem
1664 1666 2712 1746 Der Leser weiß Bescheid.) ... Mit glücklichem Lachen
535 1666 1593 1727 Ausdruck." War es so, Herr Monnard? Es war
1664 1717 2167 1785 denkt man dieses Abends.
535 1717 1598 1765 vielleicht besser... Auffassung? Ich habe mehr als
330 1713 408 1790 ter.
533 1765 1598 1816 einmal folgendes wörtlich betont: „Verfehlt scheint
2137 1792 2232 1852 III.
533 1810 1598 1872 mir, allzuviel von Auffassung einer Rolle zu sprechen.
324 1844 473 1917 Abends.
1702 1851 2717 1911 Und der Frauen. Die kleine Somary war eine
538 1864 1600 1908 und in der Kritik ein Gequatsche zu machen über das
344 1901 473 1975 wieviel
1660 1903 2709 1969 Cora.... Aber reizend. Dies Wort muß man hier
535 1907 1601 1963 System, das der Künstler nie gehabt hat. Wir
1673 1953 2712 2012 sagen reizend. Mädel mit den zerstochenen Fingern?
535 1957 1593 2022 wissen, daß der die Dinge meistens so bringt, wie
344 1982 478 2057 in die
1661 2000 2716 2064 Vielleicht Mädel mit den durchbrochenen Strümpfen.
535 2006 1597 2069 er sie mit seiner Technik am besten hinlegen
320 2042 478 2106 t einen
1666 2053 2705 2111 Nein, beides; beides. Reizend. Die Kraft dieser
535 2054 1597 2117 kann. Und ich wünsche nicht, nachträglich
318 2094 470 2154 fanden?
1666 2099 2712 2153 Künstlerin ist: den Mädelkopf nach vorn zu neigen.
535 2106 1598 2162 eine Theodize seiner Seifenblasen: sondern eine
308 2147 477 2207 elenderen
1661 2149 2705 2200 Als ob man sie erwischt hätte. Geheime, stille Mädel
542 2151 1591 2210 Feststellung dessen zu geben, was er hinlegte, heraus¬
308 2190 470 2256 das fraß
1661 2192 2712 2264 Magie: etwas Scham, etwas Knospe, etwas Aus¬
533 2202 1596 2251 kriegte, machte"... Oder: „Völlig auf einem anderen
320 2244 465 2309 er weiß.
1666 2244 2495 2309 gefressenhaben... Reizend. Aber reizend.
535 2246 1597 2303 Blatt steht die Frage nach jenem Erinnerungsbild,
318 2291 473 2355 en. Im
1702 2284 2712 2353 Nach der mit den zerstochenen Fingern (ich liebe
535 2295 1597 2353 das er — wollend oder nicht — kraft seiner ein¬
315 2339 473 2401 der. Ich
1670 2335 2715 2401 sie von allen, so hier Schnitzler kommen und gehn
542 2351 1601 2404 geborenen Beschaffenheiten, kraft seiner Instinkte zuletzt
315 2386 472 2449 lag des
1661 2386 2716 2442 läßt, am längsten und am lustigsten) — nachdem schritt
533 2396 1595 2461 doch hinterließ. Was bei seiner Technik und bei seiner
318 2434 473 2501 2. Ein
1664 2434 2712 2499 die Gabriele vorbei, die Dame; die mit den Paketchen;
532 2438 1007 2515 Natur schließlich kam."
316 2483 473 2545 -
1661 2487 2712 2545 die mit den Weihnachtseinkäufen; die verheiratete;
574 2478 1598 2542 Also was gab der Schauspieler Monnard? Es
1666 2535 2721 2595 die den Mut nicht hat; die nach der Mädelwelt
533 2533 1598 2598 war ein Vorteil, daß bei Brahm die Lyrik nur leich¬
1664 2584 2357 2650 aus der besseren Welt hinäugt...
538 2591 1596 2643 hin, und mehr durch die Frauen, dämmernd erhellt;
1706 2624 2715 2688 Was war diese Lina Lossen hier erlesen. Erlesen.
542 2638 1593 2692 daß Schalkheit, Skepsis, Drastisches funkelnder bestrahlt
1661 2684 2716 2741 Wie fern und wie ahnungsvoll bezaubernd. Wie
538 2688 1589 2737 wurde. So war an dem Liebeskoster, dem Suchenden,
344 2676 473 2745 denen
1664 2729 2709 2786 geschehen war dies alles. Es trug sich zu. Eine Ab¬
533 2727 1596 2794 dem Anatol, mit versunkener Ergötzlichkeit gezeigt,
344 2735 470 2805 ungen,
1661 2777 2717 2833 schattung, leis, eine dunkelnde Gestuftheit der Züge
532 2790 1595 2855 worin er auch eine Wurzen ist... Die Musik war
344 2785 477 2848 dieser
1654 2824 2716 2887 manchmal; der Widerschein bloß des Widerscheins
603 2830 1598 2886 nicht von Schumann, sondern ein Gemisch von
318 2833 477 2902 ses Zer¬
1664 2881 2715 2942 einer Verfinsterung.... Kein „Schmerz. Keine Kund¬
537 2877 1596 2942 Schumann und Offenbach... Eine Wurzen; eine
306 2883 473 2947 rmorgen.
1658 2922 2721 2984 machung. Es trug sich zu ... Sie ging dann.
532 2931 1595 2984 ungezogene Wurzen; eine seelenschleckerische Wurzen in
306 2933 477 2991 os öffnet
1661 2976 1866 3053 Himmlisch.
535 2976 1597 3047 der Mitte. Nicht zu zart. (Schumanns Töne klangen
312 2979 477 3049 kt hinein
