3392 4224
1380 185 1736 270 box 9/2
269 176 766 269 4.9. Anatol
983 238 1103 291 ne
588 182 1105 293 Zyk
930 718 1330 784 Aussee a-
928 748 1819 885 vom Salon, Wien
1023 923 1635 1012 Deutsches Volkstheater.
959 991 1806 1058 Die Direktion Wallners, wenn sie, was
869 1054 1806 1120 aber gar nicht zu zweifeln ist, in diesem bis¬
869 1109 1806 1163 herigen Fahrwasser verbleibt, — verheißt uns
869 1159 1803 1215 schöne, genußreiche Stunden. Schon die Reper¬
872 1211 1806 1270 toireinteilung ist eine wohlbedachte und bringt
869 1256 1803 1309 Jedem Etwas und Allen Vieles. Auch die Be¬
869 1301 1803 1361 setzungen zeigen die besondere Sorgfalt, jedes
861 1355 1806 1413 Mitglied auf seinem Platz zu stellen. Nicht
864 1404 1796 1463 übergangen, muß auch die wohlgesuchte Ein¬
864 1459 1807 1509 lönigkeit im Sprachgebrauch betont werden,
862 1505 1799 1564 die fern jedes übelklingenden Dialektes har¬
855 1560 1807 1618 monisch wirkt und so hin auch den deutschen
864 1596 1800 1660 Charakter dieses Theaters in dieser Rich¬
865 1651 1240 1718 tung kennzeichnet.
959 1681 1806 1747 Kein Zweifel, daß die prickelnde „Ana¬
864 1746 1803 1800 tolkomödie von Schnitzler am 18. Au¬
857 1795 1803 1855 gust für das reizende Fräulein Hedwig Kel¬
857 1847 1803 1910 ler auserwählt wurde, um ihre frische, ur¬
857 1890 1807 1946 wüchsige, so wohltuende Natürlichkeit als
861 1954 1480 2002 „Annie" im Abschiedssouper
1554 1939 1799 2005 erweisen zu
857 1989 1807 2054 können. Als „Anatol“ in diesen fünf Ein¬
862 2048 1807 2106 aktern brachte Herr Kramer eine neue
864 2087 1803 2146 Type. Geistreich, blasiert, modern vom Schei¬
864 2145 1810 2197 tel bis zur Sohle, ein Mensch, der von einem
857 2194 1807 2257 ewigen Sehnen geplagt, alles, alles, aber nur
864 2243 1803 2290 tein Wiener, kein Lebemann vom Donau¬
867 2288 1806 2351 strande, keiner aus der Kärtnerstraße ist. Das
864 2344 1803 2397 wahre Gegenstück zu diesem Anatol war als
893 2390 1795 2440 Mar Herr Lackner. Der genußreiche „Ge¬
861 2443 1799 2496 nießer, kein Grübler, frei von jeder Senti¬
861 2493 1805 2549 mentalität, ein leichtlebiger Mensch, dem der
851 2537 1806 2589 Humor das Leben versüßt. Jammerschade,
857 2589 1807 2635 daß dieser prächtige Künstler von jetzt ab in
854 2639 1805 2702 dem schönen Rahmen dieses Ensembles
862 2684 1116 2748 fehlen wird.
951 2719 1803 2796 Lessing's „Minna von Barn¬
861 2775 1805 2832 helm gab Fräulein Christophersen
855 2827 1803 2891 Gelegenheit uns diese Titelheldin in einer
854 2880 1798 2934 neuen Auffassung zu zeigen. Sie spielte die
857 2927 1803 2983 Minna mit sichtlicher Überlegung, faßt kühl
925 2979 1806 3037 und nur in den schalkhaften Partien trat
861 3021 1805 3080 sie erquicklich, ja herzlich hervor. Fräulein
867 3079 1806 3132 Poldi Müller als „Franziska hätte keine
857 3116 1796 3182 bessere Antrittsrolle in ihrem neuen Wir¬
857 3174 1803 3228 kungskreise erhalten können. Ihre ungesuchte
867 3223 1791 3279 Natürlichkeit unterstützt von zierlicher An¬
851 3277 1799 3325 mut, sicherten dem Fräulein sofort die gün¬
867 3325 1806 3388 stigste Aufnahme im Publikum, das ihr auch
851 3373 1799 3422 reichen Beifall spendete. In diesem deutschen
861 3419 1798 3471 Soldatenstück trat nun mit einmal eine neue
857 3468 1788 3529 Persönlichkeit hervor, die bislang zu den Ge¬
861 3518 1793 3574 strichenen zählt und doch nicht zu übergehen
861 3567 1798 3622 ist, die des Grafen von Bruchsall, Minna's
854 3620 1798 3686 Oheim, von dem bisher nur meist gesprochen
857 3668 1002 3727 wurde.
951 3700 1796 3763 Anton Wildgans „Armut ein
854 3762 1798 3825 Stück des Kummers und des Schmerzes, das
854 3807 1798 3868 der Dichter im Kriegsjahr 1914 zur Auf¬
857 3858 1810 3916 führung gebracht hatte, hat auch neuerdings
2605 343 2743 403 Nr. 8.
1862 456 2793 531 seine Vollwertigkeit erwiesen und menschliches
1863 519 2787 571 Elend und Not, die uns gegenwärtig in Stra¬
1863 564 2797 626 ßen und Gassen begegnet hat in Wildgans
1855 609 2803 680 „Armut ein tausendfaches Echo gefunden,
1866 672 2797 732 freilich nur für jene sichtbar, die sehen
1855 713 2799 767 wollen. Der Dichter des Mitleides, wie des stillen
1856 764 2790 827 Heldentums, hat mit der Schilderung seines
1858 816 2787 872 ergreifenden Vorwurfs also ein Stück lebens¬
1858 869 2794 924 wahrer Ereignisse niedergeschrieben, nicht wie
1840 909 2797 970 die Phantasie sie ihm diktiert, wohl aber wie
1863 963 2797 1018 sie ein Mensch nur schildern kann, der mit
1863 1012 2787 1071 seinem ganzen Wesen in Verhältnisse einge¬
1861 1057 2790 1112 drungen, nichts beschönigend und nichts
1855 1112 2785 1170 übertreibend, nur der Wahrheit die Ehre ge¬
1861 1159 2790 1215 geben hat. Hier hat eine vortreffliche Dar¬
1861 1212 2787 1270 stellung die gemütstiefe Arbeit eines voll¬
1858 1257 2797 1316 wertigen Dichters auf das Beste unterstützt
1855 1308 2793 1366 und sowohl Herr Götz als Postbeamter
1866 1355 2797 1418 Spuller, wie auch Fräulein Schilling als
1855 1408 2799 1457 dessen Frau in der Neubesetzung, Gelegenheit
1858 1456 2797 1511 geboten, treffliche Leistungen zu bieten. In
1848 1505 2793 1557 dem 3. Bilde Comedia interposita hat das
1858 1557 2792 1610 glänzende Zusammenspiel der Herren Edt¬
1861 1599 2804 1679 hofer und Lackner ganz besonderen Bei¬
1863 1652 2089 1729 fall erzielt.
2027 1896 3013 2008 Ausschnitten, M. Montags Zeitung, Wie¬
2345 1995 2512 2072 E
2029 2034 2204 2108 vom
2320 2107 2636 2222 Theater.
2037 2201 3032 2286 (Deutsches Volkstheater.) Die ersten Tage der neuen
1924 2253 3037 2324 Direktion Karl Wallner sind ohne irgend eine besondere Note
1922 2304 3031 2374 vorübergegangen. Fast hat es den Anschein, wie wenn sich in der
1926 2353 3032 2425 obersten Leitung nichts geändert hätte. Eine gut szenierte und
1926 2398 3041 2468 ebenso gespielte Aufführung von Raimunds „Alpenkönig“ brachte
1919 2443 3032 2520 der erste Abend mit Herrn Thaller als Rappelkopf, einer
1935 2498 3034 2569 seiner besten Leistungen, den Damen Schweighofer, Pellar
1926 2541 3032 2617 und Keller und den Herren Fürth, Amon und Kirschner.
1926 2598 3051 2674 Am zweiten Abend sahen wir Anzengrubers unvergleichliche
1926 2646 3037 2715 „Kreuzelschreiber, und wieder war Herrn Thallers sonnige,
1929 2689 3037 2762 lebensfrohe Wiedergabe des Steinkopferhans Gegenstand viel¬
1935 2750 3031 2811 facher Auszeichnung. Herr Klitsch, ganz der „lebfrische, kraft¬
1929 2790 3031 2859 strotzende Gelbhofbauer, Fräulein Pellar eine noch etwas
1932 2856 3038 2904 städtisch anmutende Gelbhofbäuerin. Der Brenninger des Herrn
1926 2884 3031 2958 Kierschner rief in seiner Natürlichkeit wirkliche Rührung her¬
1926 2934 3032 3002 vor. Herrn Homma konnten wir nach zweijähriger Abwesenheit
1926 2985 3039 3052 an der Front als Altlechner freudig begrüßen. Ebenso Herrn
1935 3032 3049 3100 Weiß, der unfreiwillig längere Zeit pausteren mußte, als Groß¬
1935 3084 3038 3154 dauer. Zur Feier von Kaisers Geburtstag eröffnete am
1935 3130 3041 3206 Donnerstag die militärische Szene von Irma v. Hofer
1935 3186 3041 3265 „Die Brückenschanze von Usciecko den Abend. Vier
1933 3226 3035 3304 um ein Wachtfeuer gelagerte Offiziere wetteifern in schwungvollen,
1933 3277 3039 3342 von vaterländischem Geiste getragenen Worten, die in feierlicher
1932 3331 3042 3394 Weise in die Volkshymne ausklingen. In Felds aus der Zeit
1932 3370 3041 3437 and für die Zeit geschriebenem österreichischen Schauspiel „Freier
1932 3420 3041 3492 Dienst" sahen wir Frau Schweighofer an Stelle Glöckners
1931 3468 3038 3535 und Herrn Goetz in der von Tyrolt früher gegebenen Rolle des
1938 3522 3044 3594 Wasserbein und man konnte mit der neuen Besetzung vollauf zu¬
1938 3566 3044 3639 frieden sein. Am Freitag entzückte Artur Schnitzlers Anatol¬
1945 3620 3045 3688 Zyklus das gut besetzte Haus. Es war wieder ein Vergnügen,
1942 3669 3037 3730 die fünf tändelnden Einakter vorüberhuschen zu sehen. Kramers
1935 3707 3041 3776 und Lackners einzigartige Leistungen in diesen pikanten Kleinig¬
1940 3758 3044 3832 keiten sind bekannt, aber auch die süßen Mädeln Hochwald,
1938 3802 3046 3884 Pellar, Keller, Waldow und Steinsteck ließen es
1947 3863 3051 3963 sich nicht nehmen, diese echte Wiener Spezies ins beste Licht zu setzen.
