<?xml version="1.0" encoding="UTF-8" standalone="yes"?>
<PcGts xmlns="http://schema.primaresearch.org/PAGE/gts/pagecontent/2013-07-15" xmlns:xsi="http://www.w3.org/2001/XMLSchema-instance" xsi:schemaLocation="http://schema.primaresearch.org/PAGE/gts/pagecontent/2013-07-15 http://schema.primaresearch.org/PAGE/gts/pagecontent/2013-07-15/pagecontent.xsd">
    <Metadata>
        <Creator>prov=READ-COOP:name=PyLaia@TranskribusPlatform:version=2.12.1:model_id=39995:lm=provided:date=29_03_2024_01:47</Creator>
        <Created>2019-10-07T11:51:08.378+02:00</Created>
        <LastChange>2024-03-29T01:47:38.463+01:00</LastChange>
        <TranskribusMetadata docId="223994" pageId="9505562" pageNr="366" tsid="156430419" status="IN_PROGRESS" userId="40391" imgUrl="https://files.transkribus.eu/Get?id=ABNCVQVIJRPWTETOYQRNHBRR&amp;fileType=view" xmlUrl="https://files.transkribus.eu/Get?id=JKPUYQRDBLADVHQKAGQVEYDG" imageId="6195776"/>
    </Metadata>
    <Page imageFilename="223994_0366.jpeg" imageWidth="3344" imageHeight="4256">
        <ReadingOrder>
            <OrderedGroup id="ro_1712662537619" caption="Regions reading order">
                <RegionRefIndexed index="0" regionRef="tr_1"/>
            </OrderedGroup>
        </ReadingOrder>
        <TextRegion orientation="0.0" id="tr_1" custom="readingOrder {index:0;}">
            <Coords points="752,236 752,4048 2518,4048 2518,236"/>
            <TextLine id="tr_1_tl_1" custom="readingOrder {index:0;}">
                <Coords points="806,283 942,309 1169,268 1318,311 1513,262 1820,292 1822,225 1543,201 1446,244 1053,220 986,184 806,259"/>
                <Baseline points="817,283 867,282 917,279 968,272 1018,271 1069,274 1119,271 1170,271 1220,272 1271,272 1321,271 1371,268 1422,268 1472,264 1523,258 1573,256 1624,256 1674,256 1725,256 1775,256 1826,259"/>
                <TextEquiv>
                    <Unicode>Verung dans une</Unicode>
                </TextEquiv>
            </TextLine>
            <TextLine id="tr_1_tl_2" custom="readingOrder {index:1;}">
                <Coords points="1202,413 1455,441 1476,419 1541,408 1563,428 1660,437 1660,281 1554,303 1452,268 1429,290 1396,283 1318,311 1258,290 1202,303"/>
                <Baseline points="1214,402 1239,407 1264,411 1289,413 1314,414 1339,414 1364,414 1389,414 1414,414 1439,414 1464,412 1489,411 1514,409 1539,408 1564,408 1589,408 1614,408 1639,408 1665,408"/>
                <TextEquiv>
                    <Unicode>1912</Unicode>
                </TextEquiv>
            </TextLine>
            <TextLine id="tr_1_tl_3" custom="readingOrder {index:2;}">
                <Coords points="2297,465 2313,463 2317,467 2330,465 2341,469 2351,465 2360,471 2369,463 2375,467 2395,467 2393,413 2360,413 2343,404 2336,411 2332,408 2319,413 2308,428 2297,428"/>
                <Baseline points="2310,453 2338,455 2367,456 2396,456"/>
                <TextEquiv>
                    <Unicode>15</Unicode>
                </TextEquiv>
            </TextLine>
            <TextLine id="tr_1_tl_4" custom="readingOrder {index:3;}">
                <Coords points="785,497 808,491 847,499 858,488 908,497 947,491 942,419 927,424 923,419 906,434 890,428 880,441 830,443 795,432 780,437"/>
                <Baseline points="794,470 820,477 846,483 873,483 899,483 925,483 952,483"/>
                <TextEquiv>
                    <Unicode>1912.</Unicode>
                </TextEquiv>
            </TextLine>
            <TextLine id="tr_1_tl_5" custom="readingOrder {index:4;}">
                <Coords points="785,692 2248,689 2250,549 1193,551 1005,612 787,530"/>
                <Baseline points="796,659 868,665 941,670 1014,672 1087,677 1160,675 1233,670 1305,666 1378,662 1451,659 1524,656 1597,653 1670,650 1743,653 1815,657 1888,662 1961,662 2034,662 2107,660 2180,653 2253,638"/>
                <TextEquiv>
                    <Unicode>How to bring at Home</Unicode>
                </TextEquiv>
            </TextLine>
            <TextLine id="tr_1_tl_6" custom="readingOrder {index:5;}">
                <Coords points="1671,780 2421,782 2416,715 2289,741 1671,735"/>
                <Baseline points="1683,767 1720,770 1757,770 1794,770 1831,770 1868,770 1905,770 1943,770 1980,770 2017,770 2054,770 2091,770 2128,770 2165,769 2203,767 2240,767 2277,767 2314,767 2351,767 2388,766 2426,761"/>
                <TextEquiv>
                    <Unicode>The purpose of this department is to find profit¬</Unicode>
                </TextEquiv>
            </TextLine>
            <TextLine id="tr_1_tl_7" custom="readingOrder {index:6;}">
                <Coords points="769,802 1552,798 1554,735 1528,724 1109,718 996,743 772,709"/>
                <Baseline points="784,781 822,783 861,784 900,784 939,784 978,784 1016,784 1055,782 1094,781 1133,780 1172,778 1210,777 1249,775 1288,775 1327,775 1366,775 1404,774 1443,773 1482,773 1521,773 1560,773"/>
                <TextEquiv>
                    <Unicode>A Tremendous Success.</Unicode>
                </TextEquiv>
            </TextLine>
            <TextLine id="tr_1_tl_8" custom="readingOrder {index:7;}">
                <Coords points="1636,828 2414,823 2390,772 1636,785"/>
                <Baseline points="1647,817 1685,815 1724,814 1762,814 1801,814 1840,814 1878,814 1917,814 1956,814 1994,814 2033,814 2072,814 2110,814 2149,811 2188,811 2226,811 2265,809 2304,808 2342,808 2381,808 2420,808"/>
                <TextEquiv>
                    <Unicode>able employment for women in ccupations whic</Unicode>
                </TextEquiv>
            </TextLine>
            <TextLine id="tr_1_tl_9" custom="readingOrder {index:8;}">
                <Coords points="912,845 1068,864 1089,847 1191,854 1232,834 1258,849 1411,841 1411,793 1396,789 912,802"/>
                <Baseline points="925,838 950,838 976,838 1002,838 1028,837 1054,835 1080,835 1106,835 1132,835 1158,834 1183,833 1209,832 1235,832 1261,832 1287,832 1313,830 1339,829 1365,829 1391,829 1417,829"/>
                <TextEquiv>
                    <Unicode>BY SALLY JOY BROWN.</Unicode>
                </TextEquiv>
            </TextLine>
            <TextLine id="tr_1_tl_10" custom="readingOrder {index:9;}">
                <Coords points="1638,875 2427,875 2427,821 1638,832"/>
                <Baseline points="1650,862 1689,859 1728,859 1767,859 1806,859 1845,859 1884,859 1923,859 1962,859 2001,859 2041,859 2080,859 2119,856 2158,856 2197,856 2236,856 2275,856 2314,856 2353,856 2392,856 2432,856"/>
                <TextEquiv>
                    <Unicode>they can carry on al home without interfering</Unicode>
                </TextEquiv>
            </TextLine>
            <TextLine id="tr_1_tl_11" custom="readingOrder {index:10;}">
                <Coords points="748,899 1584,875 1584,843 1465,819 1061,860 750,806"/>
                <Baseline points="761,880 802,880 843,879 885,877 926,877 968,877 1009,877 1051,877 1092,874 1134,874 1175,872 1216,871 1258,871 1299,870 1341,867 1382,866 1424,868 1465,867 1507,865 1548,865 1590,865"/>
                <TextEquiv>
                    <Unicode>E exhibit of the homeworkers is a</Unicode>
                </TextEquiv>
            </TextLine>
            <TextLine id="tr_1_tl_12" custom="readingOrder {index:11;}">
                <Coords points="1636,919 2423,912 2423,873 2371,862 1636,875"/>
                <Baseline points="1647,904 1686,904 1725,904 1764,904 1803,904 1842,904 1881,904 1920,904 1959,901 1998,904 2038,902 2077,903 2116,904 2155,904 2194,903 2233,901 2272,901 2311,899 2350,898 2389,900 2429,904"/>
                <TextEquiv>
                    <Unicode>with their domestic duties. To stimulate sus</Unicode>
                </TextEquiv>
            </TextLine>
            <TextLine id="tr_1_tl_13" custom="readingOrder {index:12;}">
                <Coords points="845,923 1500,919 1582,903 1584,873 847,886"/>
                <Baseline points="856,913 892,910 929,910 966,910 1002,910 1039,908 1076,907 1112,907 1149,907 1186,904 1223,904 1259,904 1296,903 1333,901 1369,901 1406,901 1443,901 1479,899 1516,898 1553,898 1590,895"/>
                <TextEquiv>
                    <Unicode>tremendous success: Crowds came to it</Unicode>
                </TextEquiv>
            </TextLine>
            <TextLine id="tr_1_tl_14" custom="readingOrder {index:13;}">
                <Coords points="845,953 1556,942 1582,938 1584,903 845,925"/>
                <Baseline points="856,949 892,946 929,946 966,946 1002,943 1039,941 1076,940 1112,940 1149,940 1186,940 1223,938 1259,937 1296,937 1333,936 1369,934 1406,934 1443,932 1479,931 1516,931 1553,931 1590,928"/>
                <TextEquiv>
                    <Unicode>again yesterday and the orders kept</Unicode>
                </TextEquiv>
            </TextLine>
            <TextLine id="tr_1_tl_15" custom="readingOrder {index:14;}">
                <Coords points="1636,964 2423,955 2423,912 2397,908 1636,916"/>
                <Baseline points="1647,955 1686,951 1725,949 1764,949 1803,949 1842,949 1881,949 1920,949 1959,949 1998,948 2038,946 2077,946 2116,946 2155,946 2194,946 2233,946 2272,946 2311,945 2350,943 2389,943 2429,940"/>
                <TextEquiv>
                    <Unicode>gestions The Tribune will award at each fo¬</Unicode>
                </TextEquiv>
            </TextLine>
            <TextLine id="tr_1_tl_16" custom="readingOrder {index:15;}">
                <Coords points="849,990 1502,986 1593,970 1595,936 849,955"/>
                <Baseline points="862,978 898,975 935,975 972,975 1008,972 1045,972 1082,972 1118,972 1155,972 1192,969 1229,969 1265,969 1302,969 1339,968 1375,967 1412,964 1449,964 1485,964 1522,964 1559,963 1596,961"/>
                <TextEquiv>
                    <Unicode>piling up! The tables were loaded down</Unicode>
                </TextEquiv>
            </TextLine>
            <TextLine id="tr_1_tl_17" custom="readingOrder {index:16;}">
                <Coords points="1636,1007 2021,1024 2064,1001 2099,1014 2202,996 2202,966 2155,955 1636,964"/>
                <Baseline points="1647,996 1675,996 1703,996 1731,995 1759,993 1787,993 1815,993 1843,993 1871,993 1899,993 1927,993 1955,993 1983,993 2011,991 2039,990 2067,990 2095,991 2123,992 2151,989 2179,987 2208,987"/>
                <TextEquiv>
                    <Unicode>every help published. Address¬</Unicode>
                </TextEquiv>
            </TextLine>
            <TextLine id="tr_1_tl_18" custom="readingOrder {index:17;}">
                <Coords points="841,1018 1506,1014 1584,1009 1586,977 841,992"/>
                <Baseline points="853,1008 889,1008 926,1008 963,1008 1000,1006 1037,1007 1074,1007 1110,1005 1147,1005 1184,1005 1221,1003 1258,1002 1295,1001 1332,999 1368,999 1405,999 1442,997 1479,998 1516,998 1553,995 1590,990"/>
                <TextEquiv>
                    <Unicode>with good things to eat jellies, pre¬</Unicode>
                </TextEquiv>
            </TextLine>
            <TextLine id="tr_1_tl_19" custom="readingOrder {index:18;}">
                <Coords points="741,1050 1370,1070 1586,1053 1589,1007 873,1027 743,979"/>
                <Baseline points="755,1041 796,1041 838,1041 880,1044 922,1044 964,1044 1006,1044 1048,1042 1090,1039 1132,1038 1174,1036 1215,1035 1257,1035 1299,1034 1341,1033 1383,1034 1425,1031 1467,1030 1509,1032 1551,1029 1593,1029"/>
                <TextEquiv>
                    <Unicode>serves, pickles, homemade wine, and con¬</Unicode>
                </TextEquiv>
            </TextLine>
            <TextLine id="tr_1_tl_20" custom="readingOrder {index:19;}">
                <Coords points="1630,1057 2438,1046 2421,1005 2068,998 1958,1031 1630,1003"/>
                <Baseline points="1641,1047 1681,1050 1721,1050 1761,1048 1801,1047 1841,1047 1881,1047 1921,1048 1961,1049 2001,1047 2041,1047 2081,1047 2121,1047 2161,1045 2201,1046 2241,1047 2281,1046 2321,1044 2361,1044 2401,1044 2441,1041"/>
                <TextEquiv>
                    <Unicode>Sally Joy Brown, care The Tribune, Chicago.</Unicode>
                </TextEquiv>
            </TextLine>
            <TextLine id="tr_1_tl_21" custom="readingOrder {index:20;}">
                <Coords points="743,1091 761,1089 769,1096 804,1076 813,1083 823,1076 845,1081 856,1091 864,1083 906,1087 906,1055 873,1053 864,1059 826,1046 808,1053 782,1048 776,1055 743,1050"/>
                <Baseline points="755,1074 780,1074 806,1074 832,1074 858,1075 884,1077 910,1074"/>
                <TextEquiv>
                    <Unicode>serves.</Unicode>
                </TextEquiv>
            </TextLine>
            <TextLine id="tr_1_tl_22" custom="readingOrder {index:21;}">
                <Coords points="769,1113 1171,1102 1379,1132 1407,1107 1599,1102 1601,1053 1569,1048 772,1083"/>
                <Baseline points="781,1107 822,1106 863,1107 904,1106 945,1104 987,1104 1028,1104 1069,1101 1110,1101 1151,1098 1193,1100 1234,1101 1275,1101 1316,1099 1357,1098 1399,1098 1440,1097 1481,1095 1522,1095 1563,1092 1605,1092"/>
                <TextEquiv>
                    <Unicode>Did you see how the Home Workers Market</Unicode>
                </TextEquiv>
            </TextLine>
            <TextLine id="tr_1_tl_23" custom="readingOrder {index:22;}">
                <Coords points="1606,1132 2468,1137 2468,1074 2440,1070 1606,1102"/>
                <Baseline points="1617,1125 1659,1125 1702,1127 1745,1126 1787,1123 1830,1122 1873,1122 1915,1124 1958,1125 2001,1125 2044,1125 2086,1125 2129,1124 2172,1121 2214,1119 2257,1119 2300,1118 2342,1116 2385,1116 2428,1116 2471,1119"/>
                <TextEquiv>
                    <Unicode>on egg, also chopped nuts if wished. Bake in</Unicode>
                </TextEquiv>
            </TextLine>
            <TextLine id="tr_1_tl_24" custom="readingOrder {index:23;}">
                <Coords points="746,1148 1212,1148 1230,1143 1232,1107 826,1120 748,1091"/>
                <Baseline points="758,1140 783,1140 808,1139 833,1137 858,1137 883,1137 908,1137 933,1137 958,1137 983,1137 1009,1137 1034,1137 1059,1137 1084,1137 1109,1137 1134,1137 1159,1136 1184,1134 1209,1133 1235,1131"/>
                <TextEquiv>
                    <Unicode>Place had grown yesterday</Unicode>
                </TextEquiv>
            </TextLine>
            <TextLine id="tr_1_tl_25" custom="readingOrder {index:24;}">
                <Coords points="769,1178 1930,1163 1915,1130 1333,1115 769,1148"/>
                <Baseline points="781,1172 838,1172 896,1169 954,1169 1012,1166 1069,1166 1127,1166 1185,1166 1243,1169 1300,1165 1358,1163 1416,1163 1474,1160 1531,1160 1589,1160 1647,1158 1705,1156 1762,1155 1820,1152 1878,1154 1936,1155"/>
                <TextEquiv>
                    <Unicode>All of these advertisers have added their well heated oven.</Unicode>
                </TextEquiv>
            </TextLine>
            <TextLine id="tr_1_tl_26" custom="readingOrder {index:25;}">
                <Coords points="1653,1199 2462,1189 2462,1130 1653,1163"/>
                <Baseline points="1665,1187 1705,1187 1745,1187 1785,1187 1825,1187 1865,1187 1905,1187 1946,1187 1986,1186 2026,1184 2066,1184 2106,1184 2146,1186 2186,1187 2227,1185 2267,1184 2307,1183 2347,1181 2387,1180 2427,1178 2468,1178"/>
                <TextEquiv>
                    <Unicode>When having the sponges raise de careful to</Unicode>
                </TextEquiv>
            </TextLine>
            <TextLine id="tr_1_tl_27" custom="readingOrder {index:26;}">
                <Coords points="750,1217 1184,1208 1184,1176 1154,1174 750,1182"/>
                <Baseline points="761,1208 786,1202 811,1202 836,1202 861,1202 887,1202 912,1202 937,1201 962,1199 988,1199 1013,1199 1038,1199 1063,1199 1089,1199 1114,1199 1139,1199 1164,1199 1190,1199"/>
                <TextEquiv>
                    <Unicode>products to the exhibit.</Unicode>
                </TextEquiv>
            </TextLine>
            <TextLine id="tr_1_tl_28" custom="readingOrder {index:27;}">
                <Coords points="769,1247 2077,1238 2058,1193 1632,1176 769,1212"/>
                <Baseline points="781,1235 846,1235 911,1235 976,1235 1041,1235 1106,1235 1171,1232 1236,1230 1301,1229 1366,1227 1432,1226 1497,1224 1562,1226 1627,1223 1692,1221 1757,1219 1822,1219 1887,1219 1952,1217 2017,1217 2083,1217"/>
                <TextEquiv>
                    <Unicode>There is nothing in the line of home cook keep warm, but not hot.</Unicode>
                </TextEquiv>
            </TextLine>
            <TextLine id="tr_1_tl_29" custom="readingOrder {index:28;}">
                <Coords points="1647,1266 2466,1269 2466,1199 1647,1230"/>
                <Baseline points="1659,1253 1699,1251 1740,1250 1780,1250 1821,1250 1862,1250 1902,1250 1943,1250 1983,1250 2024,1250 2065,1250 2105,1248 2146,1247 2186,1247 2227,1247 2268,1247 2308,1247 2349,1247 2389,1246 2430,1244 2471,1244"/>
                <TextEquiv>
                    <Unicode>It looks complicated, but it is not. Try it</Unicode>
                </TextEquiv>
            </TextLine>
            <TextLine id="tr_1_tl_30" custom="readingOrder {index:29;}">
                <Coords points="750,1277 1591,1264 1591,1232 1493,1223 750,1247"/>
                <Baseline points="761,1271 802,1268 844,1268 886,1268 928,1268 969,1268 1011,1265 1053,1265 1095,1265 1136,1265 1178,1265 1220,1263 1262,1262 1303,1262 1345,1261 1387,1259 1429,1259 1470,1259 1512,1259 1554,1256 1596,1256"/>
                <TextEquiv>
                    <Unicode>ery or needlework that is not represented here,</Unicode>
                </TextEquiv>
            </TextLine>
            <TextLine id="tr_1_tl_31" custom="readingOrder {index:30;}">
                <Coords points="750,1312 1647,1338 2209,1282 2053,1249 752,1279"/>
                <Baseline points="761,1304 833,1301 906,1301 978,1301 1051,1298 1123,1299 1196,1298 1268,1298 1341,1295 1413,1294 1486,1292 1558,1292 1631,1289 1703,1286 1776,1285 1848,1286 1921,1283 1993,1283 2066,1280 2138,1280 2211,1280"/>
                <TextEquiv>
                    <Unicode>and all of it is of the highest quality in taste and see what a fine seller it is.</Unicode>
                </TextEquiv>
            </TextLine>
            <TextLine id="tr_1_tl_32" custom="readingOrder {index:31;}">
                <Coords points="2019,1323 2153,1325 2170,1310 2256,1323 2386,1314 2386,1266 2364,1262 2224,1290 2207,1277 2172,1295 2146,1279 2112,1295 2021,1286"/>
                <Baseline points="2032,1313 2057,1313 2083,1313 2108,1313 2134,1312 2159,1310 2185,1310 2211,1310 2236,1308 2262,1307 2287,1307 2313,1306 2338,1304 2364,1304 2390,1304"/>
                <TextEquiv>
                    <Unicode>MES. L. V. BROTTON,</Unicode>
                </TextEquiv>
            </TextLine>
            <TextLine id="tr_1_tl_33" custom="readingOrder {index:32;}">
                <Coords points="746,1357 819,1336 895,1351 916,1340 990,1338 1029,1353 1031,1310 914,1312 893,1301 877,1314 828,1303 748,1310"/>
                <Baseline points="758,1334 783,1334 808,1334 833,1334 858,1334 883,1334 909,1333 934,1331 959,1331 984,1331 1009,1331 1035,1334"/>
                <TextEquiv>
                    <Unicode>and appearance.</Unicode>
                </TextEquiv>
            </TextLine>
            <TextLine id="tr_1_tl_34" custom="readingOrder {index:33;}">
                <Coords points="2029,1366 2092,1349 2146,1370 2228,1349 2254,1370 2375,1353 2438,1372 2429,1305 2356,1321 2179,1310 2155,1325 2029,1321"/>
                <Baseline points="2041,1346 2066,1344 2091,1343 2116,1345 2141,1345 2166,1344 2192,1343 2217,1343 2242,1343 2267,1343 2292,1343 2318,1343 2343,1343 2368,1342 2393,1340 2418,1340 2444,1340"/>
                <TextEquiv>
                    <Unicode>1565 East Sixty-six place.</Unicode>
                </TextEquiv>
            </TextLine>
            <TextLine id="tr_1_tl_35" custom="readingOrder {index:34;}">
                <Coords points="778,1372 1597,1362 1580,1318 1483,1336 1362,1308 1290,1344 778,1342"/>
                <Baseline points="790,1366 830,1365 871,1364 911,1363 952,1363 993,1363 1033,1363 1074,1362 1114,1360 1155,1360 1196,1363 1236,1361 1277,1360 1317,1358 1358,1357 1399,1357 1439,1357 1480,1356 1520,1354 1561,1357 1602,1357"/>
                <TextEquiv>
                    <Unicode>There were many dainty painted sachets,</Unicode>
                </TextEquiv>
            </TextLine>
            <TextLine id="tr_1_tl_36" custom="readingOrder {index:35;}">
                <Coords points="750,1411 1604,1396 1604,1362 750,1370"/>
                <Baseline points="761,1402 803,1396 845,1396 888,1396 930,1396 972,1396 1015,1396 1057,1394 1099,1393 1142,1393 1184,1395 1226,1395 1269,1392 1311,1390 1353,1390 1396,1390 1438,1389 1480,1387 1523,1387 1565,1387 1608,1390"/>
                <TextEquiv>
                    <Unicode>place cards, tally cards, telephone cards, and</Unicode>
                </TextEquiv>
            </TextLine>
            <TextLine id="tr_1_tl_37" custom="readingOrder {index:36;}">
                <Coords points="1880,1442 1915,1437 1924,1446 1952,1433 1967,1448 1993,1448 2038,1431 2131,1446 2157,1433 2192,1437 2194,1396 2125,1375 2081,1385 2060,1370 2016,1392 1986,1381 1960,1394 1917,1370 1882,1370"/>
                <Baseline points="1892,1426 1917,1426 1942,1426 1968,1426 1993,1426 2018,1426 2044,1424 2069,1423 2094,1423 2120,1423 2145,1423 2170,1423 2196,1423"/>
                <TextEquiv>
                    <Unicode>Dresser Cyvers.</Unicode>
                </TextEquiv>
            </TextLine>
            <TextLine id="tr_1_tl_38" custom="readingOrder {index:37;}">
                <Coords points="750,1437 1517,1455 1604,1448 1606,1394 750,1409"/>
                <Baseline points="761,1429 803,1429 845,1429 888,1429 930,1429 972,1429 1015,1431 1057,1430 1099,1429 1142,1429 1184,1429 1226,1428 1269,1426 1311,1425 1353,1423 1396,1423 1438,1423 1480,1423 1523,1423 1565,1420 1608,1423"/>
                <TextEquiv>
                    <Unicode>other novelties that are so attractive at this</Unicode>
                </TextEquiv>
            </TextLine>
            <TextLine id="tr_1_tl_39" custom="readingOrder {index:38;}">
                <Coords points="750,1487 765,1489 793,1472 875,1474 895,1465 910,1474 990,1470 990,1444 944,1446 923,1435 901,1448 890,1437 864,1435 854,1446 834,1448 752,1437"/>
                <Baseline points="764,1465 789,1465 815,1465 841,1463 867,1462 892,1462 918,1462 944,1462 970,1462 996,1465"/>
                <TextEquiv>
                    <Unicode>time of year.</Unicode>
                </TextEquiv>
            </TextLine>
            <TextLine id="tr_1_tl_40" custom="readingOrder {index:39;}">
                <Coords points="1647,1474 2460,1474 2462,1413 2369,1439 1647,1446"/>
                <Baseline points="1659,1471 1699,1471 1739,1471 1779,1471 1820,1469 1860,1468 1900,1468 1941,1468 1981,1468 2021,1468 2062,1465 2102,1465 2142,1465 2182,1465 2223,1465 2263,1464 2303,1462 2344,1462 2384,1462 2424,1462 2465,1462"/>
                <TextEquiv>
                    <Unicode>One can make beautiful dresser covers by</Unicode>
                </TextEquiv>
            </TextLine>
            <TextLine id="tr_1_tl_41" custom="readingOrder {index:40;}">
                <Coords points="778,1504 2453,1491 1697,1489 1400,1439 778,1474"/>
                <Baseline points="790,1498 873,1495 956,1495 1040,1495 1123,1492 1207,1492 1290,1492 1374,1489 1457,1489 1541,1486 1624,1504 1707,1504 1791,1501 1874,1501 1958,1501 2041,1501 2125,1498 2208,1495 2292,1495 2375,1492 2459,1486"/>
                <TextEquiv>
                    <Unicode>Late in the afternoon a great box of rising three fancy hematiche handkerchiefs¬</Unicode>
                </TextEquiv>
            </TextLine>
            <TextLine id="tr_1_tl_42" custom="readingOrder {index:41;}">
                <Coords points="750,1539 2466,1532 2466,1493 750,1487"/>
                <Baseline points="761,1531 846,1528 932,1528 1017,1528 1103,1525 1188,1525 1274,1525 1359,1524 1445,1521 1530,1519 1616,1532 1701,1535 1787,1535 1872,1534 1958,1532 2043,1529 2129,1530 2214,1527 2300,1525 2385,1525 2471,1522"/>
                <TextEquiv>
                    <Unicode>cookies came inchocolate, spice, almon, and little</Unicode>
                </TextEquiv>
            </TextLine>
            <TextLine id="tr_1_tl_43" custom="readingOrder {index:42;}">
                <Coords points="750,1569 2472,1563 2449,1528 750,1537"/>
                <Baseline points="761,1560 846,1560 932,1557 1018,1557 1104,1557 1190,1557 1275,1557 1361,1554 1447,1554 1533,1552 1619,1562 1704,1567 1790,1569 1876,1566 1962,1564 2048,1563 2133,1562 2219,1560 2305,1557 2391,1554 2477,1554"/>
                <TextEquiv>
                    <Unicode>other sorts all made of the finest materials jace edging. Use one handkerchief for the</Unicode>
                </TextEquiv>
            </TextLine>
            <TextLine id="tr_1_tl_44" custom="readingOrder {index:43;}">
                <Coords points="752,1612 1325,1599 1325,1558 752,1571"/>
                <Baseline points="764,1593 792,1593 820,1593 849,1593 877,1593 905,1593 934,1593 962,1593 990,1593 1019,1593 1047,1591 1075,1591 1104,1593 1132,1591 1160,1590 1189,1590 1217,1589 1245,1587 1274,1587 1302,1588 1331,1590"/>
                <TextEquiv>
                    <Unicode>and in the nicest possible way.</Unicode>
                </TextEquiv>
            </TextLine>
            <TextLine id="tr_1_tl_45" custom="readingOrder {index:44;}">
                <Coords points="776,1627 2462,1597 2464,1560 2319,1558 778,1606"/>
                <Baseline points="787,1626 870,1626 954,1626 1038,1625 1122,1623 1206,1623 1290,1620 1374,1617 1458,1617 1542,1617 1626,1601 1709,1599 1793,1599 1877,1596 1961,1596 2045,1594 2129,1593 2213,1590 2297,1589 2381,1587 2465,1587"/>
                <TextEquiv>
                    <Unicode>One of the home women came in with a por center, se insertion in between, with lace</Unicode>
                </TextEquiv>
            </TextLine>
            <TextLine id="tr_1_tl_46" custom="readingOrder {index:45;}">
                <Coords points="1621,1638 2462,1627 2462,1597 2423,1593 1621,1612"/>
                <Baseline points="1632,1635 1673,1632 1715,1632 1757,1632 1799,1629 1841,1629 1882,1629 1924,1629 1966,1627 2008,1628 2050,1627 2091,1626 2133,1624 2175,1623 2217,1622 2259,1620 2300,1620 2342,1620 2384,1620 2426,1620 2468,1617"/>
                <TextEquiv>
                    <Unicode>edge to match, sewing lace around outer edge,</Unicode>
                </TextEquiv>
            </TextLine>
            <TextLine id="tr_1_tl_47" custom="readingOrder {index:46;}">
                <Coords points="752,1666 2475,1664 2475,1627 752,1621"/>
                <Baseline points="764,1659 849,1660 935,1659 1021,1656 1107,1656 1193,1656 1278,1654 1364,1654 1450,1653 1536,1651 1622,1662 1707,1665 1793,1662 1879,1662 1965,1659 2051,1658 2136,1656 2222,1653 2308,1650 2394,1650 2480,1650"/>
                <TextEquiv>
                    <Unicode>of samples of fine sponge cake and fruit cake making it plain or slightly ruffled. These can</Unicode>
                </TextEquiv>
            </TextLine>
            <TextLine id="tr_1_tl_48" custom="readingOrder {index:47;}">
                <Coords points="1617,1703 2468,1692 2468,1658 2284,1649 1617,1673"/>
                <Baseline points="1629,1698 1671,1698 1713,1695 1755,1695 1798,1695 1840,1692 1882,1694 1924,1693 1967,1690 2009,1691 2051,1692 2093,1691 2136,1689 2178,1688 2220,1686 2262,1686 2305,1685 2347,1683 2389,1683 2431,1680 2474,1677"/>
                <TextEquiv>
                    <Unicode>be lined with any color desired, and are pre¬</Unicode>
                </TextEquiv>
            </TextLine>
            <TextLine id="tr_1_tl_49" custom="readingOrder {index:48;}">
                <Coords points="752,1707 906,1692 979,1712 1104,1694 1238,1710 1269,1699 1271,1666 754,1666"/>
                <Baseline points="764,1692 789,1692 814,1692 840,1692 865,1692 890,1692 916,1692 941,1692 966,1691 992,1690 1017,1689 1042,1689 1068,1689 1093,1689 1118,1689 1144,1689 1169,1689 1194,1689 1220,1689 1245,1689 1271,1689"/>
                <TextEquiv>
                    <Unicode>for the customers to taste.</Unicode>
                </TextEquiv>
            </TextLine>
            <TextLine id="tr_1_tl_50" custom="readingOrder {index:49;}">
                <Coords points="769,1727 2421,1725 2347,1686 769,1703"/>
                <Baseline points="781,1722 863,1725 945,1723 1027,1725 1110,1722 1192,1722 1274,1720 1356,1718 1439,1719 1521,1716 1603,1717 1685,1730 1768,1727 1850,1725 1932,1725 2014,1723 2097,1722 2179,1721 2261,1718 2343,1716 2426,1716"/>
                <TextEquiv>
                    <Unicode>Canberry conserve was a new delicacy that ty. They are easily made and inexpensive.</Unicode>
                </TextEquiv>
            </TextLine>
            <TextLine id="tr_1_tl_51" custom="readingOrder {index:50;}">
                <Coords points="1653,1766 2460,1764 2477,1697 2306,1731 1653,1735"/>
                <Baseline points="1665,1760 1705,1758 1746,1757 1787,1757 1828,1757 1868,1757 1909,1757 1950,1756 1991,1754 2031,1754 2072,1754 2113,1754 2154,1752 2194,1751 2235,1751 2276,1750 2317,1747 2357,1745 2398,1745 2439,1745 2480,1745"/>
                <TextEquiv>
                    <Unicode>I made some pretty ones and sold them for</Unicode>
                </TextEquiv>
            </TextLine>
            <TextLine id="tr_1_tl_52" custom="readingOrder {index:51;}">
                <Coords points="752,1770 1364,1759 1424,1779 1426,1731 1390,1727 754,1725"/>
                <Baseline points="764,1757 797,1757 830,1757 863,1757 897,1757 930,1757 963,1757 996,1757 1030,1757 1063,1757 1096,1757 1129,1756 1163,1754 1196,1754 1229,1754 1262,1753 1296,1751 1329,1751 1362,1751 1395,1751 1429,1751"/>
                <TextEquiv>
                    <Unicode>was introduced by one home woman.</Unicode>
                </TextEquiv>
            </TextLine>
            <TextLine id="tr_1_tl_53" custom="readingOrder {index:52;}">
                <Coords points="2347,1794 2364,1794 2369,1798 2388,1792 2399,1792 2403,1796 2414,1794 2418,1798 2425,1794 2442,1796 2442,1753 2429,1755 2412,1744 2395,1757 2375,1755 2371,1751 2358,1757 2347,1757"/>
                <Baseline points="2360,1781 2389,1779 2418,1778 2447,1778"/>
                <TextEquiv>
                    <Unicode>J. S.</Unicode>
                </TextEquiv>
            </TextLine>
            <TextLine id="tr_1_tl_54" custom="readingOrder {index:53;}">
                <Coords points="1617,1807 1690,1798 1729,1818 1755,1807 1811,1820 1859,1798 1872,1813 1952,1813 1952,1766 1939,1764 1718,1772 1692,1757 1673,1770 1658,1761 1617,1770"/>
                <Baseline points="1629,1793 1654,1792 1679,1791 1704,1791 1729,1793 1755,1792 1780,1790 1805,1790 1830,1790 1856,1790 1881,1789 1906,1787 1931,1788 1957,1790"/>
                <TextEquiv>
                    <Unicode>81.50 and 32 each.</Unicode>
                </TextEquiv>
            </TextLine>
            <TextLine id="tr_1_tl_55" custom="readingOrder {index:54;}">
                <Coords points="1982,1833 2003,1828 2019,1833 2038,1818 2055,1822 2062,1815 2068,1824 2077,1824 2083,1831 2101,1831 2103,1770 2090,1770 2079,1779 2070,1779 2064,1772 2055,1779 2023,1779 2016,1774 2001,1779 1997,1774 1986,1774"/>
                <Baseline points="1996,1823 2023,1820 2051,1820 2079,1819 2107,1817"/>
                <TextEquiv>
                    <Unicode>*</Unicode>
                </TextEquiv>
            </TextLine>
            <TextLine id="tr_1_tl_56" custom="readingOrder {index:55;}">
                <Coords points="765,1828 1011,1831 1100,1861 1504,1835 1597,1865 1597,1794 1396,1772 1161,1800 890,1770 765,1809"/>
                <Baseline points="778,1829 819,1832 860,1832 901,1832 942,1831 984,1829 1025,1829 1066,1829 1107,1829 1148,1829 1190,1829 1231,1829 1272,1827 1313,1826 1354,1826 1396,1826 1437,1826 1478,1825 1519,1823 1560,1823 1602,1823"/>
                <TextEquiv>
                    <Unicode>Here is an advertissement of some most at¬</Unicode>
                </TextEquiv>
            </TextLine>
            <TextLine id="tr_1_tl_57" custom="readingOrder {index:56;}">
                <Coords points="754,1882 1057,1872 1057,1841 914,1846 893,1833 869,1844 795,1841 774,1822 754,1824"/>
                <Baseline points="767,1868 793,1865 820,1865 847,1865 874,1865 901,1865 927,1865 954,1865 981,1865 1008,1865 1035,1865 1062,1865"/>
                <TextEquiv>
                    <Unicode>tractive sweets:</Unicode>
                </TextEquiv>
            </TextLine>
            <TextLine id="tr_1_tl_58" custom="readingOrder {index:57;}">
                <Coords points="1766,1889 2326,1885 2326,1818 2267,1835 2217,1813 2137,1833 1865,1807 1766,1822"/>
                <Baseline points="1778,1874 1805,1874 1833,1874 1860,1873 1888,1871 1916,1871 1943,1871 1971,1871 1998,1871 2026,1871 2054,1871 2081,1870 2109,1868 2136,1868 2164,1868 2192,1868 2219,1866 2247,1865 2274,1865 2302,1865 2330,1865"/>
                <TextEquiv>
                    <Unicode>Cheap Way to Bake Beans.</Unicode>
                </TextEquiv>
            </TextLine>
            <TextLine id="tr_1_tl_59" custom="readingOrder {index:58;}">
                <Coords points="817,1930 1055,1904 1478,1924 1554,1904 1556,1859 817,1872"/>
                <Baseline points="829,1910 865,1904 902,1904 938,1904 975,1901 1011,1901 1048,1901 1084,1901 1121,1900 1157,1898 1194,1898 1231,1900 1267,1901 1304,1900 1340,1898 1377,1898 1413,1898 1450,1898 1486,1898 1523,1898 1560,1898"/>
                <TextEquiv>
                    <Unicode>QUERN ANNE CHOCOLATES FRENCE FRUIT</Unicode>
                </TextEquiv>
            </TextLine>
            <TextLine id="tr_1_tl_60" custom="readingOrder {index:59;}">
                <Coords points="1647,1924 2481,1919 2483,1861 2371,1852 2308,1885 1818,1902 1649,1869"/>
                <Baseline points="1659,1919 1700,1919 1741,1918 1783,1916 1824,1915 1865,1913 1907,1913 1948,1913 1989,1913 2031,1913 2072,1913 2113,1911 2155,1910 2196,1908 2237,1907 2279,1907 2320,1906 2361,1904 2403,1904 2444,1904 2486,1904"/>
                <TextEquiv>
                    <Unicode>I know a friend who bakes beans without</Unicode>
                </TextEquiv>
            </TextLine>
            <TextLine id="tr_1_tl_61" custom="readingOrder {index:60;}">
                <Coords points="839,1954 957,1960 1020,1939 1091,1956 1199,1939 1269,1952 1260,1906 839,1915"/>
                <Baseline points="850,1934 876,1934 903,1935 929,1935 956,1934 982,1935 1009,1936 1035,1935 1062,1934 1088,1934 1115,1933 1141,1931 1168,1931 1194,1931 1221,1931 1247,1931 1274,1931"/>
                <TextEquiv>
                    <Unicode>chocolate baskets; delivered.</Unicode>
                </TextEquiv>
            </TextLine>
            <TextLine id="tr_1_tl_62" custom="readingOrder {index:61;}">
                <Coords points="1617,1960 2475,1941 2434,1911 1619,1921"/>
                <Baseline points="1629,1951 1671,1951 1714,1954 1756,1949 1799,1948 1841,1948 1884,1948 1926,1946 1969,1945 2011,1945 2054,1944 2097,1942 2139,1942 2182,1942 2224,1942 2267,1941 2309,1938 2352,1936 2394,1936 2437,1936 2480,1934"/>
                <TextEquiv>
                    <Unicode>using an extra fuel, then sells them and re-</Unicode>
                </TextEquiv>
            </TextLine>
            <TextLine id="tr_1_tl_63" custom="readingOrder {index:62;}">
                <Coords points="793,1988 2479,1973 2479,1936 1686,1965 1446,1911 1273,1960 795,1943"/>
                <Baseline points="805,1981 888,1981 972,1978 1056,1978 1140,1978 1224,1978 1308,1978 1392,1975 1476,1975 1560,1972 1644,1982 1727,1981 1811,1978 1895,1978 1979,1976 2063,1975 2147,1974 2231,1971 2315,1969 2399,1969 2483,1966"/>
                <TextEquiv>
                    <Unicode>The chocolate baskets are just as cunning alizes a nice sum of money. She does not</Unicode>
                </TextEquiv>
            </TextLine>
            <TextLine id="tr_1_tl_64" custom="readingOrder {index:63;}">
                <Coords points="752,2025 2488,2008 2444,1971 754,1980"/>
                <Baseline points="764,2017 850,2014 936,2014 1023,2014 1109,2013 1196,2011 1282,2009 1368,2008 1455,2006 1541,2007 1628,2014 1714,2014 1800,2011 1887,2008 1973,2008 2060,2008 2146,2005 2232,2002 2319,2002 2405,1999 2492,1996"/>
                <TextEquiv>
                    <Unicode>and appetizing as possible, as they are made paroil the beans, but just soaks them in cold</Unicode>
                </TextEquiv>
            </TextLine>
            <TextLine id="tr_1_tl_65" custom="readingOrder {index:64;}">
                <Coords points="752,2062 2481,2038 2401,1999 752,2025"/>
                <Baseline points="764,2050 850,2047 936,2045 1022,2044 1108,2044 1194,2042 1280,2041 1366,2040 1452,2038 1538,2038 1625,2040 1711,2045 1797,2042 1883,2041 1969,2040 2055,2040 2141,2038 2227,2035 2313,2032 2399,2032 2486,2029"/>
                <TextEquiv>
                    <Unicode>of rich, chocolate with handles of angelique water for a half day, then puts them in a</Unicode>
                </TextEquiv>
            </TextLine>
            <TextLine id="tr_1_tl_66" custom="readingOrder {index:65;}">
                <Coords points="754,2092 2475,2075 2447,2029 754,2055"/>
                <Baseline points="767,2083 852,2080 938,2080 1023,2080 1109,2077 1195,2077 1280,2076 1366,2074 1452,2074 1537,2074 1623,2076 1709,2077 1794,2074 1880,2072 1966,2072 2051,2070 2137,2068 2223,2067 2308,2068 2394,2062 2480,2059"/>
                <TextEquiv>
                    <Unicode>and decorations of crystallized violete and dish, which can be well covered with another</Unicode>
                </TextEquiv>
            </TextLine>
            <TextLine id="tr_1_tl_67" custom="readingOrder {index:66;}">
                <Coords points="1630,2118 2481,2101 2481,2068 2405,2064 1630,2088"/>
                <Baseline points="1641,2110 1683,2110 1725,2110 1767,2107 1810,2107 1852,2104 1894,2104 1936,2104 1979,2104 2021,2104 2063,2102 2105,2101 2148,2100 2190,2098 2232,2098 2274,2098 2317,2098 2359,2097 2401,2095 2443,2092 2486,2092"/>
                <TextEquiv>
                    <Unicode>dish, and adds the tomato juice and pork or</Unicode>
                </TextEquiv>
            </TextLine>
            <TextLine id="tr_1_tl_68" custom="readingOrder {index:67;}">
                <Coords points="754,2140 769,2140 802,2118 841,2118 847,2125 858,2120 871,2122 873,2086 852,2083 845,2088 841,2083 819,2092 815,2088 756,2090"/>
                <Baseline points="767,2116 793,2112 820,2111 847,2111 874,2113"/>
                <TextEquiv>
                    <Unicode>roses.</Unicode>
                </TextEquiv>
            </TextLine>
            <TextLine id="tr_1_tl_69" custom="readingOrder {index:68;}">
                <Coords points="791,2155 2496,2155 2496,2094 1671,2125 1158,2081 791,2118"/>
                <Baseline points="802,2145 891,2142 980,2142 1070,2142 1159,2139 1249,2139 1338,2136 1427,2136 1517,2136 1606,2135 1696,2142 1785,2139 1875,2139 1964,2133 2053,2133 2143,2133 2232,2133 2322,2130 2411,2130 2501,2128"/>
                <TextEquiv>
                    <Unicode>Here is the advertissement of another adver the molasses and water and pork, whichever</Unicode>
                </TextEquiv>
            </TextLine>
            <TextLine id="tr_1_tl_70" custom="readingOrder {index:69;}">
                <Coords points="761,2185 2155,2166 761,2148"/>
                <Baseline points="773,2178 842,2177 911,2175 981,2175 1050,2175 1119,2174 1189,2174 1258,2172 1327,2174 1397,2172 1466,2171 1535,2169 1605,2171 1674,2175 1743,2172 1813,2171 1882,2169 1951,2168 2021,2166 2090,2163 2160,2166"/>
                <TextEquiv>
                    <Unicode>tiser who has her work exhibited at the Home way the people order them.</Unicode>
                </TextEquiv>
            </TextLine>
            <TextLine id="tr_1_tl_71" custom="readingOrder {index:70;}">
                <Coords points="1668,2215 2483,2196 2483,2155 2449,2142 2289,2133 2112,2174 1668,2181"/>
                <Baseline points="1680,2202 1720,2203 1760,2200 1801,2199 1841,2199 1882,2199 1922,2199 1963,2198 2003,2196 2044,2196 2084,2196 2124,2193 2165,2193 2205,2191 2246,2190 2286,2190 2327,2191 2367,2192 2408,2189 2448,2187 2489,2187"/>
                <TextEquiv>
                    <Unicode>the evening she shakes the coal stove</Unicode>
                </TextEquiv>
            </TextLine>
            <TextLine id="tr_1_tl_72" custom="readingOrder {index:71;}">
                <Coords points="756,2230 1277,2213 1277,2179 1208,2172 1167,2192 1102,2176 759,2183"/>
                <Baseline points="770,2208 795,2208 821,2208 846,2208 872,2208 898,2208 923,2208 949,2208 975,2208 1000,2208 1026,2208 1052,2208 1077,2207 1103,2205 1129,2207 1154,2208 1180,2206 1206,2205 1231,2205 1257,2205 1283,2205"/>
                <TextEquiv>
                    <Unicode>Workers Exhibit this week.</Unicode>
                </TextEquiv>
            </TextLine>
            <TextLine id="tr_1_tl_73" custom="readingOrder {index:72;}">
                <Coords points="1630,2243 2494,2226 2494,2198 2447,2194 1632,2215"/>
                <Baseline points="1644,2235 1686,2235 1729,2235 1772,2233 1814,2232 1857,2230 1900,2229 1942,2229 1985,2229 2028,2227 2071,2226 2113,2226 2156,2225 2199,2224 2241,2226 2284,2225 2327,2223 2369,2223 2412,2220 2455,2220 2498,2220"/>
                <TextEquiv>
                    <Unicode>well, then empties the ash pan and set the</Unicode>
                </TextEquiv>
            </TextLine>
            <TextLine id="tr_1_tl_74" custom="readingOrder {index:73;}">
                <Coords points="819,2267 1061,2246 1184,2250 1217,2276 1308,2243 1489,2274 1563,2254 1563,2204 1448,2228 1407,2207 819,2224"/>
                <Baseline points="832,2250 868,2247 905,2247 942,2247 979,2247 1016,2245 1053,2244 1089,2244 1126,2244 1163,2244 1200,2244 1237,2244 1274,2243 1311,2241 1347,2241 1384,2241 1421,2243 1458,2242 1495,2241 1532,2241 1569,2244"/>
                <TextEquiv>
                    <Unicode>CROCRETED NIGHTOWNYOKES. 2.50</Unicode>
                </TextEquiv>
            </TextLine>
            <TextLine id="tr_1_tl_75" custom="readingOrder {index:74;}">
                <Coords points="1630,2269 2492,2259 2479,2224 1630,2243"/>
                <Baseline points="1641,2265 1683,2265 1726,2265 1769,2263 1811,2262 1854,2262 1897,2262 1939,2260 1982,2259 2025,2259 2068,2259 2110,2259 2153,2259 2196,2258 2238,2256 2281,2255 2324,2253 2366,2253 2409,2253 2452,2253 2495,2250"/>
                <TextEquiv>
                    <Unicode>well covered dish of beans in the ash pan and</Unicode>
                </TextEquiv>
            </TextLine>
            <TextLine id="tr_1_tl_76" custom="readingOrder {index:75;}">
                <Coords points="832,2287 877,2293 893,2282 908,2293 947,2280 1061,2300 1104,2280 1122,2293 1169,2280 1199,2293 1202,2252 1076,2261 1063,2246 832,2263"/>
                <Baseline points="844,2280 869,2279 895,2277 921,2275 947,2274 972,2274 998,2274 1024,2274 1050,2274 1076,2274 1101,2274 1127,2273 1153,2271 1179,2272 1205,2274"/>
                <TextEquiv>
                    <Unicode>gon complete, 33.50.</Unicode>
                </TextEquiv>
            </TextLine>
            <TextLine id="tr_1_tl_77" custom="readingOrder {index:76;}">
                <Coords points="787,2323 2488,2295 2466,2256 1630,2289 1433,2252 787,2291"/>
                <Baseline points="799,2321 883,2321 968,2321 1052,2320 1137,2320 1222,2319 1306,2316 1391,2316 1476,2313 1560,2313 1645,2298 1730,2298 1814,2295 1899,2293 1984,2293 2068,2290 2153,2289 2238,2287 2322,2288 2407,2286 2492,2286"/>
                <TextEquiv>
                    <Unicode>All sorts of things that are unusual and closes the stove, just as she would when she</Unicode>
                </TextEquiv>
            </TextLine>
            <TextLine id="tr_1_tl_78" custom="readingOrder {index:77;}">
                <Coords points="763,2367 1141,2388 2477,2321 2464,2289 2092,2291 763,2332"/>
                <Baseline points="775,2354 860,2357 945,2354 1031,2357 1116,2357 1202,2354 1287,2351 1372,2351 1458,2348 1543,2347 1629,2335 1714,2330 1799,2327 1885,2324 1970,2324 2056,2320 2141,2321 2226,2320 2312,2319 2397,2319 2483,2319"/>
                <TextEquiv>
                    <Unicode>well made are to be seen at the Home Work doesn't bake beans. The next morning the</Unicode>
                </TextEquiv>
            </TextLine>
            <TextLine id="tr_1_tl_79" custom="readingOrder {index:78;}">
                <Coords points="1638,2369 2492,2354 2492,2328 2423,2317 1640,2336"/>
                <Baseline points="1650,2363 1692,2360 1734,2360 1776,2360 1819,2360 1861,2357 1903,2355 1945,2354 1988,2354 2030,2354 2072,2352 2114,2352 2157,2353 2199,2350 2241,2348 2283,2348 2326,2348 2368,2348 2410,2348 2452,2345 2495,2345"/>
                <TextEquiv>
                    <Unicode>beans are baked and ready to be delivered.</Unicode>
                </TextEquiv>
            </TextLine>
            <TextLine id="tr_1_tl_80" custom="readingOrder {index:79;}">
                <Coords points="1632,2405 2490,2384 2490,2354 1632,2369"/>
                <Baseline points="1644,2393 1686,2393 1729,2393 1771,2390 1814,2390 1856,2390 1899,2390 1941,2388 1984,2385 2026,2384 2069,2384 2112,2384 2154,2384 2197,2383 2239,2381 2282,2381 2324,2381 2367,2381 2409,2381 2452,2378 2495,2378"/>
                <TextEquiv>
                    <Unicode>Beans baked in this way remain whole and are</Unicode>
                </TextEquiv>
            </TextLine>
            <TextLine id="tr_1_tl_81" custom="readingOrder {index:80;}">
                <Coords points="759,2395 791,2401 852,2390 864,2399 1001,2399 1001,2362 899,2362 888,2369 856,2358 821,2369 761,2364"/>
                <Baseline points="770,2390 796,2390 822,2390 849,2389 875,2387 902,2387 928,2387 955,2387 981,2387 1008,2387"/>
                <TextEquiv>
                    <Unicode>ers Exhibit.</Unicode>
                </TextEquiv>
            </TextLine>
            <TextLine id="tr_1_tl_82" custom="readingOrder {index:81;}">
                <Coords points="834,2434 2490,2423 2462,2384 1740,2408 1476,2360 834,2390"/>
                <Baseline points="847,2420 929,2420 1011,2420 1094,2419 1176,2420 1259,2417 1341,2417 1423,2414 1506,2414 1588,2414 1671,2426 1753,2423 1835,2420 1918,2420 2000,2417 2083,2418 2165,2417 2247,2414 2330,2414 2412,2411 2495,2411"/>
                <TextEquiv>
                    <Unicode>can't begin to tell you of all the things most delicious. This woman only makes a</Unicode>
                </TextEquiv>
            </TextLine>
            <TextLine id="tr_1_tl_83" custom="readingOrder {index:82;}">
                <Coords points="1636,2468 2490,2455 2490,2423 2444,2414 1636,2434"/>
                <Baseline points="1647,2459 1689,2456 1731,2456 1774,2453 1816,2453 1859,2453 1901,2451 1943,2452 1986,2451 2028,2450 2071,2448 2113,2447 2155,2447 2198,2447 2240,2447 2283,2446 2325,2444 2367,2444 2410,2444 2452,2444 2495,2441"/>
                <TextEquiv>
                    <Unicode>practice of selling baked beans when she has</Unicode>
                </TextEquiv>
            </TextLine>
            <TextLine id="tr_1_tl_84" custom="readingOrder {index:83;}">
                <Coords points="765,2464 793,2479 810,2464 929,2455 1011,2466 1081,2453 1094,2466 1184,2457 1187,2425 1009,2438 979,2425 931,2438 916,2425 858,2436 767,2418"/>
                <Baseline points="778,2456 803,2456 829,2456 854,2454 880,2453 905,2453 931,2453 956,2453 982,2453 1008,2453 1033,2453 1059,2453 1084,2451 1110,2450 1135,2450 1161,2450 1187,2450"/>
                <TextEquiv>
                    <Unicode>that you can see here.</Unicode>
                </TextEquiv>
            </TextLine>
            <TextLine id="tr_1_tl_85" custom="readingOrder {index:84;}">
                <Coords points="1638,2496 2490,2485 2466,2449 1638,2468"/>
                <Baseline points="1650,2492 1692,2489 1734,2486 1776,2483 1818,2486 1860,2483 1902,2483 1944,2483 1986,2483 2028,2481 2071,2480 2113,2480 2155,2480 2197,2480 2239,2480 2281,2479 2323,2477 2365,2476 2407,2474 2449,2474 2492,2474"/>
                <TextEquiv>
                    <Unicode>to have a fire in her coal heater. They can</Unicode>
                </TextEquiv>
            </TextLine>
            <TextLine id="tr_1_tl_86" custom="readingOrder {index:85;}">
                <Coords points="802,2494 1612,2488 1612,2447 1496,2427 1448,2455 1279,2427 1171,2460 802,2462"/>
                <Baseline points="814,2486 854,2486 894,2489 934,2487 974,2486 1014,2486 1054,2486 1095,2485 1135,2483 1175,2483 1215,2483 1255,2480 1295,2480 1335,2480 1376,2480 1416,2480 1456,2479 1496,2477 1536,2477 1576,2477 1617,2477"/>
                <TextEquiv>
                    <Unicode>Won't you come down and see for yourself</Unicode>
                </TextEquiv>
            </TextLine>
            <TextLine id="tr_1_tl_87" custom="readingOrder {index:86;}">
                <Coords points="765,2535 2492,2544 2492,2488 2418,2479 765,2490"/>
                <Baseline points="778,2521 864,2518 950,2521 1036,2519 1122,2518 1208,2515 1294,2514 1380,2513 1466,2513 1552,2512 1638,2516 1724,2519 1810,2515 1896,2515 1982,2515 2068,2514 2154,2513 2240,2512 2326,2510 2412,2510 2498,2507"/>
                <TextEquiv>
                    <Unicode>and then se home and tell all your friends de baked with equal satisfaction in the as</Unicode>
                </TextEquiv>
            </TextLine>
            <TextLine id="tr_1_tl_88" custom="readingOrder {index:87;}">
                <Coords points="1634,2574 1766,2552 1796,2568 1841,2550 1848,2559 1975,2555 1975,2527 1941,2520 1636,2531"/>
                <Baseline points="1647,2557 1672,2554 1698,2552 1724,2551 1749,2551 1775,2550 1801,2548 1826,2548 1852,2548 1878,2546 1903,2545 1929,2545 1955,2546 1981,2548"/>
                <TextEquiv>
                    <Unicode>pan of a furnace.</Unicode>
                </TextEquiv>
            </TextLine>
            <TextLine id="tr_1_tl_89" custom="readingOrder {index:88;}">
                <Coords points="759,2555 795,2565 806,2559 858,2559 875,2568 886,2561 899,2572 931,2555 947,2557 947,2529 897,2527 877,2535 860,2520 830,2533 759,2527"/>
                <Baseline points="770,2554 796,2552 822,2551 848,2551 874,2551 900,2551 926,2551 952,2551"/>
                <TextEquiv>
                    <Unicode>about it?</Unicode>
                </TextEquiv>
            </TextLine>
            <TextLine id="tr_1_tl_90" custom="readingOrder {index:89;}">
                <Coords points="1662,2594 2492,2578 2492,2539 2250,2520 1662,2565"/>
                <Baseline points="1674,2584 1715,2581 1756,2581 1797,2581 1838,2580 1880,2578 1921,2578 1962,2578 2003,2575 2044,2575 2086,2575 2127,2575 2168,2575 2209,2573 2250,2572 2292,2572 2333,2572 2374,2572 2415,2572 2456,2572 2498,2569"/>
                <TextEquiv>
                    <Unicode>Beans baked in the usual way require à</Unicode>
                </TextEquiv>
            </TextLine>
            <TextLine id="tr_1_tl_91" custom="readingOrder {index:90;}">
                <Coords points="800,2596 1612,2587 1614,2544 1569,2524 1455,2557 1275,2537 802,2561"/>
                <Baseline points="811,2581 851,2584 891,2586 931,2585 972,2582 1012,2581 1052,2582 1093,2583 1133,2581 1173,2581 1214,2581 1254,2578 1294,2578 1334,2578 1375,2578 1415,2577 1455,2575 1496,2575 1536,2575 1576,2575 1617,2575"/>
                <TextEquiv>
                    <Unicode>That is what all the visitors to the exhibit</Unicode>
                </TextEquiv>
            </TextLine>
            <TextLine id="tr_1_tl_92" custom="readingOrder {index:91;}">
                <Coords points="769,2628 2477,2613 2442,2574 772,2583"/>
                <Baseline points="781,2617 866,2617 951,2617 1036,2617 1121,2615 1206,2613 1291,2611 1376,2611 1461,2610 1546,2610 1632,2606 1717,2614 1802,2611 1887,2611 1972,2609 2057,2608 2142,2610 2227,2605 2312,2605 2397,2602 2483,2602"/>
                <TextEquiv>
                    <Unicode>have been doing, because they came back yes, great deal of extra fuel, especially when a</Unicode>
                </TextEquiv>
            </TextLine>
            <TextLine id="tr_1_tl_93" custom="readingOrder {index:92;}">
                <Coords points="772,2658 2399,2648 2490,2611 772,2628"/>
                <Baseline points="784,2653 869,2650 954,2650 1040,2647 1125,2647 1211,2647 1296,2644 1381,2642 1467,2641 1552,2643 1638,2646 1723,2648 1808,2646 1894,2642 1979,2641 2065,2641 2150,2640 2235,2638 2321,2635 2406,2635 2492,2632"/>
                <TextEquiv>
                    <Unicode>terday with several friends with them and gas oven is used, and consequently the above</Unicode>
                </TextEquiv>
            </TextLine>
            <TextLine id="tr_1_tl_94" custom="readingOrder {index:93;}">
                <Coords points="1636,2691 2490,2689 2490,2641 2431,2637 1636,2660"/>
                <Baseline points="1647,2680 1689,2680 1731,2680 1774,2677 1816,2677 1859,2677 1901,2675 1943,2674 1986,2674 2028,2672 2071,2671 2113,2671 2155,2671 2198,2671 2240,2671 2283,2670 2325,2668 2367,2668 2410,2668 2452,2668 2495,2671"/>
                <TextEquiv>
                    <Unicode>recipe will be welcomed by many economical</Unicode>
                </TextEquiv>
            </TextLine>
            <TextLine id="tr_1_tl_95" custom="readingOrder {index:94;}">
                <Coords points="765,2704 1576,2686 1576,2650 1539,2641 765,2654"/>
                <Baseline points="778,2683 818,2683 858,2683 898,2683 938,2683 978,2683 1018,2683 1059,2683 1099,2682 1139,2680 1179,2680 1219,2680 1259,2678 1299,2677 1340,2675 1380,2674 1420,2674 1460,2674 1500,2674 1540,2674 1581,2677"/>
                <TextEquiv>
                    <Unicode>began to point out the especially nice things,</Unicode>
                </TextEquiv>
            </TextLine>
            <TextLine id="tr_1_tl_96" custom="readingOrder {index:95;}">
                <Coords points="2014,2712 2414,2704 2414,2673 2393,2671 2297,2684 2276,2669 2235,2682 2014,2680"/>
                <Baseline points="2026,2704 2052,2706 2078,2706 2104,2704 2131,2704 2157,2704 2183,2702 2209,2702 2236,2704 2262,2703 2288,2701 2314,2701 2341,2701 2367,2701 2393,2701 2420,2701"/>
                <TextEquiv>
                    <Unicode>Mrs. R. G. GRAMME.</Unicode>
                </TextEquiv>
            </TextLine>
            <TextLine id="tr_1_tl_97" custom="readingOrder {index:96;}">
                <Coords points="800,2725 1474,2706 1904,2766 2466,2753 2464,2693 800,2695"/>
                <Baseline points="811,2715 894,2715 978,2715 1061,2712 1145,2712 1229,2709 1312,2707 1396,2707 1479,2705 1563,2707 1647,2712 1730,2712 1814,2709 1885,2736 1969,2736 2053,2738 2136,2735 2220,2733 2303,2732 2387,2730 2471,2730"/>
                <TextEquiv>
                    <Unicode>I know that the home women can compete housewives de se¬</Unicode>
                </TextEquiv>
            </TextLine>
            <TextLine id="tr_1_tl_98" custom="readingOrder {index:97;}">
                <Coords points="767,2756 1617,2751 1617,2712 1476,2708 769,2727"/>
                <Baseline points="781,2748 823,2748 865,2748 907,2748 949,2748 991,2748 1033,2748 1075,2748 1117,2746 1159,2743 1202,2742 1244,2742 1286,2741 1328,2739 1370,2739 1412,2739 1454,2738 1496,2736 1538,2736 1580,2736 1623,2739"/>
                <TextEquiv>
                    <Unicode>with any one in the work that they can do</Unicode>
                </TextEquiv>
            </TextLine>
            <TextLine id="tr_1_tl_99" custom="readingOrder {index:98;}">
                <Coords points="763,2788 1580,2784 1625,2779 1627,2749 765,2756"/>
                <Baseline points="775,2784 817,2784 860,2784 903,2782 945,2781 988,2779 1031,2778 1073,2778 1116,2778 1159,2778 1202,2778 1244,2777 1287,2774 1330,2772 1372,2772 1415,2772 1458,2772 1500,2772 1543,2772 1586,2772 1629,2769"/>
                <TextEquiv>
                    <Unicode>and I am so sure of this and so proud of the</Unicode>
                </TextEquiv>
            </TextLine>
            <TextLine id="tr_1_tl_100" custom="readingOrder {index:99;}">
                <Coords points="769,2827 1623,2816 1623,2779 1504,2773 772,2792"/>
                <Baseline points="784,2817 826,2814 868,2814 910,2814 952,2814 994,2814 1036,2814 1078,2812 1120,2811 1162,2809 1205,2808 1247,2806 1289,2805 1331,2805 1373,2805 1415,2804 1457,2802 1499,2802 1541,2802 1583,2802 1626,2799"/>
                <TextEquiv>
                    <Unicode>showing they have made that I want every</Unicode>
                </TextEquiv>
            </TextLine>
            <TextLine id="tr_1_tl_101" custom="readingOrder {index:100;}">
                <Coords points="1844,2833 2053,2836 2077,2820 2246,2836 2287,2827 2289,2775 2224,2790 2185,2766 2131,2786 2075,2771 1993,2784 1969,2766 1928,2784 1902,2764 1846,2773"/>
                <Baseline points="1856,2817 1881,2817 1907,2817 1932,2817 1958,2817 1984,2817 2009,2817 2035,2817 2061,2817 2086,2817 2112,2817 2138,2815 2163,2814 2189,2814 2215,2814 2240,2814 2266,2814 2292,2814"/>
                <TextEquiv>
                    <Unicode>Breakfast Rice Bread.</Unicode>
                </TextEquiv>
            </TextLine>
            <TextLine id="tr_1_tl_102" custom="readingOrder {index:101;}">
                <Coords points="776,2855 1057,2853 1089,2877 1184,2849 1277,2879 1621,2851 1595,2807 776,2827"/>
                <Baseline points="787,2847 831,2847 875,2848 919,2849 963,2847 1007,2847 1051,2847 1096,2847 1140,2847 1184,2844 1228,2844 1272,2844 1316,2841 1361,2838 1405,2838 1449,2838 1493,2838 1537,2838 1581,2835 1626,2835"/>
                <TextEquiv>
                    <Unicode>woman in Chicago to come here and see this</Unicode>
                </TextEquiv>
            </TextLine>
            <TextLine id="tr_1_tl_103" custom="readingOrder {index:102;}">
                <Coords points="1677,2872 2490,2857 2490,2818 1900,2836 1677,2794"/>
                <Baseline points="1689,2865 1729,2862 1769,2862 1809,2862 1850,2862 1890,2861 1930,2859 1971,2859 2011,2859 2051,2859 2092,2859 2132,2856 2172,2856 2212,2856 2253,2856 2293,2856 2333,2856 2374,2855 2414,2853 2454,2853 2495,2853"/>
                <TextEquiv>
                    <Unicode>A woman who lives in a large apartment</Unicode>
                </TextEquiv>
            </TextLine>
            <TextLine id="tr_1_tl_104" custom="readingOrder {index:103;}">
                <Coords points="769,2905 787,2907 836,2885 875,2887 890,2896 903,2887 949,2892 970,2885 990,2896 990,2853 973,2846 899,2861 875,2855 806,2861 769,2853"/>
                <Baseline points="781,2883 807,2883 834,2883 861,2883 888,2881 915,2880 942,2880 969,2880 996,2880"/>
                <TextEquiv>
                    <Unicode>for herself.</Unicode>
                </TextEquiv>
            </TextLine>
            <TextLine id="tr_1_tl_105" custom="readingOrder {index:104;}">
                <Coords points="806,2922 2501,2892 2479,2857 1258,2883 1180,2849 806,2894"/>
                <Baseline points="817,2912 901,2912 985,2911 1070,2909 1154,2907 1238,2906 1323,2903 1407,2903 1491,2903 1576,2902 1660,2898 1744,2898 1829,2895 1913,2895 1997,2892 2082,2889 2166,2888 2250,2886 2335,2886 2419,2886 2504,2883"/>
                <TextEquiv>
                    <Unicode>Are you one of the women who have not building supplies breakfast rice bread to the</Unicode>
                </TextEquiv>
            </TextLine>
            <TextLine id="tr_1_tl_106" custom="readingOrder {index:105;}">
                <Coords points="1636,2935 2488,2924 2488,2890 2364,2885 1636,2907"/>
                <Baseline points="1647,2927 1689,2927 1731,2930 1773,2927 1816,2927 1858,2924 1900,2924 1942,2924 1985,2922 2027,2921 2069,2921 2111,2921 2154,2921 2196,2921 2238,2920 2280,2918 2323,2919 2365,2920 2407,2918 2449,2918 2492,2915"/>
                <TextEquiv>
                    <Unicode>tenants three times a week, orders being given</Unicode>
                </TextEquiv>
            </TextLine>
            <TextLine id="tr_1_tl_107" custom="readingOrder {index:106;}">
                <Coords points="763,2950 804,2959 877,2948 906,2963 927,2950 1143,2948 1143,2916 1130,2913 1087,2926 981,2911 966,2926 914,2926 895,2913 836,2928 763,2907"/>
                <Baseline points="775,2948 801,2945 828,2945 855,2945 881,2945 908,2945 935,2945 962,2945 988,2944 1015,2942 1042,2942 1068,2942 1095,2942 1122,2941 1149,2939"/>
                <TextEquiv>
                    <Unicode>been down to see it</Unicode>
                </TextEquiv>
            </TextLine>
            <TextLine id="tr_1_tl_108" custom="readingOrder {index:107;}">
                <Coords points="806,2987 1604,3006 1742,2961 2490,2961 2447,2922 1480,2916 806,2957"/>
                <Baseline points="817,2975 900,2978 984,2977 1068,2978 1152,2975 1236,2972 1320,2972 1404,2967 1488,2969 1572,2968 1656,2962 1739,2960 1823,2957 1907,2957 1991,2955 2075,2954 2159,2952 2243,2951 2327,2950 2411,2948 2495,2951"/>
                <TextEquiv>
                    <Unicode>Will you be one of the women to come and a day in advance. She charges 15 and 20 cents</Unicode>
                </TextEquiv>
            </TextLine>
            <TextLine id="tr_1_tl_109" custom="readingOrder {index:108;}">
                <Coords points="1645,3006 2501,3008 2501,2952 1645,2974"/>
                <Baseline points="1656,2996 1698,2993 1741,2993 1783,2993 1826,2993 1868,2993 1911,2991 1953,2988 1996,2989 2038,2990 2081,2989 2124,2987 2166,2986 2209,2984 2251,2984 2294,2984 2336,2985 2379,2987 2421,2984 2464,2984 2507,2981"/>
                <TextEquiv>
                    <Unicode>per dozen, according to size. Following is her</Unicode>
                </TextEquiv>
            </TextLine>
            <TextLine id="tr_1_tl_110" custom="readingOrder {index:109;}">
                <Coords points="739,3030 785,3024 810,3034 823,3021 864,3030 888,3019 921,3028 953,3017 986,3045 1033,3047 1033,2985 955,2980 899,2995 791,2980 765,3000 739,3000"/>
                <Baseline points="752,3017 778,3016 804,3015 830,3014 856,3014 882,3012 908,3011 934,3011 960,3011 986,3011 1012,3011 1038,3011"/>
                <TextEquiv>
                    <Unicode>see it today!</Unicode>
                </TextEquiv>
            </TextLine>
            <TextLine id="tr_1_tl_111" custom="readingOrder {index:110;}">
                <Coords points="1636,3047 1662,3047 1677,3034 1703,3030 1735,3039 1753,3030 1781,3034 1790,3026 1820,3026 1820,3006 1790,3008 1781,3000 1761,2998 1733,3006 1716,2991 1684,3008 1679,3002 1636,3006"/>
                <Baseline points="1647,3029 1672,3026 1698,3023 1723,3023 1749,3023 1774,3023 1800,3023 1826,3023"/>
                <TextEquiv>
                    <Unicode>recipe:</Unicode>
                </TextEquiv>
            </TextLine>
            <TextLine id="tr_1_tl_112" custom="readingOrder {index:111;}">
                <Coords points="1671,3060 2496,3050 2472,3002 1671,3034"/>
                <Baseline points="1683,3053 1723,3055 1764,3056 1805,3055 1846,3053 1887,3052 1928,3050 1969,3050 2010,3050 2051,3050 2092,3047 2132,3047 2173,3047 2214,3047 2255,3047 2296,3047 2337,3047 2378,3046 2419,3043 2460,3041 2501,3041"/>
                <TextEquiv>
                    <Unicode>One pint of well cooked rice, half pint of</Unicode>
                </TextEquiv>
            </TextLine>
            <TextLine id="tr_1_tl_113" custom="readingOrder {index:112;}">
                <Coords points="1634,3101 2498,3082 2498,3052 2447,3043 1636,3065"/>
                <Baseline points="1647,3086 1689,3089 1732,3089 1775,3087 1818,3086 1861,3084 1904,3083 1946,3083 1989,3083 2032,3083 2075,3082 2118,3080 2161,3079 2204,3077 2246,3077 2289,3077 2332,3077 2375,3077 2418,3074 2461,3074 2504,3071"/>
                <TextEquiv>
                    <Unicode>flour, volks of four eggs, two tablespoonsuls</Unicode>
                </TextEquiv>
            </TextLine>
            <TextLine id="tr_1_tl_114" custom="readingOrder {index:113;}">
                <Coords points="1645,3132 2496,3117 2496,3080 1645,3097"/>
                <Baseline points="1656,3121 1698,3121 1740,3118 1782,3118 1825,3118 1867,3115 1909,3115 1951,3113 1994,3112 2036,3112 2078,3112 2120,3110 2163,3110 2205,3111 2247,3109 2289,3109 2332,3109 2374,3108 2416,3106 2458,3106 2501,3106"/>
                <TextEquiv>
                    <Unicode>of melted butter, one pint of milk, and a half</Unicode>
                </TextEquiv>
            </TextLine>
            <TextLine id="tr_1_tl_115" custom="readingOrder {index:114;}">
                <Coords points="1645,3155 2492,3142 2492,3112 1645,3129"/>
                <Baseline points="1656,3154 1698,3151 1740,3151 1782,3148 1824,3148 1866,3148 1908,3146 1950,3145 1992,3145 2034,3143 2077,3142 2119,3142 2161,3142 2203,3142 2245,3142 2287,3141 2329,3139 2371,3139 2413,3139 2455,3136 2498,3139"/>
                <TextEquiv>
                    <Unicode>teaspoon of salt. Beat these all together, then,</Unicode>
                </TextEquiv>
            </TextLine>
            <TextLine id="tr_1_tl_116" custom="readingOrder {index:115;}">
                <Coords points="1638,3188 2498,3177 2498,3149 2425,3142 1640,3162"/>
                <Baseline points="1650,3181 1692,3184 1735,3184 1778,3184 1820,3182 1863,3179 1906,3176 1948,3177 1991,3178 2034,3176 2077,3175 2119,3174 2162,3172 2205,3172 2247,3172 2290,3173 2333,3174 2375,3172 2418,3169 2461,3169 2504,3166"/>
                <TextEquiv>
                    <Unicode>lastly, add the whites of the four eggs, which</Unicode>
                </TextEquiv>
            </TextLine>
            <TextLine id="tr_1_tl_117" custom="readingOrder {index:116;}">
                <Coords points="1640,3238 2492,3207 2470,3173 1640,3190"/>
                <Baseline points="1653,3217 1695,3217 1737,3214 1779,3214 1822,3211 1864,3211 1906,3209 1948,3208 1991,3208 2033,3208 2075,3208 2117,3206 2160,3206 2202,3207 2244,3204 2286,3204 2329,3207 2371,3202 2413,3202 2455,3202 2498,3199"/>
                <TextEquiv>
                    <Unicode>have been beaten to a stiff froth. Bake in</Unicode>
                </TextEquiv>
            </TextLine>
            <TextLine id="tr_1_tl_118" custom="readingOrder {index:117;}">
                <Coords points="1649,3255 2496,3240 2496,3207 2451,3203 1649,3227"/>
                <Baseline points="1662,3250 1706,3246 1750,3244 1794,3244 1838,3244 1882,3243 1926,3241 1971,3241 2015,3241 2059,3241 2103,3238 2147,3238 2191,3238 2236,3238 2280,3235 2324,3235 2368,3232 2412,3232 2456,3232 2501,3235"/>
                <TextEquiv>
                    <Unicode>shallow pans or in gem tins. Serve warm.</Unicode>
                </TextEquiv>
            </TextLine>
            <TextLine id="tr_1_tl_119" custom="readingOrder {index:118;}">
                <Coords points="1647,3289 1952,3274 2053,3307 2163,3274 2498,3281 2498,3240 2373,3233 1647,3255"/>
                <Baseline points="1659,3277 1701,3280 1743,3280 1785,3277 1828,3277 1870,3274 1912,3274 1954,3274 1997,3274 2039,3274 2081,3274 2123,3272 2166,3270 2208,3268 2250,3268 2292,3267 2335,3265 2377,3266 2419,3268 2461,3268 2504,3265"/>
                <TextEquiv>
                    <Unicode>This rice bread makes a pleasing variety at</Unicode>
                </TextEquiv>
            </TextLine>
            <TextLine id="tr_1_tl_120" custom="readingOrder {index:119;}">
                <Coords points="2131,3307 2423,3307 2423,3272 2308,3268 2282,3281 2163,3274 2131,3283"/>
                <Baseline points="2142,3300 2168,3300 2194,3300 2220,3300 2246,3300 2272,3300 2298,3300 2324,3298 2350,3297 2376,3297 2402,3297 2429,3297"/>
                <TextEquiv>
                    <Unicode>MRS. R. BINSON,</Unicode>
                </TextEquiv>
            </TextLine>
            <TextLine id="tr_1_tl_121" custom="readingOrder {index:120;}">
                <Coords points="1645,3328 1692,3333 1718,3315 1872,3335 1902,3311 2010,3313 2010,3289 1949,3274 1902,3289 1848,3287 1835,3274 1794,3289 1735,3281 1712,3296 1645,3289"/>
                <Baseline points="1656,3312 1681,3312 1707,3312 1732,3310 1758,3309 1783,3309 1809,3308 1835,3306 1860,3306 1886,3306 1911,3304 1937,3303 1962,3303 1988,3303 2014,3303"/>
                <TextEquiv>
                    <Unicode>the breakfast table.</Unicode>
                </TextEquiv>
            </TextLine>
            <TextLine id="tr_1_tl_122" custom="readingOrder {index:121;}">
                <Coords points="1906,3343 2306,3337 2438,3359 2477,3341 2477,3309 2453,3298 2155,3313 2068,3292 1906,3313"/>
                <Baseline points="1919,3336 1947,3336 1975,3336 2003,3335 2031,3333 2059,3333 2087,3333 2115,3333 2143,3333 2171,3333 2199,3333 2227,3332 2255,3330 2283,3330 2311,3330 2339,3330 2367,3329 2395,3327 2423,3329 2451,3330 2480,3330"/>
                <TextEquiv>
                    <Unicode>601 South Forty-fifth avenue, Chicago.</Unicode>
                </TextEquiv>
            </TextLine>
            <TextLine id="tr_1_tl_123" custom="readingOrder {index:122;}">
                <Coords points="1930,3423 1984,3430 2006,3417 2025,3432 2055,3408 2077,3406 2127,3423 2179,3415 2226,3428 2228,3361 2194,3352 2137,3376 2066,3365 2023,3382 1965,3356 1932,3356"/>
                <Baseline points="1942,3411 1968,3408 1994,3408 2021,3408 2047,3408 2073,3407 2100,3405 2126,3405 2152,3405 2179,3405 2205,3405 2232,3405"/>
                <TextEquiv>
                    <Unicode>Opera Creams.</Unicode>
                </TextEquiv>
            </TextLine>
            <TextLine id="tr_1_tl_124" custom="readingOrder {index:123;}">
                <Coords points="1692,3473 2501,3449 2485,3402 1692,3423"/>
                <Baseline points="1704,3456 1744,3456 1784,3456 1824,3454 1864,3453 1904,3451 1944,3450 1985,3450 2025,3449 2065,3447 2105,3447 2145,3447 2185,3447 2225,3447 2266,3447 2306,3445 2346,3444 2386,3444 2426,3443 2466,3441 2507,3441"/>
                <TextEquiv>
                    <Unicode>nybody desirons of making money at home</Unicode>
                </TextEquiv>
            </TextLine>
            <TextLine id="tr_1_tl_125" custom="readingOrder {index:124;}">
                <Coords points="1692,3501 2496,3486 2496,3449 2405,3445 1692,3473"/>
                <Baseline points="1704,3491 1743,3488 1783,3488 1823,3485 1863,3485 1903,3483 1943,3482 1982,3482 2022,3482 2062,3482 2102,3482 2142,3480 2182,3480 2222,3480 2261,3480 2301,3480 2341,3479 2381,3477 2421,3476 2461,3474 2501,3471"/>
                <TextEquiv>
                    <Unicode>make opera creams, one of the most deli¬</Unicode>
                </TextEquiv>
            </TextLine>
            <TextLine id="tr_1_tl_126" custom="readingOrder {index:125;}">
                <Coords points="1686,3534 2498,3519 2477,3480 1686,3503"/>
                <Baseline points="1698,3518 1738,3518 1778,3518 1818,3518 1859,3518 1899,3517 1939,3516 1980,3517 2020,3515 2060,3515 2101,3512 2141,3512 2181,3512 2221,3512 2262,3510 2302,3509 2342,3509 2383,3508 2423,3506 2463,3506 2504,3503"/>
                <TextEquiv>
                    <Unicode>s confections, and can easily be sold for</Unicode>
                </TextEquiv>
            </TextLine>
            <TextLine id="tr_1_tl_127" custom="readingOrder {index:126;}">
                <Coords points="1701,3555 2501,3549 2501,3519 2444,3510 1703,3534"/>
                <Baseline points="1713,3554 1752,3551 1792,3551 1831,3551 1871,3548 1910,3548 1950,3548 1989,3548 2029,3547 2068,3545 2108,3545 2148,3545 2187,3545 2227,3545 2266,3543 2306,3542 2345,3542 2385,3542 2424,3541 2464,3539 2504,3536"/>
                <TextEquiv>
                    <Unicode>to 50 cents a pound. This recipe makes a</Unicode>
                </TextEquiv>
            </TextLine>
            <TextLine id="tr_1_tl_128" custom="readingOrder {index:127;}">
                <Coords points="1668,3592 2209,3618 2256,3588 2498,3586 2498,3547 2466,3544 1668,3557"/>
                <Baseline points="1680,3587 1721,3584 1762,3584 1803,3584 1844,3584 1886,3584 1927,3584 1968,3581 2009,3581 2050,3581 2092,3581 2133,3579 2174,3578 2215,3578 2256,3578 2298,3577 2339,3575 2380,3575 2421,3575 2462,3575 2504,3575"/>
                <TextEquiv>
                    <Unicode>und and a quarter, the material costing only</Unicode>
                </TextEquiv>
            </TextLine>
            <TextLine id="tr_1_tl_129" custom="readingOrder {index:128;}">
                <Coords points="1660,3631 1701,3622 1744,3631 1751,3624 1755,3629 1841,3624 1841,3596 1777,3596 1766,3590 1755,3598 1731,3594 1716,3603 1697,3590 1660,3592"/>
                <Baseline points="1671,3617 1699,3617 1728,3617 1757,3617 1786,3617 1815,3616 1844,3614"/>
                <TextEquiv>
                    <Unicode>15 cent:</Unicode>
                </TextEquiv>
            </TextLine>
            <TextLine id="tr_1_tl_130" custom="readingOrder {index:129;}">
                <Coords points="1690,3657 2514,3646 2514,3588 2485,3586 2336,3620 1893,3596 1820,3627 1690,3622"/>
                <Baseline points="1701,3653 1741,3650 1782,3650 1823,3649 1864,3647 1905,3647 1946,3647 1986,3647 2027,3647 2068,3644 2109,3644 2150,3644 2191,3642 2232,3641 2272,3641 2313,3641 2354,3641 2395,3640 2436,3638 2477,3638 2518,3635"/>
                <TextEquiv>
                    <Unicode>Chocolate Opera Creams Melt together</Unicode>
                </TextEquiv>
            </TextLine>
            <TextLine id="tr_1_tl_131" custom="readingOrder {index:130;}">
                <Coords points="1653,3691 2509,3681 2481,3644 1653,3646"/>
                <Baseline points="1665,3682 1707,3682 1750,3682 1792,3682 1835,3680 1877,3679 1920,3679 1962,3679 2005,3679 2047,3677 2090,3676 2132,3676 2175,3676 2217,3675 2260,3674 2302,3673 2345,3672 2387,3674 2430,3671 2472,3671 2515,3671"/>
                <TextEquiv>
                    <Unicode>slowly two cups sugar, three-fourth cup milk,</Unicode>
                </TextEquiv>
            </TextLine>
            <TextLine id="tr_1_tl_132" custom="readingOrder {index:131;}">
                <Coords points="1656,3720 2425,3722 2509,3707 2511,3683 1656,3689"/>
                <Baseline points="1668,3718 1710,3715 1752,3715 1795,3712 1837,3712 1879,3712 1922,3712 1964,3710 2006,3709 2049,3709 2091,3709 2133,3709 2176,3709 2218,3708 2260,3706 2303,3705 2345,3703 2387,3703 2430,3703 2472,3703 2515,3700"/>
                <TextEquiv>
                    <Unicode>two squares bitter chocolate, Boil for four</Unicode>
                </TextEquiv>
            </TextLine>
            <TextLine id="tr_1_tl_133" custom="readingOrder {index:132;}">
                <Coords points="1653,3758 2509,3750 2509,3709 1653,3722"/>
                <Baseline points="1665,3748 1707,3748 1750,3745 1792,3748 1835,3746 1877,3745 1920,3743 1962,3742 2005,3742 2047,3742 2090,3742 2132,3742 2175,3741 2217,3739 2260,3739 2302,3738 2345,3736 2387,3736 2430,3736 2472,3736 2515,3736"/>
                <TextEquiv>
                    <Unicode>minutes, favor with vanilla, and put in a cold</Unicode>
                </TextEquiv>
            </TextLine>
            <TextLine id="tr_1_tl_134" custom="readingOrder {index:133;}">
                <Coords points="1653,3797 2494,3782 2511,3748 1653,3758"/>
                <Baseline points="1665,3781 1707,3781 1750,3781 1792,3778 1835,3778 1877,3778 1920,3778 1962,3776 2005,3775 2047,3775 2090,3775 2132,3774 2175,3772 2217,3772 2260,3771 2302,3769 2345,3769 2387,3769 2430,3769 2472,3766 2515,3763"/>
                <TextEquiv>
                    <Unicode>place. Do not touch until the mixture is ab¬</Unicode>
                </TextEquiv>
            </TextLine>
            <TextLine id="tr_1_tl_135" custom="readingOrder {index:134;}">
                <Coords points="1656,3821 2501,3808 2501,3778 2410,3774 1656,3793"/>
                <Baseline points="1668,3814 1712,3811 1756,3810 1800,3808 1844,3809 1888,3810 1932,3808 1977,3809 2021,3811 2065,3808 2109,3805 2153,3805 2197,3805 2242,3805 2286,3805 2330,3802 2374,3802 2418,3802 2462,3799 2507,3799"/>
                <TextEquiv>
                    <Unicode>solutely cold. Then beat until it becomes re¬</Unicode>
                </TextEquiv>
            </TextLine>
            <TextLine id="tr_1_tl_136" custom="readingOrder {index:135;}">
                <Coords points="1647,3864 2514,3856 2496,3804 1647,3819"/>
                <Baseline points="1659,3844 1704,3846 1749,3845 1794,3844 1839,3844 1885,3841 1930,3841 1975,3841 2020,3844 2065,3841 2111,3841 2156,3841 2201,3841 2246,3838 2291,3835 2337,3838 2382,3838 2427,3835 2472,3832 2518,3835"/>
                <TextEquiv>
                    <Unicode>sistant and creamy. Pour in greased pan and</Unicode>
                </TextEquiv>
            </TextLine>
            <TextLine id="tr_1_tl_137" custom="readingOrder {index:136;}">
                <Coords points="1647,3886 2001,3888 2001,3854 1980,3849 1647,3862"/>
                <Baseline points="1659,3879 1685,3877 1712,3876 1738,3876 1765,3876 1792,3876 1818,3876 1845,3876 1871,3876 1898,3874 1925,3873 1951,3873 1978,3874 2005,3876"/>
                <TextEquiv>
                    <Unicode>mark into squares.</Unicode>
                </TextEquiv>
            </TextLine>
            <TextLine id="tr_1_tl_138" custom="readingOrder {index:137;}">
                <Coords points="1694,3923 2505,3908 2507,3875 2414,3856 1697,3886"/>
                <Baseline points="1707,3909 1747,3909 1787,3909 1827,3907 1868,3908 1908,3908 1948,3906 1989,3906 2029,3906 2069,3906 2110,3903 2150,3900 2190,3900 2230,3900 2271,3898 2311,3898 2351,3899 2392,3897 2432,3897 2472,3897 2513,3897"/>
                <TextEquiv>
                    <Unicode>Vanilla Opera Creams. Two cups sugar,</Unicode>
                </TextEquiv>
            </TextLine>
            <TextLine id="tr_1_tl_139" custom="readingOrder {index:138;}">
                <Coords points="1653,3953 2509,3944 2509,3910 2470,3903 1900,3925 1653,3903"/>
                <Baseline points="1665,3942 1707,3942 1750,3942 1792,3942 1835,3940 1877,3941 1920,3940 1962,3939 2005,3939 2047,3937 2090,3936 2132,3936 2175,3936 2217,3935 2260,3934 2302,3935 2345,3933 2387,3933 2430,3933 2472,3930 2515,3936"/>
                <TextEquiv>
                    <Unicode>three fourth cup cream, and boil five minutes,</Unicode>
                </TextEquiv>
            </TextLine>
            <TextLine id="tr_1_tl_140" custom="readingOrder {index:139;}">
                <Coords points="1653,3998 1735,3985 1798,4009 1874,3985 2060,3988 2077,3970 2226,3979 2226,3949 2192,3938 1653,3951"/>
                <Baseline points="1665,3981 1693,3978 1721,3978 1750,3978 1778,3978 1806,3977 1835,3975 1863,3975 1891,3975 1920,3975 1948,3973 1976,3972 2005,3972 2033,3972 2061,3971 2090,3970 2118,3969 2146,3969 2175,3969 2203,3969 2232,3969"/>
                <TextEquiv>
                    <Unicode>then add one traspoon vanilla.</Unicode>
                </TextEquiv>
            </TextLine>
            <TextLine id="tr_1_tl_141" custom="readingOrder {index:140;}">
                <Coords points="2066,4011 2200,4016 2267,4011 2280,3998 2306,4016 2386,4000 2442,4007 2442,3975 2369,3977 2287,3944 2259,3944 2220,3977 2066,3972"/>
                <Baseline points="2077,3999 2103,4000 2129,4002 2156,4002 2182,4002 2209,4002 2235,4001 2262,3999 2288,3998 2314,3996 2341,3996 2367,3996 2394,3996 2420,3996 2447,3996"/>
                <TextEquiv>
                    <Unicode>M. M. A. MUNSON,</Unicode>
                </TextEquiv>
            </TextLine>
            <TextLine id="tr_1_tl_142" custom="readingOrder {index:141;}">
                <Coords points="1960,4042 2488,4042 2475,4000 2103,4016 2042,3981 1960,3990"/>
                <Baseline points="1972,4038 1998,4035 2024,4037 2050,4038 2076,4036 2102,4034 2128,4032 2154,4033 2180,4035 2206,4035 2232,4034 2258,4033 2284,4032 2310,4032 2336,4030 2362,4029 2388,4029 2414,4029 2440,4029 2466,4029 2492,4029"/>
                <TextEquiv>
                    <Unicode>15 Styre avenue, a Part.</Unicode>
                </TextEquiv>
            </TextLine>
            <TextEquiv>
                <Unicode></Unicode>
            </TextEquiv>
        </TextRegion>
    </Page>
</PcGts>
