3344 4256
274 170 651 272 4.9. Ana
1382 172 1751 264 box 9/1
726 172 1193 285 Zyklu-
729 803 1415 918 Bitte, Rückseite beachten!
1280 861 1604 966 Telephon 11.1891.
678 953 1405 1111 „OBSERVER
524 1096 1602 1180 1. österr. behördl. konz. Unternehmen für Zeitungs-Ausschnitte
683 1145 1489 1237 Wien, I., Concordiaplatz 4.
873 1225 1273 1300 Vertretungen
536 1267 1600 1352 in Berlin, Budapest, Chicago, Christiania, Genf, Kopen¬
542 1328 1600 1395 hagen, London, Madrid, Mailand, Minneapolis, New-York,
581 1375 1555 1453 Paris, Rom, San Francisco, Stockholm, St. Petersburg.
539 1438 1502 1560 Mutter
536 1505 868 1614 2
921 1517 1408 1649 der dort
542 1570 657 1645 vom
419 1720 1682 1821 This public is practically ignorant of the work of Arthur Schnitzler.
362 1757 1677 1882 In Vienna he is extremely postular. That is perhaps the best excuse for
355 1804 1672 1917 the production "The Affairs of Anatole at the Little Theatre. And "The
355 1862 1620 1962 Affairs provide a good deal of amusement more perhaps than one
352 1912 1660 2008 expect in the average evenings entertainment. There are five little scer
349 1956 1654 2034 each complete in itself, and each dealing with one of the love affairs
354 1987 1609 2109 Viennese Don Juan called Anatol. The third, which has to do with
344 2043 1687 2168 lady of the chorus, is by all odds the best; the dialogue rises to the leve¬
354 2134 1247 2216 real comedy, and the acting of Miss Doris Keane
357 2209 1248 2263 makes the scene stand out in high relief against the
355 2253 1248 2321 rather drab background of the rest. The last of
359 2300 1247 2360 the "Affairs is also amusing in a more boister¬
354 2355 1240 2405 ous way. Anatol is Don Juan still to the morning
355 2386 1674 2446 of his wedding day. It goes without saying that the original scenes have
360 2428 1670 2490 been smoothed down a trifle to meet American requirements, and some¬
355 2475 1674 2545 thing of the farce comedy has been lost. But at his best Schnitzler is
355 2515 1675 2580 hardly the genius that he is sometimes supposed to be. It is a case of
357 2570 1674 2640 distance lending enchantment. His work may have suffered a little in the
924 2618 1677 2707 station, but he could not complain
950 2668 1674 2717 otherwise of his treatment at the hands
951 2715 1675 2777 of Mr. Ames. The cast is excellent. Mr.
960 2763 1675 2817 Barrymore is just as much at home in
960 2807 1675 2875 this more subtle kind of farce comedy
963 2852 1679 2912 as he has been in the rather childish
960 2899 1675 2954 kind of farce to which his managers
958 2945 1672 3000 have hitherto condemned him. His man¬
960 2995 1672 3052 ner is delightfully natural and his per¬
960 3039 1670 3092 sonality makes an almost intolerable
960 3086 1675 3139 part thoroughly tolerable. The parts of
958 3129 1675 3181 the various charmers were lavishly cast
960 3172 1679 3234 by Mr. Ames. Miss Marguerite Clark
960 3227 1610 3282 and Miss Gail Kane have little to do
966 3261 1519 3334 they do it most becomingly. M
963 3311 1480 3371 Kane carries off the acting
960 3354 1445 3421 the occasion; while Miss K
960 3401 1433 3453 met in a quiet scene and
963 3449 1428 3516 Lee in a noisy one fill th
960 3494 1318 3554 most satisfactorily.
2164 1160 2845 1282 Bitte, Rückseite beachten!
2703 1222 3042 1313 Telephon 12.01.
2248 1323 2632 1482 OBSER
2101 1397 2221 1474 —
1981 1432 3054 1547 I. österr. behördl. konz. Unternehmen für Zeitungs-Ausschnitte
2123 1517 2934 1622 Wien, I., Concordiaplatz 4.
2325 1590 2718 1674 Vortretungen
1991 1627 3064 1739 in Berlin, Budapest, Chicago, Christiania, Genf, Kopen¬
1997 1679 3057 1787 hagen, London, Madrid, Mailand, Minneapolis, New-York,
2039 1717 3019 1811 Paris, Rom, San Francisco, Stockholm, St. Petersburg.
1996 1762 3009 1949 in unter der
2133 1837 2990 2019 te er soll
2006 1951 2136 2048 vom
2171 2143 2922 2218 The Affairs of Anatol, Arthur Schnitt¬
2136 2186 2915 2258 zlers delightful satien on view at the
2133 2231 2912 2305 Little Theatre, has caught the fancy of the
2148 2271 2915 2351 public with its wit and humor. John Bar¬
2144 2313 2917 2386 rymore as Anatol, the volatile young man
2144 2356 2920 2426 to whom to be in love is life, has never had
2144 2396 2919 2468 a role which fitted him so well or in which
2146 2441 2915 2518 he shone to better advantage. In the inter¬
2151 2481 2924 2555 pretation of the five episodes of the comedy
2144 2521 2924 2598 he has the aid of five leading women, who
2143 2572 2924 2640 appear, episodically, in this order: Mar¬
2154 2608 2927 2678 guerite Clark, Gail Kane, Doris cane,
2154 2653 2930 2713 Katherine Emmet and Isabelle Lee. Os¬
2158 2685 2939 2775 wald Yorke appears as Anatol’s satiric
2151 2745 2378 2820 friend Max.
