3436 4224
422 84 1375 171 im Tone, nicht behäbig und weitspurig in der Satz¬
427 133 1380 222 anlage. Schnitzler ist eine Sache für sich, also will er
425 188 1385 263 auch eine Darstellung für sich, eine Interpretation,
1703 169 1976 270 4.9.
2058 164 2659 297 atol Zyklus
427 236 1385 318 durch die er verstanden werden kann. Schnitzler ist
427 292 1385 364 weder Pose noch Posse. Schnitzler ist Geist. Man
437 323 1392 417 muß, will man ihn wirklich herauskriegen, ganz
437 379 1394 468 radikal brechen mit der üblichen Lustspiel- oder
437 439 1397 514 Possen=Schablone. Es ist bei Schnitzler unmöglich,
444 478 1397 562 daß sich — (nur einige Beispiele!) — zwei Freunde
444 521 1397 606 vom Schlage des Anatol und des Max, zwei Menschen
444 574 1397 668 also von stilisierten Salonmanieren und raffinierter
446 622 1402 707 Großstadtkultur, umarmen, indem sie sich dabei laut
449 668 1404 755 hörbar gegenseitig auf die Rücken klopfen und sich, wie
449 724 1397 806 tanzend, einmal rund herum drehen, wie es Operet¬
456 765 1411 852 tenmenschen nun mögen, wenn sie sich umarmen. Es ist
449 827 1409 907 bei Schnitzler unmöglich, daß man irgend etwas über¬
458 866 1404 955 haupt, geschweige denn die Schlußworte des Max in
461 912 1409 999 der „Frage an das Schicksal", mit schalthaftem Augen¬
463 967 1419 1054 zwinkern ins Publikum hineinspricht, als handle es
468 1008 1421 1103 sich da mehr um eine populäre Fußnote, die der
470 1066 1419 1163 Dichter an sich selber anfügt, um allenfalls auf der
1580 1160 2531 1218 lösen trachten. Wenn ein Mensch einen defekten An¬
603 1136 1549 1221 Galerie deutlichen verstanden zu werden. Es ist
1583 1199 2533 1267 zug, zerrissene Schuhe und keinen reinen Halskragen
598 1216 1549 1286 bei Schnitzler unmöglich, daß irgend jemand irgend
1583 1254 2536 1312 hat, und er zieht dann noch zwei funkelnd mit Benzin
603 1257 1549 1327 etwas so unsein belacht, daß er sich ausdrücklich vor
598 1300 2533 1370 Lachen biegt und dabei immer aus zusammengepreßten geputzte Handschuhe an, dann sieht eben dieser merk¬
1583 1351 2536 1414 würdige Mensch — noch viel schäbiger aus. „Dieses
606 1358 1551 1419 Lippen das obligate „Pff hören läßt. Das könnte
610 1399 2531 1474 den selbstverständlich unbeabsichtigten Eindruck er¬eich Euch zum Gleichnis.“ Wenn man in die
1580 1438 2531 1505 Wiener Kärntnerstraße zwei Beleuchtungskandelaber
601 1462 1554 1522 wecken, als gälte dieses Lachen einer eben vorgebrach¬
1587 1491 2531 1556 hineinstellt, die Mähr.=Neustadt zurückgewiesen hätte
598 1508 1551 1561 ten Zote, ein Eindruck, der natürlicherweise noch be¬
1587 1539 2538 1607 zu einer Zeit, da es noch mit Petroleum beleuchtet
598 1551 1556 1612 deutend dadurch erhöht werden müßte, daß sich der
1583 1595 2543 1662 war, dann macht man diese Kandelaber eben zu jener
1066 1602 1558 1682 wie dies vorgestern Herr
603 1612 1020 1682 betreffende Darsteller
1592 1640 2538 1708 Heine'schen Lampe, die nur da ist, um die Dunkelheit
603 1655 1558 1730 Alexander Spalke tat — einigemale quietschver¬
613 1689 2543 1771 gnügt auf die Oberschenkel schlüge, wie er sich so voor recht zu zeigen“. Erst in dieser Beleuchtung sahen
1592 1739 2545 1797 wir die trostlose Dürftigkeit dieser Kärntnerstraße.
613 1751 1563 1812 Lachen biegt . . . Nein, hier gibt es keine Looten!
610 1788 2543 1865 Es ist bei Schnitzler unmöglich, daß sich die Anni aus Ohne sie wären wir wie mit einer Blindheit geschlagen
1590 1836 2543 1928 gewesen, in der wir von Innen heraus das Werk
603 1848 1558 1913 dem „Abschiedsforper als eine Art von fescher Förster¬
1592 1896 1976 1961 besser gesehen hätten.
610 1899 1561 1954 Christl gibt, die jeden stärkeren Seelen=Affekt dadurch
603 1949 1566 2024 pointiert, daß sie dabei mit der flachen Hand klatschig
603 1993 1566 2068 auf die Tischplatte schlägt, während der Max sein
1780 1981 2384 2094 Letzte Nachrichten.
610 2046 1568 2111 zotenhaftes „Pflacht und der Anatol wildver¬
610 2096 1532 2157 ärgert das Mädel mehr anbrüllt als anschreit.
610 2135 1563 2205 Zugegeben, daß dieses Mädchen aus der Vorstadt
615 2193 1568 2261 kommt, daß es nicht sehr gebildet, daß es aufgebracht
606 2241 1568 2292 und temperamentvoll und dazu ein wenig trunken ist!
610 2292 1568 2350 So der ist dieses Mädchen auf keinen Fall. Denn es
615 2340 1561 2405 handelt sich hier nicht um eines, das nur die Anlagen
615 2393 1571 2454 hat, nach einigen zehn oder zwanzig Jahren eine
610 2437 1563 2497 Xantippe zu werden Diese Anni hat auch ihre Tiefen
618 2495 1573 2552 Sie hat nicht nur Ungebundenheit und Aerger zu
618 2540 1571 2606 zeigen, sondern auch tiefste Verletztsein und Wehmut
618 2584 1571 2651 und — Schmerzen. Und gerade, weil der Alkohol ihre
613 2634 1573 2695 Hemmungen hinweggeräumt hat, muß sie aus dem
625 2680 1575 2748 frei gewordenen Unterbewußtsein heraus trotz aller
627 2731 1568 2794 Betrunkenheit das eifersüchtige, blutende, gequälte
618 2782 1573 2842 Herz aufleuchten lassen. Ihr Lachen muß jene schrille
613 2837 1573 2905 Höhe erträllern, von der aus es leicht in Tränen um¬
622 2878 1573 2938 schlagen könnte, und es würde der Figur nur zustatten
618 2934 1575 2994 kommen, würde sie mit einem zarten Anfluge leich¬
625 2982 1571 3037 tester Hysterie ausgestattet sein. Ich würde mich mit
622 3018 1573 3083 dem Fräulein Holstein nicht so viel beschäftigen,
622 3076 1573 3134 wenn ich nicht von ihrem Talente überzeugt wäre.
627 3122 1573 3180 Und jedem echten Talente wünsche ich aus ganzem
625 3172 1578 3235 Herzen, daß es zu seiner Zukunft lieber durch das
622 3221 1575 3286 peinigende Feuer der Kritik schlackenbefreit hervor¬
622 3271 1573 3324 käme, als daß es, verirrt und verwirrt durch unkom¬
625 3322 1575 3382 petente Applausstürme, den Weg verlieren sollte aus
615 3370 1578 3431 der künstlerischen Niederung zur Höhe. Das dem
625 3419 1575 3469 Talente. Dem Schnitzler'schen Genie jedoch den zweiten
622 3469 1575 3522 Wunsch er, der zur Kunst nicht erst erhoben zu werden
625 3513 1575 3573 braucht, möge nirgendwo zur Posse herabgedrückt wer¬
622 3558 1575 3616 den! — Seitdem ich die Olmützer Bühne und ihren
618 3609 1575 3669 kärglichen Ausstattungs=Apparat kenne, predige ich in
627 3660 1578 3732 einem fort, ein Prediger in der Wüste, den Regisseu¬
627 3698 1583 3766 ren, sie möchten doch die gewiß äußerst schwierigen
627 3754 1583 3831 szenischen Probleme mit äußerster Schlichtheit zu
2815 169 3180 268 box 9/2
