3344 4256
454 85 1232 158 rant? Where is the bright-faced
464 140 1234 229 populace that flocked on Sundays to
458 196 1224 275 Wiener Wald at the first excuse for
464 249 1234 340 Spring? Is Kreisler’s “Caprice Vien-
458 312 1234 387 noise mere fancy. And when you
452 371 1232 452 have studied the faces in the city of
454 419 1234 514 today you wonder most of all, was
452 470 1234 551 there ever a Vienna such as Dr.
448 519 1226 618 Arthur Schnitzler, physician, novel¬
448 602 1230 679 ist and playwright, pictured in his
458 654 1219 735 Anatole the Anatol of light
442 709 1226 792 hearted loves and delicate sorrows,
446 756 1232 853 to whom every day was new with
442 822 1226 895 hope, and who elevated the embar¬
446 867 1226 974 rassments of partings with the old
448 930 1082 1011 loves to such a graceful art?
496 988 1224 1070 Yet that Vienna must have existed
442 1035 1234 1124 once upon a time, lived and played
454 1098 1221 1177 with life and fashioned a city to its
444 1167 1217 1236 moods. For, although Anatole
442 1211 1223 1302 made its bow to the world over
440 1280 1221 1353 thirty years ago, it still lives even to
440 1335 1213 1410 the English reading public in Gran¬
442 1390 1217 1462 ville Barker's exquisite version, and
434 1446 1215 1523 in the memories of those who saw
434 1487 1215 1586 John Barrymore play it. Since there
429 1546 1215 1637 no Ibsen-like freight of social
431 1612 1209 1679 significance in these little come¬
436 1661 1217 1746 dies, what has kept them alive so
431 1714 571 1789 long?
470 1732 1217 1866 It, as it must be, there is in them the
395 1829 1205 1916 salt of truth, that Anatol once really
431 1894 1221 1979 lived, and with him his city, then
425 1943 1209 2036 it is a much changed Vienna today.
431 2005 1213 2080 The Ring, that girdle of boulevards
431 2066 1211 2149 that encircles the heart of the city,
423 2107 1209 2198 is still handsome in its way, ponder¬
429 2186 1209 2257 ous with palaces and public build¬
421 2232 1199 2317 ings, and is still immaculately clean.
429 2291 1209 2364 In their regal days their architecture
425 2350 1207 2419 was less expressive of Vienna than
419 2406 1209 2483 of a royalty that imitated Prussia.
425 2459 1195 2536 But now that these palaces are awk
423 2534 1203 2595 ward with soup kitchens and offices,
425 2577 1207 2656 and somewhat shabby for lack of
421 2633 1195 2702 paint and repairs, palaces and peo¬
433 2694 1197 2771 ple are more akin in mood. The out¬
427 2749 1209 2830 ward aspect of the world you see on
419 2789 1203 2884 the Ring during the day at night
415 2864 1197 2927 there are few people and fewer
419 2915 1203 2996 lights shows no remarkable pov¬
419 2972 1197 3049 erty, although beggars are plentiful
419 3034 1203 3101 and startlingly theatrical. But it is
419 3091 1191 3160 only the outward aspect of the city
421 3144 1195 3217 you see on the Ring the employed,
413 3201 1191 3278 and those who don't have to work,
413 3255 1195 3332 and foreigners. The real Vienna of
421 3316 1185 3387 today has little heart for the boule
421 3375 1191 3446 vards; and in the back reaches of the
415 3431 924 3504 city there is starvation.
452 3480 1197 3555 However, since Viennese must
407 3523 1187 3626 have cafés, you see them crowded.
411 3598 1197 3681 On the tables there is plenty of
409 3660 1197 3733 drinking water, a little weak choco¬
411 3715 1183 3792 late, spiritless beer, occasionally
415 3760 1193 3845 coffee, more often a substitute, and
403 3828 1191 3914 little or no sugar or milk. For those
1282 89 2058 166 Viennese know what it is to dress
2143 97 2862 170 perbly and the applause is gener¬
1286 142 2058 223 well. They glance through skipy
2240 158 2862 229 But it all sound hollow.
1282 203 2050 286 journals; paper costs enormously.
2172 184 2854 298 lething is not there. A Strauss
1276 263 2056 340 They comment occasionally on this
2204 267 2864 346 waltz you seldom hear. For
1282 318 2052 413 or that, and are mildly glad when
2153 330 2864 397 enna, like the rest of Europe, has
1276 371 1732 462 the music strikes up.
2105 393 2870 474 turned to the popular music of
1321 419 2052 517 In the biggest cafés there is
2094 436 2864 508 America; America, the young and
1272 500 2044 563 music; for musicians, like other pro¬
2095 506 2860 565 vital when Europe is so tired;
1276 541 2056 628 fessionals in Vienna, are plentiful
2094 545 2854 626 America so overflowing with bar¬
1272 606 2056 670 and to be had cheaply. I know of a
2095 608 2866 693 baric vitality that the jazz band is
1282 658 2054 721 leather goods buyer from America
2088 670 2858 747 its expression. Tunes that ran their
1272 713 2854 798 who hired a quintet from a sym- brief course in the United States two
1744 875 2388 1001 IN THIS ISSUE
1375 1021 2751 1144 ARTHUR SCHNITZLER INTERVIEWED IN MODERN VIENNA
1862 1118 2269 1207 By Joseph Gollamb
1521 1146 2603 1276 AN APPRAISAL OF THOMAS HARDVS PROSE
1384 1242 2741 1361 The oth birthday of the great English novelist occurred on June 2
1880 1307 2242 1394 By John Erskine
1386 1349 2751 1487 THE ORDEAL OF MARTIN, BY VAN WYCK BOOKS
1756 1442 2376 1537 Reviewed by Carl Van Doren
1396 1495 2759 1629 MES. WARRENS DAUGHTER, BY SIR HARRY JOHNSTON.
1760 1580 2348 1683 Reviewed by Wilson Follett
1592 1663 2522 1732 How CHESTERTON REGARDS DIVORCE
1823 1718 2293 1825 By Renée Darmstadter
1373 1801 2724 1906 HAVE D'HIGINS INTERVIEWED BY JOSEPH ANTHONY
1633 1868 2467 1985 TRADE UNIONS AND THE I. W. W.
1878 1949 2226 2048 By George Soule
1687 2005 2400 2125 ERA POUND THE INNOVATOR
1809 2097 2291 2188 By Herbert S. Gorman
1302 2133 2789 2253 Other contributions by WILL OLIVER STEVENS, ANOLD WHITRICE,
1523 2226 2564 2289 J. W. ROBERTSON SCOTT, J. RANKEN TOWS, etc.
1442 2275 2078 2364 BOOK SALES AND RARE BOOKS
2194 2283 2660 2384 THE READERS GUIDE
1302 2346 1734 2435 THE NEWEST BOOKS
1874 2319 2200 2451 TORRON Nous
2329 2346 2779 2449 THE LATERARY LOBET
1323 2536 2771 2682 The Novels of Thomas Hardy
1248 2646 2832 2793 June 2nd Marked the Eightieth Birthday of the
1639 2753 2459 2860 Wessex Master of Fiction
1878 2834 2212 2931 By John Erskine
1637 2893 2449 3000 Professor of Englisch, Columbia University
1244 2961 2024 3069 E popularity of Hardy's novels
2058 2970 2840 3061 tions of the village gossip without
1262 3036 2014 3117 is testimony to the lasting ap¬
2060 3049 2836 3126 altering them beyond recognition.
1258 3093 2020 3164 peal of melodrama. We all love a
2062 3101 2832 3184 His stories therefore can be paral¬
1238 3156 2026 3233 story, particularly when it concerns
2064 3166 2832 3239 leled easily in the common ruor of
1234 3198 2020 3277 our neighbors, and nothing is more
2066 3209 2840 3290 life. I call to mind one little town,
1238 3267 2009 3352 fundamental in the neighborly atti¬
2058 3269 2832 3356 set in hills far from Wessex moors.
1242 3318 2026 3409 tude than the faith that, were the
2064 3324 2836 3413 where you may hear of two doctors,
1234 3377 2014 3454 whole truth known, the quiet seem¬
2062 3385 2832 3462 father and son, who shared the same
1236 3444 2014 3500 ing history of men and women within
2066 3446 2828 3516 practice and through a strange error
1232 3494 2013 3573 a stone's throw of our door would
2064 3496 2826 3583 came to share the same blighted
1230 3547 2009 3620 yield something adventurous, eccen¬
2060 3553 2818 3634 reputation; the father one day
1236 3608 2009 3675 tric or scandalous. The village
2060 3612 2828 3687 visited a bedside, and gave the
1230 3670 2009 3729 gossip is the poor but serviceable
2054 3675 2824 3741 patient a powerful drug, and a few
1232 3727 2022 3786 minister to the perpetual curiosity of
2054 3731 2832 3820 hours later the son, unaware that his
1232 3778 2011 3845 this undying faith, and in English
2052 3780 2826 3851 father had been before him, visited
1224 3832 2014 3936 fiction Hardy glorifies the ministra¬
2153 3839 2722 3926 Montinued ea Page Thirteen.)
2911 105 3249 192 ing out down
2917 170 3243 245 people dragging
2907 225 3253 306 miles back to the
2907 278 3085 354 park de
2913 336 3075 409 pruuning
2909 395 3071 464 give the
2909 448 3006 521 twig
2909 561 3000 640 his
2907 672 3012 749 for
2905 739 2996 800 cau¬
2899 784 3000 855 num
2895 841 3002 918 is re
2887 899 3002 972 fore
2893 952 3002 1037 alive
2891 1017 2994 1088 any
2889 1082 2994 1144 grou¬
2897 1130 2994 1191 and
2891 1179 2990 1256 and
2887 1240 3002 1315 his
2889 1294 3008 1355 Het
2895 1339 2998 1416 cons
2891 1394 3002 1475 by a
2893 1462 2994 1527 Goe-
2891 1509 2994 1578 Geo¬
2891 1572 3002 1645 spear
2889 1629 3000 1695 well
2887 1693 2996 1762 the
2891 1740 3000 1813 shely
2887 1799 3000 1864 Thro
2887 1858 3000 1936 glim
2891 1922 3030 1987 ting
2882 1977 3004 2036 direc¬
2895 2024 3002 2101 Vien.
2885 2095 3047 2163 stove in
2884 2141 3053 2210 niture;
2876 2200 3061 2279 iums; f.
2887 2252 3028 2330 took t
2882 2317 3042 2380 ende ar-
2917 2368 3040 2441 The
2878 2425 3144 2502 the late 80
2872 2475 3071 2550 answerin
2876 2538 3095 2619 a time of
2882 2591 3085 2662 from the
2876 2645 3168 2727 clamoring for
2884 2712 3176 2783 charming you
2878 2763 3243 2844 and thrive. It w
2878 2816 3233 2915 the lighthearted.
2882 2880 3198 2953 living Vienna
2882 2933 3253 3014 imagination wa-
2887 2990 3211 3075 You mention
2876 3057 3231 3119 Strauss's music
2878 3103 3231 3186 melody through
2882 3156 3245 3239 door. It happen
2878 3221 3255 3296 sitions found favo¬
2882 3280 3245 3359 side. Vienna ha-
2884 3328 3229 3417 besides Strauss.
2872 3395 3237 3474 mood of a sunny
2870 3444 3245 3531 Sunday. Of cou
2882 3502 3235 3579 workaday world
2878 3553 3251 3646 Viennes. But it
2872 3618 3245 3685 week in the main
2870 3675 3245 3758 not very scarce¬
2870 3729 3241 3814 good light wines
2870 3804 3255 3883 And then, too, as
2994 3845 3249 3936 (Continued on
