3344 4256
174 117 688 247 4.9. Anato
1296 130 1660 254 box 9/5
671 134 1126 277 1 Zyklus
1406 738 3006 892 erlang Post
1289 918 2011 1109 BOOK.
2071 935 3016 1099 REVIEW
561 1259 902 1326 SIXTEEN PAGES
1677 1219 2642 1336 NEW YORK, SATURDAY, JUNE 5, 1920.
725 1369 2936 1553 Dr. Arthur Schnitzler on the Vienna
2969 1376 3123 1563 of
524 1536 3210 1707 The Gay and Carefree Vienna of "Anatol" Has Vanished like a Dream-Yet, in
1376 1663 2916 1780 Privations, the Viennese Spirit is Not Crushed
1917 1787 2385 1900 By Joseph Gollomb
872 1857 1276 1981 VIENNE, April 28.
1359 1890 2144 1974 who can afford it a single sardine on
2184 1877 2959 1987 phony orchestra to play for him a
2979 1890 3216 1991 and three
601 1954 1326 2041 OU look at this city and regret¬
1359 1957 2128 2041 a plate two is a double portion¬
2178 1971 2953 2037 whole evening in his hotel room.
2989 1971 3240 2047 clapping fi
554 2011 1319 2098 fully wonder. Was there ever a
1359 2024 2141 2094 with a dab of mustard if you are
2184 2024 2949 2108 With tips they cost him two and a
2986 2031 3243 2104 and some¬
538 2074 1319 2144 Vienna of the Strauss waltzes? Of
1359 2074 2141 2151 willing to pay for it. Of bread, even
2171 2081 2956 2161 half dollars, so low is the Austrian
2993 2077 3223 2161 they seem
531 2134 1316 2214 delectable cafés rivalling Paris,
1359 2128 2141 2198 the darkish mongrel kind, there is
2171 2134 2956 2201 krone. In the café you can have an
2983 2141 3230 2221 ness and y
534 2184 1313 2265 whose coffee and rosette-like rolls of
1353 2184 2134 2268 none, unless you are dining in some
2171 2194 2953 2258 excellent sketch in crayon made of
3036 2201 3233 2275 On Sund
541 2241 1309 2318 white flour sent the name Vienna
1349 2248 2144 2325 haunt of profiteers. The people sit
2989 2248 3213 2331 to Wiener
2174 2254 2946 2325 yourself for twenty cents; thirty for
531 2308 1316 2368 around the world? Were these
1353 2301 2134 2378 beside these nominal excuses for re¬
2174 2318 2943 2375 a caricature by a man who will show
2986 2311 3216 2385 gather wo
538 2361 1319 2428 boulevards ever gay at night with
1353 2365 2134 2442 freshments, looking a little con¬
2171 2368 2943 2445 you his work in the humorus weekly
2983 2361 3190 2442 once the
531 2415 1313 2492 lights and music from every restau¬
1353 2411 2141 2492 scious of their worn clothes, for
2171 2428 2953 2492 you are reading. The orchestra plays
2976 2425 3193 2498 loved for
531 2472 1309 2555 rant? Where is the bright-faced
1356 2475 2141 2555 Viennese know what it is to dress
2174 2478 2943 2565 superbly and the applause is gener
2983 2482 3183 2558 ing eut
538 2532 1313 2612 populace that locked on Sundays to
1363 2525 2121 2615 well. They glance through skimp-
2178 2528 2943 2595 ous. But it all sounds hollow,
2993 2545 3143 2615 people
531 2588 1309 2665 Wiener Wald at the first excuse for
1356 2585 2138 2655 journals; paper costs enormously.
2171 2595 2939 2669 Something is not there. A Strauss
2983 2595 3146 2669 miles
528 2635 1313 2719 Spring? Is Kreisler's Caprice Vien-
1356 2652 2138 2719 They comment occasionally on this
2171 2652 2953 2712 like waltz you seldom hear. For
2986 2659 3140 2725 park
531 2709 1313 2779 noise mere fancy? And when you
1346 2692 2131 2789 or that, and are mildly glad when
2178 2709 2946 2789 Vienna, like the rest of Europe, has
2989 2712 3123 2779 pruni¬
1356 2752 1810 2836 the music strikes up.
528 2745 1313 2842 have studied the faces in the city of
2174 2762 3156 2829 turned to the popular music of give the
534 2819 1309 2896 today you wonder most of all, was
1403 2802 2134 2886 In the biggest cafés there is
2174 2826 2956 2902 America; America, the young and
2976 2822 3126 2899 twigs
538 2869 1306 2943 there ever a Vienna such as Dr.
1343 2862 2128 2949 music; for musicians, like other pro¬
2174 2882 2943 2953 vital when Europe is so tired;
3019 2886 3123 2949 And
528 2919 1313 3013 Arthur Schnitzler, physician, novel¬
1346 2929 2128 2993 fessionals in Vienna, are plentiful
2174 2929 2933 2999 America so overflowing with bar
2979 2926 3130 3009 his fri
524 2976 1309 3066 ist and playwright, pictured in his
1346 2983 2134 3053 and to be had cheaply. I know of a
3016 2996 3133 3063 I w.
2164 2986 2946 3056 baric vitality that the jazz band is
541 3043 1313 3110 Anatolte Anatol of light¬
1346 3046 2131 3123 leather goods buyer from America
2168 3053 2939 3120 its expression. Tunes that ran their
2979 3036 3133 3123 for ne¬
528 3093 1303 3170 hearted loves and delicate sorrows,
1353 3103 2138 3200 who hired a quintet from a sym¬
2979 3113 3133 3176 caught
2161 3110 2943 3183 brief course in the United States two
528 3160 1313 3233 to whom every day was new with
2979 3166 3126 3236 numer
521 3206 1309 3293 hope, and who elevated the embar¬
2979 3216 3143 3290 is rath
528 3267 1313 3343 rassments of parting with the old
2976 3273 3150 3343 fore 100
1820 3256 2452 3380 IN THIS ISSUE
518 3310 1166 3403 loves to such a graceful art?
581 3357 1313 3450 Yet that Vienna must have existed
524 3434 1316 3504 once upon a time, lived and played
1456 3397 2846 3537 ARTHUR SCHNITZLER INTERVIEWED IN MODERN VIENNA
528 3490 1316 3574 with life and fashioned a city to its
1937 3497 2358 3587 By Joseph Golimb
521 3547 1306 3627 moods. For, although "Anatol
1613 3560 2669 3647 AN APPRAISAL OF THOMAS HARDVS PROSE
528 3604 1299 3674 made its bow to the world over
1470 3621 2812 3737 The oth birthday of the great English novelist occurred on June 2
524 3651 1306 3734 thirty years ago, it still lives even to
1964 3691 2315 3778 By John Erskine
521 3717 1303 3791 the English reading public in Gran¬
1473 3724 2832 3864 THE ORDEAL OF MARKTWAIN, DE VAN WYCK BOOKS
521 3784 1306 3861 ville Barker's exquisite version, and
1834 3834 2435 3924 Reviewed by Carl Van Doren
514 3824 1306 3911 in the memories of those who saw
518 3881 1306 3975 John Barrymore play it. Since there
1480 3868 2084 3985 Mrs. WARENS DAUGH
2191 3894 2325 3985 BVS.
508 3948 1309 4025 no Ibsen-like freight of social
1844 3965 2201 4065 Reviewed by W.
518 4008 1299 4071 significance in these little come¬
518 4065 1309 4122 dies, what has kept them alive so
