3484 4224
1361 167 1719 258 box 8/5
236 172 646 274 4.9. Ana¬
697 174 1094 284 Zykl
1227 1317 1592 1399 Telephon 12.801.
1330 1410 1443 1498 .
675 1392 1295 1542 „OBSERVE
515 1531 1584 1621 1. österr. beh. konz. Unternehmen für Zeitungs¬
727 1581 1375 1648 Ausschnitte und Bibliographie.
692 1632 1426 1729 Wien, I., Concordiaplatz 4.
919 1708 1196 1777 Vertretungen
517 1734 1585 1821 in Berlin, Brüssel, Budapest, Chicago, Cleveland, Christiania,
520 1802 1579 1857 Genf, Kopenhagen, London, Madrid, Mailand, Minneapolis,
514 1834 1574 1908 New-York, Paris, Rom, San Francisco, Stockholm, St. Peters¬
914 1874 1185 1933 burg, Toronto.
864 1912 1239 1975 (Quellenangabe ohne Gewähr.)
515 1959 890 2045 Ausschnitt aus:
1120 1959 1410 2050 S. 1810
1533 2035 1683 2131 Zeit
799 2038 1455 2136 Königsberger Hartung
518 2089 662 2144 vom
1059 2112 1522 2206 Königsberg i. Pr.
679 2316 1246 2400 Berliner Allerlei.
405 2388 1592 2463 Im Lessingtheater hat Artur Schnitzlers Einakter=
337 2459 1598 2515 quintett „Anatol“ eine freundliche Buchlaube=
335 2491 1601 2550 reien des Geistreichen und Ergrauenden erlebt. Vielleicht waren diese
335 2538 1601 2593 lässig unablässigen Bekenntnisse eines Wiener Lebekünstlers, bis hart an
343 2585 1603 2643 seinen Hochzeitswagen heran, nicht für die Bühne gemeint, ihre saloppe
335 2622 1600 2676 Anmut, ihre weiche, gleitende Eleganz (Melancholie mit Nebenluft er¬
337 2667 1581 2732 reicht uns sicherer vom Buch her — zudem sind das „Abschiedssouper
340 2713 1601 2774 und zwei andere Felder der dramatischen Kabarettschüssel nicht gar selten
337 2755 1600 2828 bereits serviert worden. Immerhin, Anatol mit seinen diversen Lieben
337 2799 1597 2858 und den sich in ihrer trauten Nähe ganz von selbst einstellenden Losgebun¬
337 2844 1597 2898 denheiten, und sein witziger Freund Max schufen sich neue Bewunderer.
316 2892 1597 2968 „Heinz Monnard, Emanuel Reicher, Irene Triesch,
338 2928 1600 2989 Lina Lossen nebst andern Kolleginnen schufen dem empfänglichen
343 2973 1601 3042 Publikum einen heiter feinen Genuß, der seine Kraft nicht eigentlich aus
335 3013 1603 3099 einer Dichtgabe zog, vielmehr ästhetische Anregungen zu einer wohlig¬
335 3072 896 3152 müßigen Stimmung verdichtete.
2696 649 2999 742 de 12.
2147 794 2763 880 „OBSERVER
1935 879 3007 944 1. österr. behördl. konz. Unternehmen für Zeitungs-Ausschnitte
2123 930 2833 994 Wien, I., Concordiaplatz 4.
2330 984 2605 1050 Vertretungen
1928 1008 2999 1096 in Berlin, Basel, Budapest, Chicago, Cleveland, Christiania,
1943 1078 2999 1134 Genf, Kopenhagen, London, Madrid, Mailand, Minneapolis,
1930 1118 2992 1183 New-York, Paris, Rom, San Francisco, Stockholm, St. Peters¬
2322 1153 2608 1209 burg. Toronto.
2257 1176 2680 1271 lange des das
1922 1236 2271 1327 Ausschnitt aus:
2254 1278 2705 1376 Freie Deutsche Presse
2125 1335 2802 1442 Freisinnige Zeitung, Der
2490 1408 2672 1493 7
2343 1439 2822 1528 1916
1957 1573 2871 1684 Kunst und Wissenschaft
2244 1664 2595 1742 Lessing=Theater
1909 1692 3005 1794 Schnitzlers heiter-melancholische Anatol-Szenen haben wir
1825 1766 3005 1837 denn (mit Ausnahme von zwei Gängen) genießen
1831 1798 3005 1879 können; es hat vortrefflich gemundet. Brot allerdings gab es nicht
1826 1836 3007 1911 und Fleisch auch nicht, nur Leckereien und Champagner, doch in
1836 1885 3005 1944 einer deliziösen Art zubereitet und von weichen gepflegten Händen
1836 1919 3002 1994 serviert, beinahe als wäre Schnitzler kein Mann. Anatol ist längst
1829 1959 3002 2022 als Wiener Typus anerkannt, der Typus des reichen Wiener Jung¬
1833 1999 2999 2069 gesellen, der nichts zu tun hat, die Not des Lebens nicht kennt und
1821 2038 2999 2105 dem das Weib im Mittelpunkt des Lebens steht. Dies Weib ist
1826 2072 2992 2147 das liebe süße Mädel“ aus der Vorstadt. Eine melancholische
1823 2109 3005 2172 Stimmung liegt über den witzigen Szenen; hinter dem funkelnden
1823 2152 2999 2217 Dialog gahnt zuweilen die Schalheit und die zwecklose Spielerei
1826 2190 2995 2254 eines solchen Nichtstuers. Dennoch hat man Anatol lieb.
1821 2233 2999 2300 Nur darf man ihn nicht zuviel genießen, und zuweilen
1823 2263 2992 2341 schien es am Sonnabend auch, als ob während der fünf
1823 2310 2995 2380 Szenen eine kleine Ermüdung eintrat, man sehnte sich fast nach
1821 2349 2997 2413 einem herzhaften Schrei. Da gab das Abschiedssouper" in der
1821 2383 2991 2461 Mitte eine gute Auffrischung, jene Szene, die für sich einen richtigen
1817 2424 2989 2487 Einakter darstellt, die Szene mit dem Ballettmädel, das sich zum
1812 2458 2987 2526 letzten Mal einen kleinen Rausch antrinkt, weil sie nun einen
1809 2503 2984 2571 „Kollegen“ liebt, der ihr kein Souper mehr geben kann. Obgleich
1809 2547 2989 2611 das Abschiedssouper den stärksten Beifall fand, hat mir die kurze
1809 2574 2981 2645 Straßenszene „Weihnachtseinkäufe am besten gefallen.
1815 2613 2987 2691 Hier wurde leise an die Tragik der Dame von Weit gerührt, hier
1812 2654 2981 2719 war mehr als Spielerei. Und Lina Lossen verstand es, mit
1807 2700 2983 2771 ein paar weich herben Akzenten in die Nacht der schimmernden be¬
1802 2735 2984 2806 neideten reichen Dame blicken zu lassen: Sie möchte auch gar zu
1812 2786 2981 2868 gern einmal ein liebes süßes Mädel sein, aber sie hat nicht den
1812 2812 1999 2868 Mut dazu.
1881 2839 2978 2916 Heinz Monnard zeichnete den Anatol in den verschiedensten
1802 2881 2983 2962 Phasen, die er äußerlich schon durch seine Haare andeutete; im
1802 2935 2971 3003 Anfang ein üppiger Wald, am Schluß waren die Haare fast ganz
1802 2976 2978 3034 weg amüsiert. Monnard war etwas zu schwer und zu massig, sein
1804 3015 2976 3080 Organ zu hämmern; aber er interessierte. Auch Emanuel
1801 3050 2973 3121 Reicher war nicht das Ideal des klugen, blasierten Freundes
1796 3088 2971 3163 Max; nicht wienerisch fesch genug, mehr ein ironischer Philister.
1802 3125 2975 3192 Die vier verschiedenen „Mädels" wurden in buntem Reigen von
1802 3164 2975 3236 Paula Somary, Hilde Herterich, Irene Triesch und Mathilde Sussin
1804 3204 2978 3273 dargestellt, von denen sich die letzte in der Schwipsszene des Ab¬
1802 3247 2971 3313 schiedssoupers einen Extraapplaus holte, obwohl sie wenig von der
1802 3286 2967 3350 Weichheit des süßen Mädels hatte und eher etwas berlinisch war.
1802 3319 2967 3401 Der Erfolg der fünf, schon achtzehn Jahre alten Kleinigkeiten (Regie
1801 3361 2313 3436 Emil Lessing) war sehr groß.
2778 3377 2892 3442 Schk.
