3248 4256
6 217 907 344 9. Anatol - Zyklus
1058 223 1429 329 box 9/4
2049 346 2366 427 Fonde en 1879
1833 410 2546 569 ARGUS de la PRESS
1960 548 2432 643 Voit Tout
1854 605 2572 688 LES PLUS ANCIENS BUREAUX DEXTRAITS DE PRESSE
1848 675 2572 767 37, Rue Bergère, PARIS (9e)
1943 824 2417 939 NEDE DES 219
1971 934 2527 1041 CORRESPONDANCE HAVE
1737 958 1945 1062 Extrait de
2003 1022 2481 1123 13. Place de la Bourse,
1735 1085 1905 1170 Adresse
1739 1157 2442 1270 Dat 28 JANVIER 1932
1741 1259 1956 1368 Signature:
1729 1361 1945 1459 Exposition
1533 1686 2170 1786 CORRESPONDANCE HAVAS
1332 1882 2319 1990 La Semaine des Quatre Jeudis
1024 2039 2727 2128 Car, pourquoi n'appellerait-on pas du même nom celle qui ne viendra
1115 2113 2030 2175 jamais et celle qu'on ne reverra plus ?
1856 2147 2714 2238 re. Derrière la haute grille, les alles
988 2168 1818 2232 Jeudi 21 janvier. — Chaque fois que
1865 2221 2723 2266 et les degrés sont jouchés de l'hom¬
951 2224 1807 2287 passe entre mes mains le minuscule pa¬
1863 2264 2721 2338 mage des foules des roses, encore
958 2272 1812 2330 pier pelure où cette grande association
1865 2309 2727 2353 des roses, toujours des roses, aux
958 2313 1812 2366 musicale a fait taper ses programmes
1869 2351 2731 2410 nuances les plus délicates. Mais il m'a
949 2359 1814 2413 de la semaine destinés, ne l'oublions
1865 2396 2718 2453 manqué de communier dans le mys¬
951 2410 1805 2472 pas, à être reproduits dans les journaux
1869 2440 2723 2493 que élan des pèlerins dont la foule,
1017 2453 1805 2510 je songe à ces bureaux d'affaires où se
1863 2485 2716 2532 d'autres jours, reflue jusque sur le
956 2500 1814 2555 lisent des inscriptions comme : « Soyez
1858 2519 2723 2591 trottoir la ne, était déserte. J'ai
958 2534 1812 2593 bref, nos instants sont précieux. » Pour-
1856 2570 2718 2623 alors suivi un flot de visiteurs dans le
960 2578 1812 2642 quoi ? parce que la dite association, en
1863 2616 2712 2661 Diorama élevé aux portes du Carmel
956 2629 1814 2687 l'espèce son secrétaire général, s'il a, lui
1865 2657 2712 2710 la sainte s'y résume éloquemment en
949 2674 1812 2729 aussi, le souci d'être bref, ne l'est qu'à
1863 2704 2712 2757 quatorze principaux épisodes, de la
951 2710 1803 2774 son exclusif profit et ne paraît pas avoir
1865 2748 2712 2797 naissance à la mort. A voir ces images
949 2767 1805 2818 cure du temps qu'il fait perdre au réac¬
1865 2788 2712 2839 simples, naives et où la perspective
956 2810 1805 2876 teur à qui son papier s'adresse ; car celui¬
1858 2831 2712 2886 est un véritable tour de force figu¬
951 2852 1801 2910 ci, avant de le donner à composer pour
1858 2871 2716 2931 res de cire dont certaines (Thérèse
951 2903 1805 2954 la rubrique des concerts, est obligé à un
1858 2920 2712 2988 aux pieds de Léon XIII, Thérèse médi¬
956 2939 1807 3007 laborieux rétablissement de texte. Pres¬
1863 2958 2723 3020 tant dans le cimetière des Carmeli-
960 2977 1807 3052 que tous les mots sont abrégés, des indi¬
1863 3005 2701 3069 tes) ont une vie intense, émouvante
949 3031 1799 3092 cations essentielles sont supprimées. Le
1916 3050 2695 3109 s'est révélé à moi le mystérieux
949 3067 1805 3137 pire qui puisse arriver à ce secrétaire
1865 3099 2712 3156 ut puissant cheminement d'une vo¬
958 3113 1809 3184 (mais la vraie responsable est peut-être
1863 3133 2701 3181 cation qui trouve sa récompense au-
956 3160 1803 3217 sa dactylo 2) est que les journaux pren¬
1863 3175 2701 3230 jourd'hui dans une sanctification pres-
951 3205 1799 3279 nent parti résolument de passer ses pa¬
1856 3222 2704 3279 que sans précédent. Stationnez succes-
956 3249 1805 3324 piers tels quels aux linotypistes, ce qui
1858 3268 2699 3315 sivement devant ces scènes d'un réa¬
958 3300 1801 3353 donnerait aux programmes d'amusantes
1856 3311 2704 3368 lisme direct, mais affiné vous com¬
947 3341 1803 3409 apparences de petites annonces. Les
1869 3351 2706 3404 prendrez aisément quelle emprise el
951 3385 1805 3449 secrétaires de rédaction pourraient encore
1869 3398 2699 3451 les sont capables de mettre sur des
949 3430 1805 3498 retourner à l'expéditeur ses communi¬
1843 3434 2695 3485 esprits qui ne se gardent pas vous
951 3470 1799 3530 qués avec cette mention « Vous êtes
1850 3487 2693 3530 comprendrez que soient devenues in-
947 3521 1807 3606 bref exagérément, nos minutes aussi sont
1863 3523 2695 3581 suffisantes les ressources hospitaliè¬
1863 3570 2689 3636 res de Lisieux et que l'on soit en train
956 3568 1234 3646 précieuses ».
1854 3608 2701 3666 de préparer de nouveaux abris pour
996 3585 1805 3691 Vendredi 22. Je pourrais redire
1858 3655 2695 3712 les pèlerins tenant compte de la mo-
960 3655 1799 3725 parlant d'un autre théâtre, qu'il est iu¬
1856 3695 2695 3746 destie de leur bourse, Je m'arrêter
958 3704 1805 3772 tile de nommer, d'autant plus que pas
1865 3740 2693 3787 traiterait mon enthousiasme de conver-
949 3755 1799 3808 mal d'autres en ce moment lui ressen
1869 3787 2701 3848 sion soudaine, à moins qu'on ne
958 3799 1801 3852 blent je pourrais rééditer la réflexion
1854 3831 2695 3884 met sur le compte du déjeuner que
956 3835 1805 3895 de Musset: « J'étais seul, l'autre soir, au
1856 3867 2689 3927 nous times, déjeuner normand s'il er
949 3895 1799 3954 Théâtre-Français, ou presque seul.
1854 3914 2695 3971 fut abondant, succulent, délicat, arros
943 3927 1797 3988 ne trentaine de spectateurs, dont peut
1854 3961 2693 4027 de vins d'élection, de calvados et d'unani
937 3978 1803 4037 être une dizaine de critiques. J'avais le
1856 4003 2268 4075 me bonne humeur
949 4018 1799 4075 désespoir dans l'âme pour les artistes,
949 4056 1803 4126 mais ceux-ci faisaient vaillante figure et
1890 4048 2697 4143 Lundi 25. Le Palais des Sports, hier
949 4099 1807 4160 tenaient leurs rôles avec le même bri¬
1850 4129 2689 4171 soir, nous organisa une fête très russe
1586 4141 1790 4201 uer¬
