3436 4256
828 243 1192 335 Zyklus
238 244 774 342 4.9. Anatol
486 1622 1163 1729 Klose & Seiden
537 1717 1116 1795 Bureau für Zeitungsausschnitte
486 1785 1163 1854 Berlin NO. 43, Georgenkirchplatz 21
460 1898 1258 2055 Zeitung: Der An¬
472 1993 578 2067 Ort:
472 2055 653 2130 Datum:
738 2302 1154 2387 Kammerspiele.
460 2367 1317 2443 „Anatol“ von Arthur Schnitzler.
567 2423 1388 2482 Die Einakter, die so heißen (nach ihrem Helden
519 2473 1381 2533 heißen, y nun schon längst historisch. Einst, da
522 2512 1381 2560 wir Zwanzig waren, spielten wir noch selbst darin
527 2551 1387 2603 Oder ersuchtens wenigstens, der eine mit mehr,
528 2584 1381 2645 der mit weniger Talent und Glück. Es
528 2625 1384 2678 war eine schöne Zeit. Denn wir waren jung.
522 2669 1388 2723 Und unerfahren. Und gerade weil wir jung und
519 2707 1385 2770 unerfahren, taten wir so, als ob wir alt und sehr
522 2752 812 2805 erfahren wären.
561 2758 1387 2835 Denn es ist ja nicht nur das Wien um die
528 2820 1387 2874 Jahrhundertwende, das diese 1892 entstandenen
525 2864 1385 2912 Szenen spiegeln, so wienerisch sie auch sind. Es
531 2909 1381 2953 ist die ganze Zeit, es ist unsere Jugend, deren
528 2935 1377 2989 Herz Loris Hofmannsthal und jenem Erwin ge¬
525 2981 1371 3027 hörte, der in Andrians „Garten der Erkenntnis
524 3025 1384 3075 lebte (und starb, ohne erkannt zu haben, wie es
519 3052 1387 3107 da zum Schlusse heißt). Oder es ist, um Worte
519 3093 1390 3146 eben jenes Loris zu zitieren, die noch jetzt dem
528 3137 1387 3188 Buche „Anatol als Prolog vorausklingen, „die
525 3174 1381 3223 Komödie unsrer Seele, unsres Fühlens Heu
528 3211 1381 3265 und Gestern. Wien war damals eben groß,
528 3253 1381 3301 und Berlin, zu mindest literarisch, nur ein Vor¬
528 3292 792 3343 ort von Wien.
570 3316 1387 3377 Nun soll das alles neues Leben erhalten, einer
522 3374 1390 3420 bösen Zeit, die Welten von der damals trennen,
528 3407 1390 3461 einer Generation, die kämpfen soll und kämpft,
525 3443 1387 3496 wie Krieg und Umsturz sie's gelehrt, noch einmal
525 3488 1381 3524 unsere jugendlichen Erschütterungen vermitteln
534 3523 1377 3568 Erinnerung meint traumversunken: Unmöglich
525 3565 1391 3604 Dieser Anatol, der wir, wie gesagt, als Zwanzi¬
528 3601 1390 3650 ger zu sein versuchten, andere, die zehn Jahre
528 3645 1384 3687 älter waren, vielleicht wirklich waren ... dieser
534 3684 1387 3724 Anatol ist tot. „Frühgereit und zart und trau¬
528 3721 1387 3763 rig" ist er gestorben, und von ihm erzählen, will's
528 3758 1384 3805 die Stunde so, nur vergilbte Briefe, Schleifen,
531 3798 1387 3841 Locken, ein paar dünne Verse in der Schatulle
531 3841 1390 3900 der Erinnerung. Denn das Leben kam, und
537 3876 1174 3917 Anatol, der Jüngling, wurde Mann.
567 3905 1393 3956 Aber die Bühne will es anders. Sie straft das
534 3954 1381 3995 „Unmöglich!“ Lügen. Sie weckt die Vergangen¬
534 3991 1387 4031 heit. Und was so lange, zärtlich gehegt, nur
534 4030 1387 4071 Schattenspiel der Seele, wird wieder Wirklichkeit.
530 4068 1384 4107 Als Gleiches vor Jahr und Tag das Theater in
534 4101 1402 4167 der Königgrätzer Straße mit Eugen Burg als
1353 235 1712 327 box 9/3
2029 228 2609 370 Klose & Seidel
2032 353 2606 436 Bureau für Zeitungsausschnitte
1984 407 2655 489 Berlin NO. 43, Georgenkirchplatz 1
2278 575 2488 646 Vorwärts
1966 569 2159 653 Zeitung:
2305 635 2462 711 Berlin
1973 644 2085 711 Ort¬
1970 703 2162 786 Datum:
2302 798 2678 892 .
2049 895 3152 1006 Anatole in den Kammerspielen. Die zarte Halb welchronik, die
1943 970 3147 1040 Arthur Schnitzler zur Unsterblichkeit des Wiener süßen
1966 1005 3144 1086 Mädels und des artigen Lebemannes Anatol geschrieben hat, wird
1963 1040 3149 1121 jetzt in den Kammerspielen aufgeführt. Es ist immer das gleiche,
1966 1088 3147 1162 mit feinster Hand gestreifte Problem von der Liebelei. Es ist auch
1963 1118 3150 1204 immer der gleiche melancholische Reigen der Liebeleien, weil es sich
1963 1148 3135 1233 stets um den gleichen Liebeschüler, den jungen Herrn Anatol
1963 1195 3140 1275 handelt. Er geht zwar am Schlusse des letzten losen Stückleins zur
1970 1237 3141 1311 richtigen Hochzeit, aber er tut es in äußerster Ungläubigkeit vor der
1957 1270 3135 1346 Bannkraft dieser Bindung. Man überschätze diese lieben Sächelchen
1955 1314 3141 1393 nicht, wenn man sich davon Rechenschaft ablegt, daß nur ein ganz
1951 1347 3141 1423 sublimer Künstler so leicht über diese heiklen Dinge hingleiten kann.
1952 1393 3135 1470 Aber man setze diese Kunst der wirklich holden Frivolität nicht durch
1952 1433 3164 1534 siges Moralisieren herab. Gewiß, die Moral ist die, das süße
1976 1536 3156 1589 Mädel mutet heute schon etwas großmütterlich an. Herr Anatol
1978 1562 3150 1616 gar verdient eigentlich, daß man ihn in einen Narrenkäfig einsperrt
1970 1599 3147 1660 und vier Wochen auf Wasser und Brot setzt; aber Schnitzler ist doch
1970 1629 3152 1697 der erste, der diese morbiden Geschöpflein erschuf. Die Nachahmer
1972 1676 3150 1746 haben verdorben und vergröbert, was er aufs fröhlichste und vor¬
1969 1706 2286 1774 nehmste ziselierte.
2035 1734 3147 1807 Herr Edhofer spielt mit einer etwas zu hoch schnarrenden
1967 1777 3144 1853 Ueberlegenheit und nicht sehr verträumt den Anatol. Ueberhaupt
1969 1827 3141 1890 huldigt de Regisseur zu Unrecht dem Schwanktempo. Es müßte
1964 1871 3138 1927 wiser hergehen, wiegender, walzermäßiger. Wienerisch in diesem Sinn
1964 1900 3134 1964 bleibt vollkommen nur Herr Thimig. Erika von Theil¬
1967 1937 2118 1987 mann,
2185 1946 2458 1996 Margarete
2506 1954 2634 1998 von
2672 1952 2954 2007 Bulovics,
2984 1954 3141 2004 Fräulein
1958 1981 3147 2040 Christians und Stella Arbenina beleuchten mit ihrem
1957 2020 3135 2084 Talent das unwandelbare, trotzdem ewig verwandelte Bildchen des
1967 2053 3141 2121 süßen Mädels. Und Lina Lossen steht einige Minuten auf der
1951 2102 3138 2161 Bühne als die bürgerlich feste Frau, die ihr eigenes gewichtiges Herz
1954 2136 3146 2215 gegen das flottere Herzchen all der flattrigen Nebenbuhlerinnen ver¬
1942 2165 2082 2236 teidigt.
2983 2186 3103 2251 M. H.
2346 2274 3197 2334 gar nahe. Echter ist der Max Hermann Thimigs
1436 2280 2298 2331 Anatol (ja, mit Burg als Anatol. ich flunkere
2349 2325 3200 2370 mit seinem trockenen, liebenswürdigen Humor,
1436 2328 2292 2379 nicht!) versuchte, schrieb ich, die Szenen müsten
2343 2358 3199 2411 wenn er auch, um gereifter zu erscheinen, einer
1433 2364 2292 2426 einmal, um ihren ganzen Duft ausströmen lassen
2349 2397 3196 2446 Brille bedarf, was ihm einen Anflug von Pedan¬
1439 2405 2295 2459 zu können, im Kostüm und in Interieurs der Zeit
2349 2437 3200 2482 terie gibt. Ganz echt aber ist, wie einst bei
1442 2446 2295 2491 gespielt werden... die beides, Kostüm wie In¬
2340 2473 3199 2535 Brahm, Lina Lossens als Gabriele in den „Weih¬
1439 2479 2295 2529 terieur, viel verschiedener von dem des Heute sind,
2349 2518 3196 2565 nachtseinkäufen, die Dame, die junge Frau, die
1442 2520 2289 2566 als man gemeinhin annimmt. Dann nämlich
2355 2550 3196 2610 sehnsüchtig in die Welt des süßen Mädels blickt,
1439 2554 2292 2604 wären sie in der Tat Stücke unseres Selbst, wären
2349 2597 2974 2645 aber vornehm die Haltung bewahrt.
1436 2598 2295 2639 auch auf der Bühne das, was sie literarisch sind:
1433 2636 2286 2695 Historie voll verklungener Reize, verwehter Süßig¬
2379 2618 3196 2690 Und die süßen Mädels? Die sind nacheinander
1442 2674 1859 2728 keit, Atem des Gestern.
2349 2681 3205 2732 aufgezählt, Erika von Thellmann, die nur ein
1480 2686 2289 2758 Das geben nun die Kammerspiele leider auch
2349 2717 3211 2764 nettes Dickerchen, Margarete Christians, ein blon¬
1442 2740 2298 2796 nicht, nicht Iwan Smith in der Regie, nicht die
2346 2756 3208 2805 der Wuschelkopf und Frechdachs, etwas nüchtern
1445 2790 2286 2836 Bilder John Heartfields. Im Gegenteil. Die leise
2352 2799 3211 2844 Margarete von Bukovics und, sehr schön und tem¬
1442 2826 2295 2880 verhaltene Melancholie, die den „Anatol-Szenen
2349 2836 3205 2883 peramentvoll und in einem wundervollen Abend¬
1445 2867 2296 2912 ihren pariesten Reiz leiht und die eben das Fin¬
2349 2874 3202 2919 kleid, als letzte vor Anatols Hochzeit Stella Arbe¬
1448 2906 2299 2951 de siecle-Klima ist, verwandelt Schmith in kecken
2346 2912 3202 2963 nina, die nur nicht die Orska so kopieren dürfte.
1442 2941 2295 2993 Lustspielton, in die Melodie des Heute, die ergötzt,
2382 2953 3199 3002 So zieht noch einmal in fünf Bildern Anatols
1439 2981 2290 3024 amüsiert, aber jede Illusion gefährdet. Und Ko¬
2349 2992 3208 3039 Leben uns vorüber... auch das ein Reigen, der
1448 3019 2292 3072 stüm und Milieu sind, dem Publikumsgeschmack
2349 3034 3211 3069 Symbol entglittener Tage ist, von der „Frage an
1442 3061 2289 3107 angepaßt, der modische Möbelprunk, bizarre Far¬
2340 3064 3200 3116 das Schicksal bis zum „Hochzeitsmorgen". Man
1442 3100 2293 3150 ben und neueste, allerneueste Toiletten goutiert,
2349 3105 3196 3158 lacht, weil das alles sehr lustig ist. Aber daß es
1442 3137 2298 3182 nicht weniger der Stil des Heute. Das rückt die
2349 3143 3206 3193 mehr ist, das gibt der Abend nicht, dem temperier¬
1442 3177 2298 3229 Dinge in ein falsches Licht, und was als Reminis¬
2349 3185 2652 3254 ter Beifall dankt.
2726 3185 3211 3254 Ludwig Sternaux,
1442 3214 2295 3265 zenz tiefstes Herzecho wecken könnte, beansprucht,
1448 3256 2085 3306 so aufgemacht, wieder Leben zu sein.
1480 3280 2295 3336 Schnitzlers Ruhr, daß es das zum Teil wird!
1445 3330 2289 3377 Diese Grazie, diese Anmut, dieser kokett be¬
1451 3366 2302 3422 schwingte Dialog sind zeitlos. Den Wissenden
1445 3410 2292 3461 zwar kann man nicht täuschen: so sprachen, so
1448 3449 2299 3502 fühlten, so spielten die jungen Leute nur da¬
1445 3488 2292 3552 mals. Aber wer weiß es denn? Die wenigsten.
1439 3529 2295 3573 Und wie man den „Reigen“ als Spiegelbild des
1445 3556 2292 3618 Heute mißdeutet hat, so gefällt auch vom
1445 3601 2296 3647 „Anatol“ vieles, als ob's auf unsere Zeit ge¬
1442 3641 2293 3690 münzt wäre. Gefällt und wird belächelt, belacht.
1439 3681 2298 3727 Es ist der Esprit, der bleibt und dieser bösen
1442 3722 2298 3772 Dinge hübschen Formel Licht und Glanz gibt.
1477 3764 2292 3810 Und, immerhin, auch die Darstellung. Der
1445 3787 2304 3844 Anatol, den wir geliebt und dessen Porträt wir in
1448 3835 2301 3879 der Erinnerung tragen, ist Anton Edthofer frei¬
1439 3874 2292 3921 lich nicht. Dazu ist er zu sehr Schauspieler. Ist
1442 3917 2298 3956 zu bewußt. Aber er hat etwas von dem imagi¬
1439 3948 2292 3992 nären Charme der Gestalt, hat in der Geste, in
1439 3991 2292 4036 der Stimme die frühreife Blague, mit der Ana¬
1439 4028 2295 4077 tol so hübsch kokettiert. Und so gerät ihm manche
1448 4069 2295 4113 Szene recht hübsch, und wo er leise Komik an¬
1438 4110 2298 4173 klingen lassen darf, kommt er dem Realbild so¬
