3484 4256
265 166 790 274 4.9. Anatol
1384 166 1738 267 box 9/3
937 169 1196 272 Zyklus
842 653 1013 735 — 12
1368 673 1756 770 Wien, Donnerstag
689 743 1881 847 turen geblieben: es ist zwar noch immer eine Stadt mit zwei
686 813 1876 884 Millionen Einwohnern und doch nur mehr mit einer ver¬
692 858 1881 937 schwindend kleinen Anzahl von Wienern. Aber Anatol selbst
689 914 1867 992 ist noch lebendig; mag sein, daß der Typus als solcher sorgen¬
686 959 1867 1036 verufs= und bedenkenloser Genießer, mag sein, daß dieser Typu¬
684 1002 1870 1088 in der heutigen Zeit nicht mehr existieren könnte: der Mensch
684 1042 1870 1130 Anatol ist — wie jedes echte Kunstwerk — noch immer Gegen¬
684 1106 1870 1182 wart, noch immer Fleisch und Blut; besonders wenn Waldau
681 1143 1870 1228 diesen Anatol spielt. Es ist das ein schmeichelnder Reiz, eine
681 1209 1870 1279 entzückend beschränkte, ein bißchen frivole, ein bißchen weh¬
673 1239 1863 1318 mütige Liebenswürdigkeit, von der man wie von einer
679 1287 1862 1363 betörend leichten und leichtsinnigen Musik umfangen wird
668 1344 1862 1414 Waldaus noble Anmut ist wie die Grazie des alten Wien
673 1388 1863 1459 selbst, diese Grazie, die einen zuweilen vergessen machen konnte,
668 1440 1858 1510 daß der Charakter dieser Stadt oft nichts war als ein¬
673 1479 1857 1557 bequeme, verbindliche und für wohlhabende Leute äußerst
666 1538 1860 1603 gemütliche Charakterlosigkeit. Waldau zunächst kommt Fräulein
671 1580 1852 1660 Geßner, die Annie im „Abschiedssouper, durch und durch
669 1637 1860 1712 echt, unbändig komisch in ihrer bodenständigen Urwüchsigkeit
660 1676 1858 1754 und erfrischend ordinären Natürlichkeit. Wo Natürlichkeit nur
668 1730 1852 1793 „gemacht wird, wie von Fräulein Fein, in „Episode" wirk¬
669 1772 1854 1842 sie als Unnatur. Auch Frau Terwin trägt die Ilona in
660 1819 1854 1893 „Anatols Hochzeitsmorgen" wie ein „auf Glanz" hergerichtetes
658 1868 1852 1946 Kostüm aus dem älteren Wien. Den Max spielt der sonst so
655 1919 1844 2002 interessante Herr Rainer mit einem mehr eingetrockneten als
660 1958 1845 2041 trockenen Humor. Eine Fehlbesetzung. Ausgezeichnet Herr
661 2007 1845 2083 Daghofer in einer Kellnerepisode, dann Frau Hagen in
660 2065 1852 2127 „Weihnachseinkäufe. Die Regie führt diesmal Paul Kalbeck:
653 2103 1845 2184 er sucht keine Effekte und findet die delikatesten Wirkungen.
1686 2181 1803 2233 y
744 2212 1844 2305 Klavierspielerinnen. Sie treten bekanntlich in beruhigender
650 2275 1840 2342 Anzahl auf, eine holde Spezies, die anscheinend auch bei weniger
656 2314 1840 2381 günstigem Konjunkturwetter prächtig gedeiht. Maria Kogan
661 2360 1834 2422 vertritt die heroische Spielart. Ihr Sinn ist aufs Große, Effekt¬
655 2399 1836 2476 volle gerichtet. Dabei herrscht bemerkenswerte technische
660 2443 1839 2516 Disziplin. Und wenn die musterhafte Ordnung, in welcher sich
652 2482 1832 2560 der imposante Aufmarsch der Tonreihen vollzieht, einer
648 2523 1831 2598 geradezu militärischen Eindruck hervorruft, so fehlt es ander¬
658 2572 1834 2643 seits auch nicht an empfindsamen, zarten und anmutigen Zügen,
642 2614 1834 2691 Vor allem aber will Maria Kogan lebensvolle Gestalterin sein.
653 2653 1831 2722 Darum auch mag sie die Beethovenvariationen op. 35 über ein
650 2696 1831 2767 Thema aus den „Geschöpfen des Prometheus gleichsam als
645 2741 1826 2816 Motto an die Spitze ihres Programms gestellt haben, um zun
650 2784 1824 2854 Ausdruck zu bringen, daß auch ein jedes der vorgetragenen
642 2828 1451 2888 Konzertstücke ein Geschöpf prometheischen
1484 2839 1824 2898 Nachschaffens sein
652 2865 1827 2940 soll. — Zdenka Ticharich ist die zeit= und stilbewußte
648 2911 1824 2985 Exponentin modernen Musikempfindens. Demgemäß wendet
645 2951 1827 3034 sich ihr Sinn wohl der altklassischen Kunst zu, weicht aber den
638 3003 1823 3067 abgegrasten Weideplätzen landläufigen Virtuosentums in
642 3038 1827 3108 weitem Bogen aus, um sich dann um so nachdrücklicher mit den
643 3077 1933 3135 Ausdrucksproblemen unsrer Tage zu befassen. Sie begann mit ein
630 3122 1927 3194 altitalienischen Klavierstücken, die in ihrem feinziselierten Vor¬ eine
635 3170 1930 3230 trag entzückend klangen. Kostbare Miniaturen, von denen sie auch ein¬
642 3205 1814 3272 der scheinbarsten in Zeichnung und Kolorit, in der
642 3249 1816 3321 Schattierung und der Modellierung etwas Apartes zu geben
1847 3269 1924 3323 szen
635 3293 1819 3352 mußte. Die seelenvolle Künstlerin, die mit Priesterinnenernst
642 3336 1928 3422 am Flügel sitzt, bringt schon in ihrer Erscheinung Strenge und den
635 3367 1816 3440 Reinheit des Stils zum Ausdruck; und während ihre Augen
1840 3417 1925 3468 vero
635 3422 1919 3508 wie suchend in die Ferne schauen, scheint ihre Seele im innigsten
625 3464 1783 3516 Kontakt mit den verklungenen Musikfahrhunderten zu stehen.
635 3495 1810 3559 Emmy Zopf begann wieder in Zeichen der Promethens¬
624 3543 1810 3609 variationen von Beethoven, um an im gleichen Sinne fort¬
629 3577 1805 3650 zusetzen und die romantischen Charaktergeschöpfe Chopinschen
1837 3595 1920 3648 hint
624 3624 1924 3701 Dichtungen nachzubilden; den Reigen holder, sich wiegender, lichke
629 3668 1920 3746 singender und schwärmender Geister der Des-Dur=Bereuse, die auf
630 3707 1798 3779 streitbaren Temperamente der Moll=Etude oder die phan
1831 3738 1920 3790 Ken
625 3744 1798 3815 tastischen Gestalten des B=Moll=Scherzos. Was natürlich nur
619 3800 1801 3865 möglich ist, weil zwischen den natürlichen Talenten und der
1824 3823 1907 3886 bot
621 3837 1800 3902 erworbenen Fähigkeiten ein so glücklicher Ausgleich besteht
619 3872 1800 3945 weil sie so musikalisch empfindet und weil sie die Technik der
1831 3876 1912 3945 sich,
625 3917 1795 3979 Geläufigkeit sowie die Kunst des Belichtens und Abblenden
1826 3930 1914 3982 11
619 3961 1925 4030 so geschickt beherrscht. Mit der Pianistin teilte sich die Künf
622 3999 1792 4065 sympathische Konzertsängerin Hella Baum in die Pflichten
612 4043 1805 4109 und Ehren eines „Vindobona=Abends". Fräulein Baum hat
614 4087 1795 4142 eine hübsche, zierliche und geschmeidige Stimme, die wie ge¬
2236 287 2533 373 Reinhardtbühne.
2321 357 3117 423 Eine Reprise von Anatole erweckt na¬
2241 407 3117 471 turgemäß immer wehmütige Erinnerungen.
2248 459 3111 520 Allgemeiner und persönlicher Natur. Wie be
2236 513 3116 578 neidenswert jung und unbekümmert war ich
2236 564 3117 621 als ich Schnitzlers erster Biograph wurde und
2241 601 3114 661 seiner Einakterreihe mein hochweises Lob zu¬
2236 655 3119 723 teil werden ließ. Und doch! Die nüchterne,
2244 697 3122 757 hyperpraktische und trotzdem verkrachte Ge¬
2248 754 3122 814 genwart vermag den Zauber und den Duft
2248 800 3117 850 nicht zu zerstören, die über dieser Szenen¬
2240 842 3114 924 folge schweben. Die Behauptung, daß diese
2249 889 3114 954 „himmelblauen Reminiscenzen jetzt Moder¬
2238 937 3117 998 geruch ausströmen, ist falsch, grundfalsch,
2235 995 3117 1047 Sind sie doch genau so lebendig wie einst.
2231 1033 3117 1098 bewiesen sie doch gerade, wie stark auch
2231 1096 3127 1156 in dieser alles eher als sympathischen Zeit
2240 1135 3121 1197 die Sehnsucht und das Verständnis für Schnitz¬
2241 1187 3119 1246 ter, seine Menschen, seine Gedanken, seine
2238 1243 3121 1300 Stimmungen sind. Man müßte nur den Mut
2238 1282 3121 1349 finden, offen einzubekennen, daß dem so ist
2240 1337 3119 1389 und daß die geistige Revolution, die bisher
2238 1386 3117 1438 der politischen nicht folgte, einen Schnitzler
2238 1433 3116 1490 nicht nur nicht von seinem Postament stür¬
2230 1484 3121 1542 zen, sondern ihm endlich das längst fällige
2241 1533 3119 1588 Denkmal setzen wird. Gespielt wurde, wie
2231 1583 3122 1639 immer bei Reinhardt, einwandfrei, Was Waldau
2235 1627 3122 1687 in der Titelrolle vielleicht an Jugendlichkeit
2240 1681 3111 1744 vermissen läßt, wiegt er überreichlich durch
2231 1731 3121 1787 sein geniales Können und seine bezwingende
2240 1774 3114 1847 Eigenart auf. Der Max war mit dem tüchtigen
2238 1823 3111 1894 Herrn Rainer fehlbesetzt. Warum verurteilt
2235 1873 3114 1946 man Herrn Sina, seit er bei Reinhardt en¬
2227 1922 3117 1984 gagiert ist, zum Spazierengehen oder zum
2238 1976 3116 2034 Grotesktanz im Variété? Die Damen Geßner,
2235 2020 3114 2082 Fein und Hagen trafen den Ton ihrer Auf¬
2227 2075 3114 2143 gaben meisterhaft. Frau Urban-Kneidinger ist
2407 2316 2801 2446 le
2152 2404 2244 2490 de
2147 2520 2225 2616 der
2280 2520 3161 2624 bildschön, Frau Moissi-Terwin sehr tempe¬
2142 2606 2231 2673 ckt
2280 2601 3158 2655 ramentvoll. Die selten aufgeführte „Episode
2284 2648 3160 2710 übte kräftige Wirkung. Es war ein Genuß,
2148 2655 2225 2715 gst,
2284 2705 3170 2759 ein echter Genuß, wieder einmal bei Schnitz¬
2280 2748 2857 2823 ler zu Gaste sein zu dürfen.
2147 2746 2225 2816 und
2142 2805 2218 2867 ne
2147 2854 2231 2920 und
2354 2849 3166 2932 Die Aufführung des „König Lear ge¬
2277 2924 3165 2985 staltete sich zu einer Meisterleistung der
2280 2977 3166 3033 Regie und der Inszenierung. Der Titelrolle
2292 3016 3157 3078 lich Klöpfer die ganze Gewalt seiner Lei¬
2284 3060 3161 3145 denschaft, die Eindringlichkeit seiner Geber¬
2288 3114 3147 3176 de, aber auch seine große und vollendete
2142 3126 2231 3194 lem
2287 3160 3165 3235 Technik, Hugo, Hans und Helene Thimig
2142 3186 2233 3244 hen
2287 3207 3161 3279 standen auf der Höhe ihrer Aufgaben, Maria
2280 3261 3161 3331 Fein bewährte sich als eine durchaus eigen¬
2287 3306 3158 3362 artige Regan, während Frau Hagen die herbe
2148 3334 2236 3411 und
2279 3368 3165 3422 Ruchlosigkeit der Generil so stark auftrug,
2287 3402 3161 3468 daß es beinahe parodistisch wirkte. Homola,
2284 3455 3165 3507 Fernau, Feldhammer und Rainer entledigten
2287 3503 3157 3557 sich einwandfrei ihrer Partien, Wundervoll
2288 3554 3158 3622 Waldau als Narr, der tiefste Eindruck des
2287 3608 3158 3671 Abends neben dem alten Thimig und der
2277 3658 3054 3725 köstlichen Episodenfigur Romanowskis.
3005 3727 3126 3788 A. S.
2169 3727 2256 3784 var
2183 3784 3086 3863 -
2160 3862 3166 3950 ASNIE
3166 349 3251 432 Rol-
3174 450 3254 515 ins¬
3170 508 3254 564 sich
3174 557 3254 608 Me¬
3181 601 3258 660 Mit¬
3173 653 3256 707 lich
3178 699 3254 761 daß
3178 757 3256 808 und
3178 796 3267 862 mäß
3174 845 3262 906 Bes¬
3173 897 3271 959 gene
3168 948 3271 1005 Opfe
3170 995 3267 1054 hätte
3168 1044 3266 1098 zu
3178 1086 3264 1156 phie
3170 1145 3269 1199 muß
3168 1194 3267 1249 berd
3168 1238 3251 1293 des
3173 1337 3261 1396 sein
3168 1380 3275 1448 deut¬
3168 1430 3261 1497 leris.
3166 1479 3269 1542 halte
3165 1528 3262 1595 Son
3168 1580 3262 1637 Hof¬
3171 1625 3256 1689 jung
3173 1681 3261 1735 lerin
3158 1717 3241 1787 ein
3171 1770 3258 1829 Und
3160 1878 3264 1954 Lust
3163 1984 3253 2052 mit
3171 2054 3254 2108 von
3160 2090 3256 2158 de
