3484 4256
320 181 1269 304 4.9. Anatol - Zyklus
1440 195 1794 292 box 9/1
678 912 1129 995 (Quellenangabe ohne Gewähr.)
374 973 1533 1107 Ausschnittsregel freund, Dornbir
376 1114 513 1185 vom
427 1253 1403 1315 Dornbirn, 28. Mai. (Die Abschiedsvor¬
392 1267 1394 1372 stellung der Robertbühne, die gestern
393 1357 1390 1416 in Mohren als Ehrenabend für Watkin
382 1397 1397 1459 Krauer gegeben wurde, wies leider einen
382 1455 1390 1511 hr als mittelmäßigen Besuch auf. — Herr
382 1494 1376 1568 Brauer hatte sich Arthur Schnitzlers „Anatol¬
388 1556 1397 1608 gewählt. „Anatol“ ist ein Weltstadtstück, das in¬
377 1599 1396 1662 nerlich und äußerlich um kein Haar besser ist
380 1649 1403 1712 als „Der gute Ruf Sudermanns. Schnitzler.
383 1695 1393 1761 in Wien, Sudermann in Berlin sind greif¬
379 1742 1390 1794 bare Erscheinungen des sittlichen und künstleri¬
388 1789 1393 1860 schen Niederganges unseres Bühnenwesens wie
376 1844 1393 1920 unserer Literatur überhaupt. Abgesehen davon,
377 1889 1315 1954 daß Schnitzler ein wirklicher Jude ist,
385 1934 1393 2006 feiert jüdischer Geist und jüdisch=triviale
371 1991 1387 2049 Lebensauffassung im Schrifttum unserer Tage
383 2037 1387 2099 seit langem wahre Orgien. Innerlich hohl und
379 2085 1381 2150 leer, können solche Stücke wie Anatol nur
377 2138 1387 2197 einem wirklichen Großstadtpublikum gefallen, das
377 2181 1378 2255 innerlich ebenso hohl und sittlich bresthaft ist,
371 2234 1384 2290 wie diese „Dramen". Die jüdischen Zeitungs¬
371 2281 1387 2340 literaten der Großstadtpresse tun de noch ein
374 2340 1382 2386 übriges, den Schmarren aller Welt als un¬
374 2383 1378 2449 geahnte Kunstleistung anzupreisen, als Beweis,
377 2435 1381 2499 wie herrlich weit es der Mensch des 20. Jahr¬
371 2470 1381 2527 hunderts gebracht habe. In diese Gruppe ge¬
371 2527 1379 2589 hören „Die 5 Frankfurter", die bei uns
370 2588 1379 2642 auch gegeben wurden und von dieser Gruppe
365 2617 1378 2682 bekamen wir als Abschluß den gestrigen Schnitz¬
368 2676 1371 2731 ler zu sehen. — Das Spiel war vortrefflich.
370 2725 1378 2788 Watkin Brauers „Anatol“ hielt sich
364 2774 1375 2835 durchwegs der Rolle angemessen natürlich und
365 2819 1372 2877 war eine achtunggebietende Leistung des jungen
365 2872 1378 2936 und talentvollen Künstlers; ebenso sehr gefiel,
364 2919 1375 2986 wie immer, Willy Schenk, der sich als Max
365 2968 1297 3024 ebenbürtig neben Anatol zu stellen wußte.
368 3014 1371 3077 Frl. Elsa Luise Hauptmann war gestern
368 3070 1369 3123 die reinste Zauberin und trat unter drei ver¬
368 3113 1376 3176 schiedenen Namen auf die Bretter. Besonders
363 3163 1371 3233 gefiel ihre Annie im 2. Akt und ihre Ilona
363 3214 1371 3279 im 3. Akte, Willy Hochhäusler hatte als
365 3258 1375 3322 Diener und Kellner zwar eine Doppelrolle, ohne
360 3310 1288 3368 daß er dabei aber viel zu tun gehabt hätte.
363 3354 1375 3413 Kurzum das mimische Können der Gesellschaft
365 3409 1375 3468 hielt sich auf der altgewohnten Höhe, — wenn
365 3452 1368 3509 auch das Stück, abgesehen von etlichen Situa¬
352 3509 1192 3564 tionswitzen, durchaus unbefriedigt ließ.
1281 3508 1366 3580 Auf
358 3552 911 3621 Wiedersehen übers Jahr!
1110 3555 1272 3645 Rädler.
404 3600 939 3671 in
1993 1721 2374 1847 Ausschnitt aus¬
2130 1894 2296 1984 —
2189 2023 2850 2135 Tägliche Rundschau, Ger¬
2021 2138 2959 2247 Aus dem Kunstlehen.
2054 2243 2953 2342 Im Theater in der Königgrätzer Straße.
1923 2321 3096 2376 wurde gestern (Mittwoch) der Artur-Schnitzlei¬
1931 2368 3093 2421 Abend zum 29. Male wiederholt. Die Neubesetzung der
1934 2414 3086 2466 Frauenrollen gab Veranlassung zu erneutem Besuch der Vor¬
1928 2452 3092 2516 stellung. Ida Wüst war Emilie, war Anni, war Marga¬
1914 2497 3096 2555 rete. Sie war es nicht. Sie gab die Figuren in einer an
1937 2539 3102 2601 sich amüsanten Mischung von geistiger Beschränktheit und
1928 2582 3092 2639 instinktiver Gerissenheit, von Dirnenhaftigkeit und bour¬
1923 2626 3096 2684 geoiser Empfindsamkeit. Aber die Mischung stimmte nicht
1931 2670 3102 2721 ganz. Es fehlte das eigentlich Schnitzlerische; den zarte
1926 2704 3093 2757 Hauch, die sentimentale Süße, die Musik. Die Wirkung war
1931 2756 3096 2803 nach außen gekehrt, dem allzu Greifbaren, grob Bühnen¬
1926 2794 3092 2852 mäßigen zu. Herr Eugen Burg trug noch immer den
1934 2835 3089 2884 Solitär auf dem kleinen Finger und war noch immer nicht
1923 2883 3096 2930 Anatol. Von dem schwermütigen Zauber, der die Gestalt
1923 2925 3093 2981 des skeptischen „lusionisten umwittert, hat er keinen Hauch
1926 2968 3092 3020 verspürt, und noch weiß er nicht, daß Anatol ein Jüngling ist,
1931 3014 3089 3064 ein Träumer, trotz all seiner Ueberreife, müde und ein wenig
1923 3052 3093 3108 traurig, aber nicht der mit allen Wassern gewaschene, blasierte
1920 3096 3079 3149 Roué, für den Herr Burg ihn hält. Anatol-Stimmung
1937 3146 2467 3210 aber der Erinnerungen!
2513 3136 3086 3216 In der Königgrätzer Straße
1898 3185 2377 3251 wissen sie nichts davon.
