3436 4256
363 212 810 299 9. Anatol
1401 217 1757 304 box 9/3
875 208 1220 328 Zyklus
336 384 858 468 Bildnissen bezeichnet werden
392 423 1374 493 Schnitzler=Abend von Johannes Riemann.
321 479 1493 555 Meistersaal sprach Freitag abend Johannes Riemann vor
336 520 1385 584 ausverkauften Hause Schnitzler. Er las, zunächst
328 553 1496 623 Stimmung und Modulation die Einleitungsmannsthals zu
336 590 1493 664 Schnitzlers „Anatol" und „Andrehers letzter Brief", eine
336 635 1493 710 psychologisch ungeheuer seine etwas zu breite Analyse eines
334 671 1498 739 Selbstmorders. „Der eine handfestere, in der Hand¬
343 710 1495 781 lungsführung stellenwein romanhafte Novelle, bot dem Künst¬
343 754 1505 822 ler Gelegenheit, große Darstellungskunst zu entfalten. Den
348 793 1500 858 Beschluß bilda Schnitzler den Vortrag seines „Reigen“ ver¬
340 824 1503 896 botene Episode aus „Anatol“, die den jüngeren Schnitzler
334 872 1503 937 von er besten Seite zeigt. Johannes Riemann, der aus ihr
340 906 1505 1005 ein köstliches Kabinettstück seinen skeptischen Humors schuf, erntete
343 966 688 1031 stürmischen Beifall.
624 1053 1780 1155 Arthur Schnitzlernen. Die zwei Einakterreihe aus dem
584 1109 926 1170 Andro¬
985 1138 1778 1191 Einkäufe, Episode, Denksteine — and
590 1167 1776 1227 am Donnerstag eine des Autors viel würdigere Darstellung als die
594 1206 1768 1269 erste Folge, die hier im Laufe des Sommers gegeben worden ist
595 1240 1781 1309 Die Eleganz der Form, die geistvolle Führung und Zuspitzung des
589 1281 1776 1351 Dialogs, die als charakteristische Vorzüge Schnitzlers hier den einzi¬
595 1326 1776 1391 gen Wert dieser kleinen dramatischen Skizzen ausmachen, kamen
585 1360 1776 1430 diesmal zu recht schöner Wirkung. Den ganzen Abend bestritten
585 1399 1780 1469 „Herr Dunieck und Fräulein Bertram, nur im zweiten Akte
403 1385 1776 1512 der gesellte sich nun noch Herr Ritter als Max. Da Herr
585 1481 1798 1551 Dunici auch die Regie führte, als Anatol diesmal mit dis¬
599 1517 1785 1575 refere und feineren Mitteln arbeitete, darf er mit besonderer An¬
548 1532 1768 1629 erkennung genannt werden. Frl. Bertram hielt mit ihm als Go¬
584 1602 1771 1664 briele, Bianca und Emilie im allgemeinen gut Schritt; nur die
592 1640 1616 1710 Gabriele haben wir hier schon besser, distinguierter gesehen
1655 1660 1768 1720 Uepri¬
585 1682 1780 1769 gens war die Ausstattung der „Weihnachtseinkäufe" doch gar zu
587 1716 729 1774 ärmlich.
614 1740 1764 1826 Das Volks=Theater in Hötting (Gasthof zum Bären.
386 1884 1116 2001 rena Eva. (Das Fabriksmädchen),
450 1945 1599 2073 Sieder geb.
411 2034 1594 2106 Denksteine enfolge „Anator, aus der in Fortsetzung
416 2077 1604 2153 des ersten bends drei neue, selten gegebene Einakter zur Auffüh¬
413 2111 1602 2191 rung gelangte, charakterisiert von seinen dramatischen Werken am
416 2155 1604 2230 besten die Eigenart des früheren Schnitzler. In der Kunstform des
420 2186 1589 2264 Dialoges hat er gleich wie in seinem so viel besprochenen „Reigen
423 2225 1611 2317 sozusagen eine Mittelstufe der dramatischen und epischen Technik
423 2269 1611 2350 geschaffen, die das Raffinement dieser Art, Wirkungen des Aus¬
421 2307 1609 2390 druckes und der Situation zu erzielen, besonders scharf ausprägt.
423 2355 1611 2428 die Leichtigkeit und Schmiegsamkeit des Dialoges, die Grazie und
421 2387 1618 2471 Liebenswürdigkeit der Form, die eigentümliche Mischung von elegi¬
428 2428 1618 2517 schem Weltschmerz und Humor, von ironischer Wehmut und melan¬
432 2471 1614 2549 cholischer Heiterkeit gibt der Szenenfolge psychologische Wahrheit
428 2512 1619 2583 und künstlerische Einheit. Nur frägt es sich, ob der Typ dieses
428 2551 1616 2633 homme a femmes, der vielen Frauen unwiderstehlich ist und dem
437 2590 1619 2669 alle Frauen unwiderstehlich sind, ob dieser Anatol, der im Geiste
444 2640 1623 2708 schwach, im Herzen arm, auch als Liebhaber genügend Interesse ein¬
437 2670 1619 2747 flößt, um für den ganzen Abend zu unterhalten. Denn Anatol ist
439 2721 1618 2791 sich nur eines Triebes bewußt, er kennt nur einen Gesprächsgegen¬
440 2754 1628 2826 stand, einen Pol, um den sich alles dreht. Die Liebe. Man kennt
435 2790 1621 2868 ihn schon nach der ersten Szene durch und durch, ist kaum gespannt
435 2832 1621 2904 auf das folgende, auch wenn die begrenzte Welt, in der sich Anatol
444 2880 1621 2942 bewegt, noch so meisterhaft gezeichnet ist. Von den drei Szenen
444 2919 1631 2993 dünkt uns die erste „Weihnachtseinkäufe die reizendste und zarteste:
439 2955 1623 3027 eine Mondäne, die das kleine Vorstadtmädel um die sie so ganz er¬
450 2993 1624 3066 füllende Liebe zu Anatol beneidet, zu der es ihr an Mut gebricht
440 3042 1633 3110 Es ist bedauerlich, daß der Hauch der Weihnachtsstimmung, der dem
450 3073 1631 3143 reizvollen Bilde die richtige Folio gibt, infolge der geradezu ärm¬
445 3112 1636 3186 lichen Ausstattung gänzlich abfiel. Nichts erinnerte daran, daß man
444 3153 1635 3221 sich mitten im Winter, vor den hellerleuchteten, im elektrischen Lich¬
447 3196 1636 3266 terglanz funkelnden Schaufenstern einer Straße der Großstadt befin¬
450 3238 1638 3300 det. Herr Duniecki, der den Anatol in den drei Szenen gab,
413 3276 1640 3366 diesem Schnitterschen Großstadt alle Eigenart abgelauscht.
570 3394 1464 3491 Neues Morgenzeitung, Innsbruck
836 3488 1116 3592 16. 1919
1322 3684 1524 3769 Seite 8.
375 3800 1565 3860 Lo Bertram gibt die Damen von Welt weit besser, als die der
375 3848 1561 3892 Halbwelt (2. und 3. Bild); dazu fehlt ihr das schillernde, verlockende
379 3887 1565 3936 die Grazie und prickelnde Koketterie, Herr Ritter, der als Max
384 3926 1575 3970 in seiner ruhigen Gelassenheit den Gegenpol Anatols bildet, war
372 3967 1413 4025 um eine Linie zu viel spießbürgerlich, zu wenig Weltmann.
1483 3970 1585 4034 sek.
2054 1278 3001 1367 „Anatol", von Arthur Schnitzler. — „Satans
1974 1339 3001 1406 Maske, Groteste von Abend
1979 1385 2998 1452 solider Heiterkeit konnte man gestern in unserem Stadt¬
1978 1421 3005 1503 theater erleben. Zunächst kam Schnitzlers „Anatol“ mit
1972 1457 3005 1527 drei Szenen zu Worte: „Die Frage an das Schicksal",
1967 1500 3001 1565 „Anatols Hochzeitsmorgen" und „Abschiedssouper. In
1969 1537 3000 1607 allen dreien gab Otto Storm den Anatol. Er zeich¬
1974 1582 3003 1638 nete den leichtsinnigen Menschen höchst stilvoll, launisch¬
1978 1623 3008 1691 mehr wienerisch leichtlebig und holte alle Stimmungen
1974 1662 3006 1722 und Feinheiten sorgfältig aus der Rolle. Den Max
1974 1701 3005 1773 gibt Emil Feldmar mit trockenen, etwas derben
1978 1745 3003 1804 Humor, weniger elegant, aber urwüchsig gesund.
1981 1781 3006 1841 Die Anni im „Abschiedssouper spielte Gisa Klär¬
1974 1821 3015 1877 mann, die einen keck zugreifenden Humor entwickelte
1984 1860 3008 1916 und den Beweis erbrachte, daß sie auch im Lustspiel
1989 1899 3012 1957 ihren Platz ausfüllt. Voll Schick war wieder Christi
1983 1937 3015 1998 Hernann als Ilona, die das echauffierte Wiener
1986 1979 3010 2034 Mädel in Haltung, Sprache und Kostüm reizend ge¬
1996 2025 3012 2077 staltete In der „Frage an das Schicksal trat Lisa
1983 2053 3003 2121 Werner als Cora trefflich hervor. — Im Anschluß
1986 2104 3015 2155 an diese lustigen Szenen reihte sich Czinners Groteske
1986 2136 3013 2194 „Satans Maske, die unser Theaterpublikum in der
1981 2175 3013 2223 vorvorherigen Spielzeit kennen lernte. Man erinnert
1993 2211 3018 2273 sich gern an die lustigen Szenen, in welchen die Schön¬
1993 2251 3018 2312 heit und die List des Weibes einen sonst klugen und
2001 2286 3025 2360 schlauen Mann in ihre Netze lockt und ihren Wünschen
1986 2341 3018 2404 gefügig macht. Das schöne Weib gab Frau Dir. Lin¬
1993 2380 3017 2440 zer, die die Schauspielerin Lubia mit allen Finessen
1995 2414 3018 2467 weiblicher Koketterie ausstattete. Den Theaterdirektor
1984 2452 3017 2522 gab Emil Feldmar, der sämtliche Einakter auch
1993 2491 3018 2546 inszenierte. Die Rolle gab ihm Gelegenheit, seine Cle¬
1993 2525 3018 2585 ganz und Klugheit zu zeigen. Es war kein gewöhnliches
1993 2568 3023 2624 Vergnügen, die Steigerung zu beobachten, die Herr
1998 2611 3020 2677 Feldmar der banalen Kurve dieser allzu verblümt aus
1993 2646 3023 2696 einen Bluff lossteuernden Groteske gab. Alle vier Akte
1993 2694 3025 2754 waren in ihrem Zusammenspiel sein abgestimmt und
2001 2728 3023 2793 gaben einen fröhlichen, heiteren Abend. Leider war das
1993 2761 3037 2829 Haus nur sehr schwach besucht, ein Umstand, der sehr
2001 2805 3017 2875 zu bedauern ist, denn unser Lustspiel ist vortreffli¬
2000 2843 3037 2926 und verdient ein volles Haus. Die Anerkennung at
1993 2894 2684 2947 allgemein und der Beifall sehr stark.
2005 2942 2133 3001 —
