3436 4224
253 35 807 116 .
253 99 1101 152 Jungösterreicher mit der subtileren Kultur und der
246 152 1109 202 weltschmerzlich lächelnden Walzerstimmung ihrer Stadt
2726 119 3086 223 box 8/5
2258 134 2562 235 Zyklus
1612 144 2169 246 4.9. Anatol
246 185 1104 243 unseren bitterernsten Naturalismus bereicherten, und
238 233 1109 289 sie haben sich unverändert frisch erhalten, obschon sie
246 276 1104 332 heute das für moderne Literaturwerke bereits ehrwür¬
251 319 1106 372 dige Alter von siebzehn Jahren aufweisen. Wir
251 354 1106 423 hören noch immer mit Behagen die gräflöse Welt¬
248 402 1109 456 weisheit der Dialoge an, in denen der „leichtsinnige
258 451 1109 506 Melancholiken" Anatol und sein realistisch gesinnter
253 494 1111 552 Freund Max ihre Erlebnisse und Anschauungen über
251 534 1109 600 das unendliche Thema „Weib" austauschen, während
261 582 1109 638 zwischen dem blasierten Schwärmer und dem ver
256 623 1109 681 gnüglichen Skeptiker eine sympathische Reihe füßer
253 666 1111 724 Mädel und mondäner Frauen habinhüpft, als lebendige
253 711 1114 770 Exempla, an denen ihre törichten und gescheiten
251 757 1109 807 Doktrinen demonstriert werden. Diese Gespräche
838 792 1109 858 Tramolet zierlich
258 797 805 861 schaukeln zwischen Novellette und
248 838 1114 901 hin und her, aber nachdem man schon früher mit ein¬
251 886 1109 954 zelnen von ihnen gelungene Bühnenversuche angestellt
251 932 1114 985 ergab sich gestern, daß sie reich genug sind, auch die
251 972 1109 1025 Kosten eines ganzen Theaterabends zu bestreiten. Es
258 1018 1121 1078 gab sogar in diesem losen Gefüge so etwas wie eine
251 1066 1104 1129 dramatische Entwicklung, symbolisch dargestellt an —
258 1111 1116 1164 Anatols Schädel: der zeigte nämlich üppigen Haar¬
256 1157 1109 1218 schmuck, als der Held so vieler kleiner Abenteuer
2250 1174 3273 1223 Hochzeitsmorgen". Der armselige, nun schon
248 1197 1114 1268 vor der „hypnotisierten Cora die „Frage an
2250 1220 3268 1276 etwas liebesinvalide Held hat am Morgen seines
251 1240 1045 1296 das Schicksal, nämlich die, ob
2248 1258 3265 1309 Hochzeitstages, am Morgen nach der letzten Freiheits¬
253 1281 1114 1336 ihm treu sei, — lieber nicht stellt. Wir dürfen ihn,
2250 1304 3255 1354 nacht, eine frühere Freundin bei sich. Die Schwierig¬
253 1326 1114 1382 also den Haarschmuck, noch ebenso üppig unter dem
2258 1344 3258 1390 keit, sie los zu werden, die Wut der wilden Kleinen,
258 1372 1116 1430 Zylinder vermuten, unter dessen Schutz Anatol die
2250 1382 3265 1428 Anatols Angst, sie könnte die Hochzeit stören, bildet
253 1410 1116 1473 elegante Gabriele auf winterlicher Straße bei ihren
2255 1425 3268 1471 den Inhalt dieser Episode. Die Verlegenheiten sind
251 1453 1116 1516 „Weihnachtseinkäufen" in ein pikantes Ge¬
2248 1463 3270 1526 geschickt gesteigert und da das kleine Stückchen so flott
261 1501 1119 1557 spräch verwickelt. Aber er offenbart bedenkliche kleine
2255 1504 3265 1557 gespielt wurde, erkämpfte es sich seinen Beifalls=Ertrag,
251 1549 1116 1600 Lücken im „Abschieds souper, da die betrogenen
2255 1549 3265 1620 trotz der im Hause bereits eingetretenen allgemeinen
2255 1585 2468 1650 Ermüdung.
261 1590 1119 1643 Betrüger sich gegenübersitzen. Er wird dünner und
2314 1605 3268 1681 Die Anatol-Szenen wurden überhaupt recht frisch
253 1628 1116 1691 dünner in der „Episode", da das eitle Männchen
2250 1666 3265 1716 gespielt und waren von Emil Lessing mit vielem Ge¬
261 1676 1109 1729 erleben muß, daß ihn ein Weibchen radikal vergesser
2250 1709 3275 1757 schmack inszeniert. Freilich waren die Vertreter der
261 1721 1119 1774 hat. Und er ist zur leuchtenden Glatze mit einsam
2248 1749 3273 1795 beiden Hauptrollen für ihre Aufgaben geistig zu reif.
261 1764 1119 1825 sich schlängelnder Sardelle am „Hochzeits¬
2255 1790 3273 1840 Herr Monnard war mit allem Geschick bestrebt, den
251 1802 1114 1873 morgen" geworden, da Anatol sein Bräutigams¬
1562 1779 2055 1893 41916
2250 1830 3273 1881 weichen, schleppenden Ton des dekadenten Wiener Gigerl
258 1853 1116 1906 bukett vor der rabiaten Ilona retten muß, mit der
2250 1871 3275 1926 zu treffen wie er im Aeußern das Wesen charakterisierte.
251 1896 1114 1957 er Abschiedsnacht gefeiert, bevor die Ehe ihn ein¬
2255 1911 3265 1962 Herr Reicher, der vor zwanzig Jahren an der ersten
1395 1911 2207 2002 Berliner Börsen Courier, Berlin
261 1936 1119 1990 heimst. Der Träger dieser tragischen Perückenfolge
2255 1952 3268 2002 Aufführung eines dieser Stückchen mitwirkte und also
251 1949 1304 2048 war Heinz Monnard, der für den unsterblichen
2250 1992 3268 2045 aus Pietät wieder mittat gab den liebenswürdigsten
1597 1987 2015 2071 Morgenausgabe
261 2030 1119 2081 Typus des liebenswürdigen Snob viel drollige Laune
2258 2040 3258 2083 Räsonneur, aber man sträubte sich gegen die Annahme,
261 2073 1119 2124 und ein geschickt abgewogenes Quantum verliebter
2245 2076 3268 2124 daß diese beiden wuchtigeren Darsteller sich andauernd
266 2111 1116 2159 Tumbheit aufbrachte. Wie die ganze Vorstellung des
2255 2116 3268 2164 mit derlei Primaner= oder Studenten=Liebeleien ernst¬
2255 2149 3273 2210 haft befassen. Frl. Somary war flott und frisch im
263 2157 1109 2212 Lessing=Theaters war auch dieser Anatol ein weni¬
1440 2162 2038 2265 Vor den Kulissen.
2250 2200 3265 2243 ersten Stückchen, Frl. Lossen wollte aus der kleinen
263 2195 1121 2250 aufs Deutliche und Derbe gestimmt. Die Szenen
2258 2240 3268 2288 Rolle im zweiten mehr herausschlagen, als sie bietet
258 2240 1121 2293 verlieren dadurch etwas von der zarten Lässigkeit ihrer
1281 2235 2233 2301 Das Lessing=Theater, das uns bald Arthur
2316 2273 3268 2329 der Zettel verzeichnet übrigens hier wieder den
263 2293 1121 2339 dekadenten Ironie, aber sie gewinnen dafür an
1228 2293 2233 2341 Schnitzlers neuestes Werk darbieten will, brachte uns
1233 2316 3268 2384 gestern den Altestes. An die zwanzig Jahre sind die Max, der aber gar nicht erscheint. Im „Abschieds¬
266 2336 1119 2384 bühnenmäßiger Schlagkraft. Kam Herr Monnard
2258 2362 3258 2412 souper bewährte Frl. Sussin sehr viel Geschick
1233 2377 2233 2420 Anatol-Szenen alt, seit achtzehn Jahre liegen sie
266 2379 1129 2430 immerhin aus Wien, so stammte der Max von
2891 2397 3258 2463 die Nawetät nur
1233 2400 2777 2463 im Druck vor, der Autor ist längst und hoch über die und überlegene Sicherheit
263 2425 1124 2481 Emanuel Reicher leider aus Budapest oder noch
2260 2438 3270 2496 fehlte, die diesem Stücken das Verletzende
1240 2460 2233 2506 Entwicklungsphase hinausgewachsen, der jene Skizzen
281 2463 1116 2521 ferneren südöstlichen Gegenden. Wie im Alter
2255 2483 3265 2531 nimmt. Die kleine Szene der Zirkus=Bianca im
1228 2503 2233 2552 entstammen, und gestern erst wurden sie auf einer
271 2514 1119 2562 (Herr Reicher kann sehr viel jünger aussehen) so in
1248 2521 3270 2589 Berliner Bühne, zu einem Strauß gebunden, einer vierten Stückchen lag Frl. Herterich recht gut und
261 2552 1119 2612 den Manieren entfernte sich dieser Konsident all¬
1233 2564 3268 2630 verständnisvoll empfänglichen Zuschauerschar vor die Ilona gab denn Frau Irene Triesch Gelegen¬
266 2602 1124 2660 zuweit von seinem Herzensfreund. Zu dem
1235 2605 3258 2668 gesetzt. Nicht alle sieben freilich, aber doch fünf, die heit, ihre erstaunliche Vielseitigkeit zu bewähren.
2260 2648 3258 2696 Diese temperamentsprühende kleine Frau, anschmieg¬
268 2645 1116 2701 Reigen der „Verschiedenen": der Cora, Annie,
1233 2660 2233 2708 den Zeitumfang eines Theaterabends gerade füllen
2258 2688 3258 2739 sam und schmeichelnd wie ein Kätzchen, ungebärdig
271 2691 613 2749 Gabriele, Bianca
686 2686 1116 2751 Ilona reichten sich
1233 2706 2222 2757 Zwei dieser kleinen, pikanten Dialoge un
2255 2726 3255 2777 wie eine Wildkatze, ist das wirklich unsere reichbeseelte
263 2731 1121 2792 Fräulein Somary, Fräulein Lossen, Frau
1233 2744 2230 2787 Szenen sind hier schon früher gespielt worden. „Di¬
2255 2769 3258 2817 Ibsen=Darstellerin, wirklich die geistgetragene Jeanne
263 2779 1121 2838 Sussin, Fräulein Herterich und Frau
1233 2784 2230 2838 Frage an das Schicksal im Residenz=Theater
2255 2807 3255 2870 d'Arc, wirklich die Priesterin im Tempel unserer klassi¬
258 2822 1124 2881 Triesch ihre sanften und temperamentvollen, zärt¬
1230 2830 2233 2878 mit Jarno als Anatol, das „Abschiedssouper“ wurde
2260 2850 2552 2916 schen Dichtung?
1230 2860 2228 2926 hier sogar viel und oft und auf sehr vielen Bühnen
261 2873 1124 2924 lichen und kräftigen Hände. Mit besonderem Erfolg
2306 2870 3255 2944 Der ganze Anatol-Abend ist als eine hübsche
1233 2908 2230 2959 gegeben, mit Hansi Niese, mit Gisela Schneider=Nissen
263 2913 1121 2964 Frau Sussin, die sich im „Abschiedssouper" als be¬
2260 2913 3258 2984 Studie zur Kenntnis von Schnitzlers Entwick¬
1235 2951 2228 3000 mit der Sorma sogar, und mit der ersten Dar¬
268 2951 1109 3007 schwipste Treulosigkeit von ausgelassenster Fidelität
2255 2972 3258 3025 lung, nicht als Charakterisierung Schnitzlers an¬
1233 2987 2230 3045 stellerin der Rolle, mit Adele Sandrock. In ihren
268 3002 1119 3048 nicht zuletzt auch als bewundernswerte Esserin mit herr¬
2258 3007 3258 3063 zusehen. Derlei auf einen ironisch-pessimistischen
1235 3027 2233 3081 Zusammenhange erst, in ihrer Geschlossenheit, geben
271 3045 1119 3093 lich ungenierten Gewohnheiten einen wohlverdienten
2258 3055 3255 3101 Ton gestimmte Jugendarbeiten haben viele unserer
1225 3081 2225 3126 die fünf von den sieben Anatol-Szenen ein Bild de¬
263 3083 620 3159 Sonderapplaus holte.
1230 3091 3253 3192 jugendlichen Verfassers, des Arthur Schnitzler von Dramatiker einmal veröffentlicht. Sudermanns
2258 3139 3255 3184 Geschichten „Im Zwielicht" sind den Schnitzlerschen
1228 3146 1534 3207 1890 oder 1891.
2835 3174 3255 3230 Nur daß uns hier
2260 3182 2779 3240 Skizzen nahe verwandt.
1286 3187 2228 3248 Daß die fünf kleinen Schöpfungen weder einzeln
2255 3212 3258 3291 manche aus Uebermut in Wehmut, aus Wehmut in
1233 3227 2230 3283 Dramen irgendwelcher Art bilden, noch insgesamt zu
2817 3260 3005 3308 Momente
3162 3258 3263 3311 recht
2250 3260 2769 3329 Uebermut umspringende
1233 3275 2222 3324 einem einheitlichen Stück sich zusammenschließen, ob
2255 3288 3253 3344 Wienerisch anmuten, wie Straußische Melodien,
1233 3313 2225 3359 wohl die zwei männlichen handelnden oder sprechen
1230 3341 3265 3402 den Personen dieselben bleiben und auch die Nur daß der „leichtsinnige Melancholiker Anatol die
1228 3379 3253 3437 weiblichen nur die Namen wechseln, das würde Züge des jungen Schnitzler zeigt. Dem ge¬
1225 3417 3255 3513 dem Erfolge wahrlich keinen Eintrag tun. Gerade reiften Schnitzler von heute werden wir an gleicher
2258 3465 2800 3536 Stätte bald wieder begegnen.
3068 3460 3197 3534 J. L.
1225 3475 2225 3526 unsere Zeit hat ja eine fast krankhafte Vorlieb¬
1233 3521 2233 3569 für alles was von der Norm, vom Gewohnten ab¬
1228 3561 2228 3607 weicht. Aber die immer wieder, immer aufs Neue sich
1228 3602 2240 3653 wiederholenden Gespräche über das Thema Liebe er¬
1225 3642 2240 3693 müden — oder eigentlich über das Thema „Lie¬
1225 3683 2235 3734 belei“. Denn erste, flüchtige Entwürfe zum erfolg¬
1225 3726 2235 3779 reichsten Stück Schnitzlers, zu „Liebelei", stellen diese
1230 3761 2233 3815 Szenen dar: Erste Skizzen zu dem später so vor¬
1228 3804 2233 3850 trefflich, so meisterlich ausgeführten Porträt des
1228 3850 2238 3893 Wiener füßen Mädels. Die Gespräche sind
1228 3885 2233 3941 jedesmal durch ein pikantes Beispiel, durch
1228 3931 2238 3984 ein psychologisches Experiment belebt, aber die
1225 3969 2235 4022 manieriert pessimistische Weltanschauung, die in diesen
1228 4015 2235 4055 Gesprächen und Beispielen sich kundgibt, ist nirgends
1220 4050 2235 4098 Extrakt von Leben und Erfahrung, sondern überall
