<?xml version="1.0" encoding="UTF-8" standalone="yes"?>
<PcGts xmlns="http://schema.primaresearch.org/PAGE/gts/pagecontent/2013-07-15" xmlns:xsi="http://www.w3.org/2001/XMLSchema-instance" xsi:schemaLocation="http://schema.primaresearch.org/PAGE/gts/pagecontent/2013-07-15 http://schema.primaresearch.org/PAGE/gts/pagecontent/2013-07-15/pagecontent.xsd">
    <Metadata>
        <Creator>prov=READ-COOP:name=PyLaia@TranskribusPlatform:version=2.12.1:model_id=39995:lm=provided:date=29_03_2024_01:46</Creator>
        <Created>2019-10-07T11:49:42.619+02:00</Created>
        <LastChange>2024-03-29T01:46:48.049+01:00</LastChange>
        <TranskribusMetadata docId="223994" pageId="9504436" pageNr="98" tsid="156430136" status="IN_PROGRESS" userId="40391" imgUrl="https://files.transkribus.eu/Get?id=OKTUEQSGXBJSOVXHWMJBTGMX&amp;fileType=view" xmlUrl="https://files.transkribus.eu/Get?id=PQWIPCIKNBZTDSMTEOBUJDBF" imageId="6194650"/>
    </Metadata>
    <Page imageFilename="223994_0098.jpeg" imageWidth="3436" imageHeight="4256">
        <ReadingOrder>
            <OrderedGroup id="ro_1712662516581" caption="Regions reading order">
                <RegionRefIndexed index="0" regionRef="tr_1"/>
                <RegionRefIndexed index="1" regionRef="tr_2"/>
            </OrderedGroup>
        </ReadingOrder>
        <TextRegion orientation="0.0" id="tr_1" custom="readingOrder {index:0;}">
            <Coords points="271,248 271,3110 1728,3110 1728,248"/>
            <TextLine id="tr_1_tl_1" custom="readingOrder {index:0;}">
                <Coords points="1364,280 1458,303 1485,286 1530,298 1556,275 1636,298 1669,282 1724,289 1724,217 1604,218 1542,243 1513,223 1364,212"/>
                <Baseline points="1372,274 1397,274 1422,275 1448,276 1473,277 1499,277 1524,277 1550,277 1575,277 1600,277 1626,277 1651,276 1677,274 1702,273 1728,271"/>
                <TextEquiv>
                    <Unicode>box 8/5</Unicode>
                </TextEquiv>
            </TextLine>
            <TextLine id="tr_1_tl_2" custom="readingOrder {index:1;}">
                <Coords points="263,289 1230,309 1230,256 1147,220 263,238"/>
                <Baseline points="271,283 319,288 367,289 415,291 463,290 511,289 559,289 607,289 655,286 703,286 751,285 799,282 847,281 895,282 943,282 991,283 1039,283 1087,283 1135,281 1183,280 1232,280"/>
                <TextEquiv>
                    <Unicode>4.9. Anatol - Zyklus</Unicode>
                </TextEquiv>
            </TextLine>
            <TextLine id="tr_1_tl_3" custom="readingOrder {index:2;}">
                <Coords points="1191,1533 1548,1530 1548,1468 1381,1449 1319,1468 1295,1459 1250,1471 1217,1452 1191,1464"/>
                <Baseline points="1199,1504 1224,1504 1249,1504 1274,1504 1299,1504 1324,1504 1349,1504 1375,1504 1400,1504 1425,1504 1450,1504 1475,1504 1500,1504 1525,1504 1551,1504"/>
                <TextEquiv>
                    <Unicode>Telephon 12.801.</Unicode>
                </TextEquiv>
            </TextLine>
            <TextLine id="tr_1_tl_4" custom="readingOrder {index:3;}">
                <Coords points="1309,1611 1321,1610 1327,1617 1334,1613 1341,1620 1361,1608 1366,1613 1383,1603 1393,1610 1397,1607 1407,1610 1409,1559 1380,1561 1368,1552 1350,1556 1340,1550 1331,1552 1325,1546 1312,1549"/>
                <Baseline points="1319,1596 1349,1596 1380,1595 1411,1593"/>
                <TextEquiv>
                    <Unicode>4</Unicode>
                </TextEquiv>
            </TextLine>
            <TextLine id="tr_1_tl_5" custom="readingOrder {index:4;}">
                <Coords points="1212,1633 1228,1630 1238,1639 1244,1634 1256,1642 1263,1639 1282,1655 1286,1649 1305,1655 1328,1647 1327,1579 1308,1582 1299,1575 1280,1574 1263,1587 1251,1584 1222,1603 1212,1603"/>
                <Baseline points="1220,1626 1247,1624 1275,1624 1303,1626 1331,1629"/>
                <TextEquiv>
                    <Unicode></Unicode>
                </TextEquiv>
            </TextLine>
            <TextLine id="tr_1_tl_6" custom="readingOrder {index:5;}">
                <Coords points="644,1696 724,1676 827,1692 881,1669 991,1694 1051,1669 1150,1678 1153,1532 1117,1546 1085,1522 1022,1546 788,1542 646,1620"/>
                <Baseline points="653,1677 678,1672 703,1663 728,1662 753,1662 778,1662 803,1662 828,1660 853,1659 878,1659 904,1659 929,1659 954,1661 979,1662 1004,1662 1029,1662 1054,1662 1079,1660 1104,1657 1129,1653 1155,1650"/>
                <TextEquiv>
                    <Unicode>OBSER</Unicode>
                </TextEquiv>
            </TextLine>
            <TextLine id="tr_1_tl_7" custom="readingOrder {index:6;}">
                <Coords points="491,1750 1546,1728 1497,1672 493,1691"/>
                <Baseline points="501,1740 553,1737 605,1737 658,1737 710,1733 762,1731 815,1731 867,1729 919,1728 972,1728 1024,1728 1076,1727 1129,1725 1181,1725 1233,1725 1286,1722 1338,1725 1390,1725 1443,1725 1495,1725 1548,1722"/>
                <TextEquiv>
                    <Unicode>1. österr. beh. konz. Unternehmen für Zeitungs¬</Unicode>
                </TextEquiv>
            </TextLine>
            <TextLine id="tr_1_tl_8" custom="readingOrder {index:7;}">
                <Coords points="694,1790 1038,1779 1165,1798 1345,1772 1345,1734 1309,1731 694,1734"/>
                <Baseline points="701,1769 733,1769 765,1769 798,1769 830,1769 863,1769 895,1769 927,1767 960,1766 992,1766 1025,1766 1057,1766 1089,1766 1122,1766 1154,1766 1187,1766 1219,1766 1251,1766 1284,1764 1316,1764 1349,1766"/>
                <TextEquiv>
                    <Unicode>Ausschnitte und Bibliographie.</Unicode>
                </TextEquiv>
            </TextLine>
            <TextLine id="tr_1_tl_9" custom="readingOrder {index:8;}">
                <Coords points="669,1861 1090,1838 1189,1870 1337,1834 1390,1857 1392,1798 955,1785 905,1815 857,1790 670,1789"/>
                <Baseline points="677,1835 712,1835 748,1835 784,1835 820,1835 856,1835 891,1833 927,1832 963,1832 999,1831 1035,1829 1070,1829 1106,1831 1142,1831 1178,1829 1214,1829 1249,1829 1285,1829 1321,1828 1357,1827 1393,1829"/>
                <TextEquiv>
                    <Unicode>Wien, I., Concordiaplatz 4.</Unicode>
                </TextEquiv>
            </TextLine>
            <TextLine id="tr_1_tl_10" custom="readingOrder {index:9;}">
                <Coords points="890,1916 965,1905 977,1913 1056,1905 1071,1915 1085,1906 1110,1919 1124,1906 1175,1912 1175,1851 1107,1874 1094,1864 1062,1868 1013,1844 945,1870 890,1871"/>
                <Baseline points="898,1898 923,1898 948,1898 974,1898 999,1898 1025,1898 1050,1898 1076,1898 1101,1898 1127,1898 1152,1897 1178,1895"/>
                <TextEquiv>
                    <Unicode>Vertretungen</Unicode>
                </TextEquiv>
            </TextLine>
            <TextLine id="tr_1_tl_11" custom="readingOrder {index:10;}">
                <Coords points="496,1961 1548,1951 1558,1897 920,1920 725,1880 496,1923"/>
                <Baseline points="504,1948 556,1946 609,1945 662,1945 715,1945 768,1943 820,1944 873,1942 926,1940 979,1939 1032,1938 1084,1937 1137,1939 1190,1937 1243,1936 1296,1936 1348,1936 1401,1934 1454,1934 1507,1934 1560,1936"/>
                <TextEquiv>
                    <Unicode>in Berlin, Brüssel, Budapest, Chicago, Cleveland, Christiania,</Unicode>
                </TextEquiv>
            </TextLine>
            <TextLine id="tr_1_tl_12" custom="readingOrder {index:11;}">
                <Coords points="496,1996 1533,1987 1552,1948 496,1961"/>
                <Baseline points="504,1987 556,1985 609,1984 661,1984 714,1981 766,1981 819,1981 871,1981 924,1978 976,1978 1029,1978 1081,1977 1134,1977 1186,1976 1239,1975 1291,1975 1344,1974 1396,1972 1449,1972 1501,1972 1554,1978"/>
                <TextEquiv>
                    <Unicode>Genf, Kopenhagen, London, Madrid, Mailand, Minneapolis,</Unicode>
                </TextEquiv>
            </TextLine>
            <TextLine id="tr_1_tl_13" custom="readingOrder {index:12;}">
                <Coords points="501,2052 1522,2035 1552,1987 503,1990"/>
                <Baseline points="510,2026 562,2026 614,2023 666,2026 718,2023 771,2023 823,2021 875,2020 927,2017 979,2017 1032,2016 1084,2015 1136,2017 1188,2015 1240,2014 1293,2011 1345,2014 1397,2013 1449,2011 1501,2011 1554,2014"/>
                <TextEquiv>
                    <Unicode>New-York, Paris, Rom, San Francisco, Stockholm, St. Peters¬</Unicode>
                </TextEquiv>
            </TextLine>
            <TextLine id="tr_1_tl_14" custom="readingOrder {index:13;}">
                <Coords points="896,2065 994,2075 1013,2061 1043,2072 1091,2059 1165,2063 1165,2029 1126,2020 1069,2032 1017,2020 998,2036 974,2024 925,2030 896,2019"/>
                <Baseline points="904,2056 930,2056 957,2056 983,2056 1010,2056 1036,2056 1063,2054 1089,2053 1116,2053 1142,2054 1169,2056"/>
                <TextEquiv>
                    <Unicode>burg, Toronto.</Unicode>
                </TextEquiv>
            </TextLine>
            <TextLine id="tr_1_tl_15" custom="readingOrder {index:14;}">
                <Coords points="847,2111 923,2124 965,2100 998,2108 1035,2092 1131,2121 1170,2098 1209,2098 1211,2071 1165,2058 968,2075 848,2050"/>
                <Baseline points="856,2095 881,2093 907,2092 932,2092 958,2092 983,2092 1009,2092 1035,2092 1060,2092 1086,2092 1111,2092 1137,2091 1162,2089 1188,2090 1214,2092"/>
                <TextEquiv>
                    <Unicode>Quellenangabe ohne Gewehr.</Unicode>
                </TextEquiv>
            </TextLine>
            <TextLine id="tr_1_tl_16" custom="readingOrder {index:15;}">
                <Coords points="496,2195 1020,2211 1137,2181 1204,2211 1257,2176 1516,2169 1517,2097 496,2131"/>
                <Baseline points="504,2175 554,2172 605,2170 656,2169 707,2169 757,2172 808,2169 859,2170 910,2174 960,2180 1011,2179 1062,2176 1113,2175 1163,2172 1214,2169 1265,2169 1316,2168 1366,2164 1417,2161 1468,2157 1519,2154"/>
                <TextEquiv>
                    <Unicode>Ausdehnt und Ernte¬</Unicode>
                </TextEquiv>
            </TextLine>
            <TextLine id="tr_1_tl_17" custom="readingOrder {index:16;}">
                <Coords points="473,2318 1572,2299 1633,2230 1490,2256 1358,2202 1136,2269 1056,2230 475,2225"/>
                <Baseline points="480,2286 537,2294 595,2294 653,2300 711,2302 768,2307 826,2307 884,2307 942,2306 999,2299 1057,2285 1115,2281 1173,2275 1230,2274 1288,2277 1346,2275 1404,2274 1461,2274 1519,2270 1577,2266 1635,2265"/>
                <TextEquiv>
                    <Unicode>chen</Unicode>
                </TextEquiv>
            </TextLine>
            <TextLine id="tr_1_tl_18" custom="readingOrder {index:17;}">
                <Coords points="1092,2396 1169,2376 1215,2394 1360,2378 1396,2406 1435,2406 1584,2378 1585,2316 1556,2326 1493,2300 1448,2322 1409,2300 1351,2341 1279,2312 1094,2345"/>
                <Baseline points="1101,2369 1126,2369 1152,2369 1177,2371 1203,2372 1228,2372 1254,2371 1280,2369 1305,2367 1331,2366 1356,2364 1382,2362 1407,2360 1433,2360 1459,2360 1484,2360 1510,2361 1535,2364 1561,2367 1587,2369"/>
                <TextEquiv>
                    <Unicode>tunteet</Unicode>
                </TextEquiv>
            </TextLine>
            <TextLine id="tr_1_tl_19" custom="readingOrder {index:18;}">
                <Coords points="757,2462 825,2455 884,2478 913,2456 1014,2477 1075,2459 1204,2472 1202,2399 1144,2393 1062,2423 1016,2402 857,2386 756,2399"/>
                <Baseline points="764,2447 790,2447 816,2448 842,2449 868,2451 894,2453 920,2453 946,2453 972,2453 999,2453 1025,2453 1051,2453 1077,2453 1103,2453 1129,2453 1155,2455 1181,2456 1208,2456"/>
                <TextEquiv>
                    <Unicode>Berliner Premieren.</Unicode>
                </TextEquiv>
            </TextLine>
            <TextLine id="tr_1_tl_20" custom="readingOrder {index:19;}">
                <Coords points="561,2496 1078,2510 1123,2535 1366,2524 1381,2474 559,2462"/>
                <Baseline points="567,2495 608,2495 649,2498 690,2500 731,2499 772,2498 813,2501 854,2504 895,2504 936,2504 977,2504 1018,2504 1059,2504 1100,2518 1141,2518 1182,2514 1223,2513 1264,2514 1305,2517 1346,2518 1387,2513"/>
                <TextEquiv>
                    <Unicode>Berlin, 3. Dez. (Privattel.) Arthur Schnitz</Unicode>
                </TextEquiv>
            </TextLine>
            <TextLine id="tr_1_tl_21" custom="readingOrder {index:20;}">
                <Coords points="517,2548 1474,2540 1536,2579 1517,2475 1121,2535 974,2501 517,2519"/>
                <Baseline points="525,2539 575,2540 626,2542 677,2542 728,2542 778,2542 829,2542 880,2542 931,2542 981,2544 1032,2545 1083,2547 1134,2548 1184,2548 1235,2549 1286,2551 1337,2551 1387,2546 1438,2540 1489,2539 1540,2536"/>
                <TextEquiv>
                    <Unicode>bekannte Szenenreibe „Anatol, organe</Unicode>
                </TextEquiv>
            </TextLine>
            <TextLine id="tr_1_tl_22" custom="readingOrder {index:21;}">
                <Coords points="514,2607 1438,2595 1436,2562 1386,2553 513,2546"/>
                <Baseline points="522,2587 570,2584 618,2584 667,2584 715,2584 763,2584 812,2585 860,2585 908,2584 957,2586 1005,2587 1054,2587 1102,2587 1150,2590 1199,2590 1247,2590 1295,2590 1344,2591 1392,2592 1441,2590"/>
                <TextEquiv>
                    <Unicode>Ironie psychologische Bildchen aus dem wechsel¬</Unicode>
                </TextEquiv>
            </TextLine>
            <TextLine id="tr_1_tl_23" custom="readingOrder {index:22;}">
                <Coords points="514,2633 1464,2649 1462,2581 1353,2614 514,2605"/>
                <Baseline points="522,2629 569,2626 616,2626 663,2626 711,2626 758,2626 805,2627 853,2629 900,2629 947,2629 995,2629 1042,2629 1089,2629 1136,2631 1184,2632 1231,2632 1278,2635 1326,2635 1373,2635 1420,2635 1468,2629"/>
                <TextEquiv>
                    <Unicode>wollen Liebesleben eines Wiener Lebemannes und</Unicode>
                </TextEquiv>
            </TextLine>
            <TextLine id="tr_1_tl_24" custom="readingOrder {index:23;}">
                <Coords points="512,2675 1435,2685 1435,2654 1347,2641 512,2634"/>
                <Baseline points="519,2671 567,2671 615,2668 664,2668 712,2668 760,2668 809,2669 857,2671 905,2671 954,2671 1002,2673 1051,2674 1099,2674 1147,2674 1196,2674 1244,2677 1292,2678 1341,2679 1389,2678 1438,2674"/>
                <TextEquiv>
                    <Unicode>Stimmungskünstlers festhält, wurde im Lessing¬</Unicode>
                </TextEquiv>
            </TextLine>
            <TextLine id="tr_1_tl_25" custom="readingOrder {index:24;}">
                <Coords points="512,2718 1305,2735 1435,2727 1435,2685 510,2683"/>
                <Baseline points="519,2709 567,2709 615,2712 664,2709 712,2709 760,2710 809,2712 857,2714 905,2715 954,2715 1002,2715 1051,2715 1099,2715 1147,2715 1196,2718 1244,2718 1292,2719 1341,2721 1389,2721 1438,2721"/>
                <TextEquiv>
                    <Unicode>heater in 5 Akten zum ersten Male gegeben.</Unicode>
                </TextEquiv>
            </TextLine>
            <TextLine id="tr_1_tl_26" custom="readingOrder {index:25;}">
                <Coords points="509,2763 1387,2779 1432,2767 1432,2727 1147,2747 507,2712"/>
                <Baseline points="516,2754 564,2754 612,2754 661,2753 709,2752 757,2754 806,2754 854,2754 902,2756 951,2757 999,2759 1048,2760 1096,2757 1144,2757 1193,2760 1241,2760 1289,2760 1338,2760 1386,2760 1435,2760"/>
                <TextEquiv>
                    <Unicode>Dabei erwiesen sich Teile „Frage an das Schick¬</Unicode>
                </TextEquiv>
            </TextLine>
            <TextLine id="tr_1_tl_27" custom="readingOrder {index:26;}">
                <Coords points="512,2809 1432,2816 1423,2766 512,2764"/>
                <Baseline points="519,2799 564,2796 610,2796 656,2799 702,2799 748,2799 793,2799 839,2799 885,2799 931,2799 977,2799 1022,2800 1068,2802 1114,2802 1160,2802 1206,2803 1251,2804 1297,2803 1343,2805 1389,2805 1435,2802"/>
                <TextEquiv>
                    <Unicode>sal und Abschiedssouper wieder als die bühnen¬</Unicode>
                </TextEquiv>
            </TextLine>
            <TextLine id="tr_1_tl_28" custom="readingOrder {index:27;}">
                <Coords points="501,2851 1425,2864 1407,2809 501,2802"/>
                <Baseline points="510,2838 558,2838 606,2838 655,2838 703,2839 751,2841 800,2841 848,2843 896,2842 945,2841 993,2843 1042,2844 1090,2847 1138,2847 1187,2844 1235,2847 1283,2847 1332,2847 1380,2846 1429,2847"/>
                <TextEquiv>
                    <Unicode>wirksamsten. Auch der Schluß gefiel. Im übri¬</Unicode>
                </TextEquiv>
            </TextLine>
            <TextLine id="tr_1_tl_29" custom="readingOrder {index:28;}">
                <Coords points="496,2889 1429,2902 1429,2860 1384,2852 496,2860"/>
                <Baseline points="504,2883 550,2883 596,2886 643,2883 689,2883 736,2885 782,2883 828,2884 875,2886 921,2886 968,2886 1014,2886 1060,2886 1107,2886 1153,2886 1200,2888 1246,2889 1292,2889 1339,2889 1385,2889 1432,2889"/>
                <TextEquiv>
                    <Unicode>gen zeigte sich, daß diese kleinen seinen Scherze</Unicode>
                </TextEquiv>
            </TextLine>
            <TextLine id="tr_1_tl_30" custom="readingOrder {index:29;}">
                <Coords points="499,2941 1433,2942 1412,2897 499,2890"/>
                <Baseline points="507,2924 553,2924 599,2924 646,2924 692,2924 739,2925 785,2926 831,2924 878,2925 924,2927 971,2927 1017,2927 1063,2928 1110,2929 1156,2927 1203,2929 1249,2932 1295,2931 1342,2930 1388,2930 1435,2930"/>
                <TextEquiv>
                    <Unicode>doch zu zart sind, um auf der Bühne in größere</Unicode>
                </TextEquiv>
            </TextLine>
            <TextLine id="tr_1_tl_31" custom="readingOrder {index:30;}">
                <Coords points="506,2974 1436,2984 1419,2938 506,2935"/>
                <Baseline points="513,2963 559,2969 605,2969 651,2969 698,2969 744,2966 790,2966 836,2967 883,2969 929,2969 975,2969 1021,2969 1068,2970 1114,2972 1160,2972 1206,2972 1253,2972 1299,2972 1345,2972 1391,2972 1438,2975"/>
                <TextEquiv>
                    <Unicode>Anzahl hintereinander sich behaupten zu können.</Unicode>
                </TextEquiv>
            </TextLine>
            <TextLine id="tr_1_tl_32" custom="readingOrder {index:31;}">
                <Coords points="501,3019 663,3049 948,3014 1026,3048 1455,3034 1455,2988 1298,2975 501,2978"/>
                <Baseline points="510,3011 557,3011 604,3011 652,3011 699,3011 747,3011 794,3011 842,3012 889,3014 937,3014 984,3014 1031,3014 1079,3014 1126,3016 1174,3014 1221,3011 1269,3014 1316,3017 1364,3017 1411,3014 1459,3014"/>
                <TextEquiv>
                    <Unicode>Im ganzen wurde eine freundliche Aufnehme er¬</Unicode>
                </TextEquiv>
            </TextLine>
            <TextLine id="tr_1_tl_33" custom="readingOrder {index:32;}">
                <Coords points="494,3062 501,3063 525,3085 535,3078 542,3084 564,3081 569,3088 587,3082 591,3011 556,3020 540,3014 525,3026 497,3030"/>
                <Baseline points="504,3059 532,3055 561,3053 590,3053"/>
                <TextEquiv>
                    <Unicode>zielt.</Unicode>
                </TextEquiv>
            </TextLine>
            <TextLine id="tr_1_tl_34" custom="readingOrder {index:33;}">
                <Coords points="1224,3075 1240,3079 1254,3071 1279,3082 1299,3076 1309,3082 1328,3066 1367,3066 1377,3074 1428,3071 1429,3023 1402,3036 1380,3036 1350,3019 1329,3029 1316,3023 1225,3030"/>
                <Baseline points="1232,3065 1257,3065 1282,3065 1307,3064 1332,3063 1357,3062 1382,3062 1407,3062 1432,3062"/>
                <TextEquiv>
                    <Unicode></Unicode>
                </TextEquiv>
            </TextLine>
            <TextLine id="tr_1_tl_35" custom="readingOrder {index:34;}">
                <Coords points="556,3123 665,3098 926,3130 1092,3101 1444,3124 1406,3068 886,3053 842,3078 734,3036 556,3059"/>
                <Baseline points="564,3100 608,3097 652,3097 696,3095 740,3097 784,3097 828,3100 873,3097 917,3100 961,3097 1005,3097 1049,3097 1093,3099 1137,3100 1182,3098 1226,3097 1270,3097 1314,3097 1358,3099 1402,3100 1447,3100"/>
                <TextEquiv>
                    <Unicode>Das Neue Schauspielhaus führte</Unicode>
                </TextEquiv>
            </TextLine>
            <TextEquiv>
                <Unicode></Unicode>
            </TextEquiv>
        </TextRegion>
        <TextRegion orientation="0.0" id="tr_2" custom="readingOrder {index:1;}">
            <Coords points="2056,896 2056,3928 3032,3928 3032,896"/>
            <TextLine id="tr_2_tl_1" custom="readingOrder {index:0;}">
                <Coords points="2396,936 2545,928 2615,954 2659,942 2685,959 2737,949 2837,971 2816,868 2728,884 2576,850 2390,864"/>
                <Baseline points="2402,919 2427,917 2453,916 2478,918 2504,920 2530,922 2555,923 2581,925 2607,927 2632,928 2658,928 2684,930 2709,933 2735,937 2761,940 2786,947 2812,953 2838,955"/>
                <TextEquiv>
                    <Unicode>de</Unicode>
                </TextEquiv>
            </TextLine>
            <TextLine id="tr_2_tl_2" custom="readingOrder {index:1;}">
                <Coords points="2050,1020 2088,1000 2153,1017 2207,994 2251,1010 2282,994 2348,1017 2402,1006 2422,1016 2420,954 2364,954 2335,935 2165,942 2150,955 2076,932 2049,941"/>
                <Baseline points="2059,978 2085,978 2111,978 2137,978 2163,978 2190,978 2216,980 2242,981 2268,981 2294,982 2321,984 2347,984 2373,984 2399,986 2426,987"/>
                <TextEquiv>
                    <Unicode>Ausschnitt aus:</Unicode>
                </TextEquiv>
            </TextLine>
            <TextLine id="tr_2_tl_3" custom="readingOrder {index:2;}">
                <Coords points="2461,1056 2470,1056 2474,1061 2483,1062 2493,1059 2510,1064 2537,1064 2542,1029 2529,1025 2520,1032 2513,1030 2510,1033 2503,1023 2494,1020 2474,1035 2464,1033"/>
                <Baseline points="2468,1068 2505,1062 2542,1059"/>
                <TextEquiv>
                    <Unicode></Unicode>
                </TextEquiv>
            </TextLine>
            <TextLine id="tr_2_tl_4" custom="readingOrder {index:3;}">
                <Coords points="2048,1090 2082,1101 2198,1100 2195,1040 2162,1039 2156,1045 2140,1038 2115,1051 2097,1039 2087,1051 2075,1045 2046,1064"/>
                <Baseline points="2056,1092 2085,1096 2114,1099 2143,1101 2172,1099 2202,1101"/>
                <TextEquiv>
                    <Unicode>vom</Unicode>
                </TextEquiv>
            </TextLine>
            <TextLine id="tr_2_tl_5" custom="readingOrder {index:4;}">
                <Coords points="2266,1088 2702,1134 2772,1124 2769,1046 2637,1035 2563,1074 2464,1062 2409,1023 2264,1048"/>
                <Baseline points="2274,1086 2300,1089 2326,1092 2352,1092 2378,1092 2405,1092 2431,1095 2457,1099 2483,1102 2509,1104 2536,1104 2562,1105 2588,1107 2614,1107 2640,1107 2667,1107 2693,1106 2719,1104 2745,1102 2772,1104"/>
                <TextEquiv>
                    <Unicode>41916</Unicode>
                </TextEquiv>
            </TextLine>
            <TextLine id="tr_2_tl_6" custom="readingOrder {index:5;}">
                <Coords points="2243,1282 2878,1279 2890,1162 2835,1185 2705,1157 2591,1217 2399,1137 2315,1182 2241,1185"/>
                <Baseline points="2250,1256 2282,1258 2314,1258 2346,1256 2379,1256 2411,1258 2443,1259 2475,1259 2508,1259 2540,1259 2572,1259 2604,1259 2637,1259 2669,1259 2701,1259 2733,1259 2766,1261 2798,1262 2830,1262 2862,1262 2895,1265"/>
                <TextEquiv>
                    <Unicode>Theater und Musik.</Unicode>
                </TextEquiv>
            </TextLine>
            <TextLine id="tr_2_tl_7" custom="readingOrder {index:6;}">
                <Coords points="2157,1331 2998,1334 2997,1269 2965,1267 2780,1300 2637,1272 2157,1300"/>
                <Baseline points="2166,1328 2207,1327 2249,1325 2291,1325 2333,1328 2375,1328 2416,1328 2458,1331 2500,1329 2542,1330 2584,1331 2625,1329 2667,1328 2709,1328 2751,1328 2793,1328 2834,1329 2876,1331 2918,1331 2960,1328 3002,1325"/>
                <TextEquiv>
                    <Unicode>J. K. Das Lessing=Theater brachte gestern</Unicode>
                </TextEquiv>
            </TextLine>
            <TextLine id="tr_2_tl_8" custom="readingOrder {index:7;}">
                <Coords points="2131,1363 2305,1386 2666,1370 2789,1394 2789,1332 2131,1331"/>
                <Baseline points="2139,1357 2171,1361 2204,1363 2237,1363 2269,1363 2302,1365 2335,1366 2367,1366 2400,1366 2433,1366 2466,1366 2498,1366 2531,1366 2564,1366 2596,1367 2629,1369 2662,1367 2694,1366 2727,1366 2760,1363 2793,1360"/>
                <TextEquiv>
                    <Unicode>Sonnabend zum erstenmal Arthur</Unicode>
                </TextEquiv>
            </TextLine>
            <TextLine id="tr_2_tl_9" custom="readingOrder {index:8;}">
                <Coords points="2886,1403 2907,1402 2922,1415 2928,1410 2961,1412 2969,1420 3000,1413 3003,1264 2993,1261 2978,1273 2961,1267 2925,1276 2907,1263 2887,1264"/>
                <Baseline points="2893,1398 2921,1400 2949,1401 2977,1399 3005,1396"/>
                <TextEquiv>
                    <Unicode></Unicode>
                </TextEquiv>
            </TextLine>
            <TextLine id="tr_2_tl_10" custom="readingOrder {index:9;}">
                <Coords points="2120,1409 2828,1410 2828,1345 2767,1380 2571,1387 2120,1368"/>
                <Baseline points="2128,1402 2163,1402 2198,1402 2233,1402 2268,1402 2303,1402 2338,1402 2374,1405 2409,1405 2444,1405 2479,1405 2514,1405 2549,1405 2584,1405 2620,1405 2655,1405 2690,1405 2725,1405 2760,1405 2795,1404 2831,1401"/>
                <TextEquiv>
                    <Unicode>bekannten „Anatol=Zyklus.</Unicode>
                </TextEquiv>
            </TextLine>
            <TextLine id="tr_2_tl_11" custom="readingOrder {index:10;}">
                <Coords points="2120,1449 3000,1464 3000,1413 2120,1409"/>
                <Baseline points="2128,1441 2171,1444 2215,1441 2259,1438 2302,1441 2346,1444 2390,1444 2433,1444 2477,1444 2521,1444 2565,1444 2608,1442 2652,1443 2696,1444 2739,1444 2783,1444 2827,1444 2870,1444 2914,1444 2958,1444 3002,1441"/>
                <TextEquiv>
                    <Unicode>führung jene vor etwa 17 Jahren, zu Beginn</Unicode>
                </TextEquiv>
            </TextLine>
            <TextLine id="tr_2_tl_12" custom="readingOrder {index:11;}">
                <Coords points="2111,1488 2993,1491 2975,1455 2867,1446 2111,1454"/>
                <Baseline points="2119,1483 2162,1483 2206,1483 2250,1483 2294,1482 2338,1481 2382,1483 2425,1483 2469,1483 2513,1483 2557,1483 2601,1483 2645,1483 2689,1483 2732,1483 2776,1483 2820,1483 2864,1483 2908,1483 2952,1483 2996,1480"/>
                <TextEquiv>
                    <Unicode>der schriftstellerischen Laufbahn des Dichter er¬</Unicode>
                </TextEquiv>
            </TextLine>
            <TextLine id="tr_2_tl_13" custom="readingOrder {index:12;}">
                <Coords points="2117,1532 2997,1527 2997,1485 2117,1488"/>
                <Baseline points="2125,1522 2168,1522 2212,1522 2256,1522 2299,1522 2343,1522 2387,1522 2430,1522 2474,1522 2518,1522 2562,1522 2605,1524 2649,1523 2693,1522 2736,1522 2780,1522 2824,1522 2867,1522 2911,1522 2955,1522 2999,1522"/>
                <TextEquiv>
                    <Unicode>schienen dramatischen Stizzen, in denen er mit</Unicode>
                </TextEquiv>
            </TextLine>
            <TextLine id="tr_2_tl_14" custom="readingOrder {index:13;}">
                <Coords points="2108,1572 2995,1569 2994,1527 2107,1523"/>
                <Baseline points="2116,1554 2160,1557 2204,1557 2248,1557 2292,1557 2336,1557 2380,1560 2425,1560 2469,1560 2513,1560 2557,1560 2601,1560 2645,1560 2689,1560 2734,1560 2778,1560 2822,1560 2866,1560 2910,1560 2954,1560 2999,1563"/>
                <TextEquiv>
                    <Unicode>Geist und Grazie Liebesfreud und leid des</Unicode>
                </TextEquiv>
            </TextLine>
            <TextLine id="tr_2_tl_15" custom="readingOrder {index:14;}">
                <Coords points="2087,1598 3003,1608 2977,1563 2087,1574"/>
                <Baseline points="2095,1596 2140,1596 2186,1596 2231,1596 2277,1599 2322,1599 2368,1599 2413,1599 2459,1599 2504,1599 2550,1599 2595,1598 2641,1597 2686,1599 2732,1599 2777,1599 2823,1599 2868,1599 2914,1599 2959,1599 3005,1599"/>
                <TextEquiv>
                    <Unicode>leichtsinnigen Melancholikers" Anatol schildert.</Unicode>
                </TextEquiv>
            </TextLine>
            <TextLine id="tr_2_tl_16" custom="readingOrder {index:15;}">
                <Coords points="2092,1644 2998,1653 2998,1611 2945,1605 2092,1601"/>
                <Baseline points="2101,1641 2146,1638 2191,1638 2236,1638 2281,1638 2326,1638 2371,1638 2416,1638 2461,1638 2506,1638 2551,1638 2596,1638 2641,1638 2686,1635 2731,1635 2776,1635 2821,1638 2866,1638 2911,1638 2956,1638 3002,1641"/>
                <TextEquiv>
                    <Unicode>Dem Publikum bereiteten die mehr oder minder</Unicode>
                </TextEquiv>
            </TextLine>
            <TextLine id="tr_2_tl_17" custom="readingOrder {index:16;}">
                <Coords points="2108,1689 3003,1682 3003,1647 2959,1642 2108,1646"/>
                <Baseline points="2116,1674 2160,1677 2204,1677 2249,1677 2293,1677 2338,1677 2382,1677 2427,1677 2471,1680 2516,1677 2560,1677 2604,1677 2649,1680 2693,1677 2738,1677 2782,1677 2827,1677 2871,1680 2916,1677 2960,1677 3005,1677"/>
                <TextEquiv>
                    <Unicode>Polligen Abenteuer des tragikomischen Helden</Unicode>
                </TextEquiv>
            </TextLine>
            <TextLine id="tr_2_tl_18" custom="readingOrder {index:17;}">
                <Coords points="2089,1734 2998,1730 2997,1682 2088,1676"/>
                <Baseline points="2098,1716 2143,1716 2188,1716 2233,1716 2278,1716 2324,1719 2369,1719 2414,1719 2459,1719 2504,1716 2550,1716 2595,1719 2640,1719 2685,1719 2730,1719 2776,1716 2821,1719 2866,1719 2911,1717 2956,1718 3002,1716"/>
                <TextEquiv>
                    <Unicode>der Deladen lebhaftes Vergnügen, die reizvollen</Unicode>
                </TextEquiv>
            </TextLine>
            <TextLine id="tr_2_tl_19" custom="readingOrder {index:18;}">
                <Coords points="2092,1770 2994,1760 2971,1721 2092,1731"/>
                <Baseline points="2101,1751 2145,1751 2190,1754 2235,1754 2280,1754 2324,1754 2369,1754 2414,1754 2459,1757 2503,1757 2548,1754 2593,1754 2638,1754 2682,1754 2727,1754 2772,1754 2817,1754 2861,1754 2906,1754 2951,1754 2996,1754"/>
                <TextEquiv>
                    <Unicode>unten des Dialogs fanden vollstes Verständ¬</Unicode>
                </TextEquiv>
            </TextLine>
            <TextLine id="tr_2_tl_20" custom="readingOrder {index:19;}">
                <Coords points="2102,1806 3001,1806 3001,1769 2825,1754 2102,1763"/>
                <Baseline points="2110,1790 2154,1793 2199,1793 2244,1793 2289,1793 2333,1793 2378,1793 2423,1793 2468,1793 2512,1796 2557,1793 2602,1793 2647,1796 2691,1793 2736,1793 2781,1793 2826,1793 2870,1793 2915,1793 2960,1793 3005,1793"/>
                <TextEquiv>
                    <Unicode>nis; es war ein ungetrübt heiterer Abend, den</Unicode>
                </TextEquiv>
            </TextLine>
            <TextLine id="tr_2_tl_21" custom="readingOrder {index:20;}">
                <Coords points="2108,1838 2995,1832 2995,1802 2922,1793 2108,1799"/>
                <Baseline points="2116,1829 2160,1829 2204,1829 2248,1829 2292,1829 2336,1829 2380,1832 2425,1832 2469,1829 2513,1832 2557,1832 2601,1829 2645,1831 2689,1830 2734,1829 2778,1829 2822,1829 2866,1829 2910,1829 2954,1829 2999,1829"/>
                <TextEquiv>
                    <Unicode>schon deswegen kein Mißton störte, weil Mon¬</Unicode>
                </TextEquiv>
            </TextLine>
            <TextLine id="tr_2_tl_22" custom="readingOrder {index:21;}">
                <Coords points="2092,1868 2998,1883 2998,1832 2092,1838"/>
                <Baseline points="2101,1862 2146,1868 2191,1868 2236,1868 2281,1868 2326,1868 2371,1868 2416,1871 2461,1871 2506,1871 2551,1871 2596,1871 2641,1871 2686,1871 2731,1871 2776,1871 2821,1868 2866,1868 2911,1871 2956,1871 3002,1868"/>
                <TextEquiv>
                    <Unicode>sieur Anatol ja ein guter, alten Bekannter war.</Unicode>
                </TextEquiv>
            </TextLine>
            <TextLine id="tr_2_tl_23" custom="readingOrder {index:22;}">
                <Coords points="2111,1919 2998,1918 2987,1878 2111,1871"/>
                <Baseline points="2119,1907 2163,1907 2207,1907 2251,1910 2295,1910 2339,1907 2383,1907 2428,1910 2472,1910 2516,1910 2560,1910 2604,1910 2648,1908 2692,1907 2737,1907 2781,1907 2825,1909 2869,1910 2913,1910 2957,1908 3002,1907"/>
                <TextEquiv>
                    <Unicode>den man nicht mit kritischen Augen zu betrachten</Unicode>
                </TextEquiv>
            </TextLine>
            <TextLine id="tr_2_tl_24" custom="readingOrder {index:23;}">
                <Coords points="2111,1955 2998,1955 2998,1916 2111,1919"/>
                <Baseline points="2119,1945 2163,1948 2207,1948 2251,1948 2295,1948 2339,1948 2383,1948 2428,1948 2472,1948 2516,1951 2560,1948 2604,1948 2648,1948 2692,1948 2737,1948 2781,1948 2825,1948 2869,1948 2913,1948 2957,1948 3002,1948"/>
                <TextEquiv>
                    <Unicode>brauchte. Den herzhaftesten Beifall fand die be¬</Unicode>
                </TextEquiv>
            </TextLine>
            <TextLine id="tr_2_tl_25" custom="readingOrder {index:24;}">
                <Coords points="2111,1996 2995,1994 2962,1951 2111,1954"/>
                <Baseline points="2119,1984 2163,1984 2207,1984 2251,1984 2295,1984 2339,1984 2383,1984 2427,1984 2471,1984 2515,1985 2559,1986 2603,1984 2647,1984 2691,1984 2735,1984 2779,1981 2823,1984 2867,1984 2911,1984 2955,1984 2999,1981"/>
                <TextEquiv>
                    <Unicode>kannteste der Szenen, das vielgegebene Ab¬</Unicode>
                </TextEquiv>
            </TextLine>
            <TextLine id="tr_2_tl_26" custom="readingOrder {index:25;}">
                <Coords points="2123,2037 2995,2030 2972,1988 2123,1991"/>
                <Baseline points="2130,2029 2173,2024 2216,2023 2260,2023 2303,2023 2347,2023 2390,2023 2434,2022 2477,2021 2521,2024 2564,2026 2607,2025 2651,2023 2694,2024 2738,2025 2781,2023 2825,2026 2868,2023 2912,2026 2955,2023 2999,2026"/>
                <TextEquiv>
                    <Unicode>schiedssover; sehr belustigend wirkte</Unicode>
                </TextEquiv>
            </TextLine>
            <TextLine id="tr_2_tl_27" custom="readingOrder {index:26;}">
                <Coords points="2108,2075 2993,2071 2977,2029 2108,2040"/>
                <Baseline points="2116,2062 2160,2062 2204,2062 2248,2065 2292,2062 2336,2062 2380,2062 2424,2062 2468,2065 2512,2065 2556,2065 2600,2065 2644,2063 2688,2064 2732,2065 2776,2065 2820,2065 2864,2063 2908,2062 2952,2064 2996,2062"/>
                <TextEquiv>
                    <Unicode>„Anatols Hochzeitsmorgen, der so</Unicode>
                </TextEquiv>
            </TextLine>
            <TextLine id="tr_2_tl_28" custom="readingOrder {index:27;}">
                <Coords points="2111,2108 2993,2120 2993,2071 2935,2062 2906,2088 2111,2069"/>
                <Baseline points="2119,2104 2162,2101 2206,2101 2250,2104 2294,2104 2338,2101 2382,2101 2425,2104 2469,2104 2513,2102 2557,2103 2601,2102 2645,2101 2689,2103 2732,2104 2776,2104 2820,2104 2864,2104 2908,2104 2952,2102 2996,2104"/>
                <TextEquiv>
                    <Unicode>drastisch den Schwerenter in schwerer Not</Unicode>
                </TextEquiv>
            </TextLine>
            <TextLine id="tr_2_tl_29" custom="readingOrder {index:28;}">
                <Coords points="2111,2154 2998,2150 2998,2111 2926,2107 2111,2110"/>
                <Baseline points="2119,2142 2163,2142 2207,2142 2251,2145 2295,2142 2339,2142 2383,2142 2428,2142 2472,2142 2516,2142 2560,2142 2604,2142 2648,2142 2692,2142 2737,2142 2781,2142 2825,2142 2869,2142 2913,2142 2957,2142 3002,2142"/>
                <TextEquiv>
                    <Unicode>darob zeigt, wie er einer eben wiedergefundenen</Unicode>
                </TextEquiv>
            </TextLine>
            <TextLine id="tr_2_tl_30" custom="readingOrder {index:29;}">
                <Coords points="2111,2186 2998,2192 2998,2150 2929,2147 2111,2154"/>
                <Baseline points="2119,2178 2163,2178 2207,2178 2251,2178 2295,2181 2339,2178 2383,2178 2428,2178 2472,2178 2516,2178 2560,2178 2604,2178 2648,2178 2692,2180 2737,2179 2781,2178 2825,2178 2869,2180 2913,2179 2957,2178 3002,2181"/>
                <TextEquiv>
                    <Unicode>rabiaten Freundin entkommen soll, um seinen</Unicode>
                </TextEquiv>
            </TextLine>
            <TextLine id="tr_2_tl_31" custom="readingOrder {index:30;}">
                <Coords points="2114,2230 2995,2227 2980,2183 2114,2183"/>
                <Baseline points="2122,2220 2165,2217 2209,2217 2253,2217 2297,2217 2341,2217 2385,2217 2428,2220 2472,2220 2516,2220 2560,2220 2604,2220 2648,2218 2692,2219 2735,2220 2779,2220 2823,2220 2867,2218 2911,2219 2955,2220 2999,2220"/>
                <TextEquiv>
                    <Unicode>hochzeitlichen Verpflichtungen nachzugehen, und</Unicode>
                </TextEquiv>
            </TextLine>
            <TextLine id="tr_2_tl_32" custom="readingOrder {index:31;}">
                <Coords points="2111,2261 2998,2267 2998,2228 2926,2220 2111,2222"/>
                <Baseline points="2119,2256 2163,2256 2207,2256 2251,2256 2295,2256 2339,2256 2383,2256 2428,2256 2472,2256 2516,2256 2560,2256 2604,2256 2648,2256 2692,2256 2737,2256 2781,2258 2825,2257 2869,2256 2913,2256 2957,2256 3002,2259"/>
                <TextEquiv>
                    <Unicode>einen recht anheimelnden Eindruck machte die in</Unicode>
                </TextEquiv>
            </TextLine>
            <TextLine id="tr_2_tl_33" custom="readingOrder {index:32;}">
                <Coords points="2111,2309 2995,2299 2995,2267 2942,2259 2111,2263"/>
                <Baseline points="2119,2298 2163,2295 2207,2295 2251,2295 2295,2295 2339,2296 2383,2297 2427,2295 2471,2295 2515,2295 2559,2295 2603,2295 2647,2298 2691,2295 2735,2295 2779,2295 2823,2295 2867,2295 2911,2295 2955,2295 2999,2292"/>
                <TextEquiv>
                    <Unicode>feineren Ton gehaltene Skizze: „Weihnachts¬</Unicode>
                </TextEquiv>
            </TextLine>
            <TextLine id="tr_2_tl_34" custom="readingOrder {index:33;}">
                <Coords points="2111,2342 2995,2345 2995,2308 2894,2298 2111,2309"/>
                <Baseline points="2119,2333 2163,2333 2207,2333 2251,2333 2295,2336 2339,2336 2383,2336 2427,2336 2471,2336 2515,2333 2559,2333 2603,2333 2647,2335 2691,2336 2735,2336 2779,2334 2823,2335 2867,2336 2911,2336 2955,2336 2999,2333"/>
                <TextEquiv>
                    <Unicode>einkäufe, die an Anatols vergebenes</Unicode>
                </TextEquiv>
            </TextLine>
            <TextLine id="tr_2_tl_35" custom="readingOrder {index:34;}">
                <Coords points="2111,2386 2995,2380 2995,2347 2916,2341 2111,2344"/>
                <Baseline points="2119,2372 2163,2372 2207,2369 2251,2372 2295,2372 2339,2369 2383,2372 2427,2372 2471,2372 2515,2369 2559,2372 2603,2370 2647,2371 2691,2372 2735,2372 2779,2372 2823,2372 2867,2372 2911,2372 2955,2372 2999,2372"/>
                <TextEquiv>
                    <Unicode>Liebeswerben um die Gunst einer schönen Frau</Unicode>
                </TextEquiv>
            </TextLine>
            <TextLine id="tr_2_tl_36" custom="readingOrder {index:35;}">
                <Coords points="2111,2423 2993,2425 2993,2378 2111,2384"/>
                <Baseline points="2119,2411 2162,2411 2206,2408 2250,2411 2294,2411 2338,2411 2382,2408 2425,2411 2469,2411 2513,2411 2557,2411 2601,2411 2645,2411 2689,2411 2732,2411 2776,2411 2820,2413 2864,2412 2908,2411 2952,2411 2996,2411"/>
                <TextEquiv>
                    <Unicode>erinnert, die nicht „den Mut hat, so glücklich</Unicode>
                </TextEquiv>
            </TextLine>
            <TextLine id="tr_2_tl_37" custom="readingOrder {index:36;}">
                <Coords points="2111,2452 2287,2481 2332,2454 2987,2456 2971,2419 2111,2415"/>
                <Baseline points="2119,2450 2162,2450 2206,2447 2249,2450 2293,2450 2336,2450 2380,2447 2423,2447 2467,2449 2510,2452 2554,2451 2598,2450 2641,2448 2685,2449 2728,2450 2772,2450 2815,2450 2859,2450 2902,2450 2946,2450 2990,2450"/>
                <TextEquiv>
                    <Unicode>mit ihm zu sein, wie sein süßes Mädel aus der</Unicode>
                </TextEquiv>
            </TextLine>
            <TextLine id="tr_2_tl_38" custom="readingOrder {index:37;}">
                <Coords points="2108,2497 2990,2503 2977,2454 2332,2454 2286,2480 2108,2451"/>
                <Baseline points="2116,2486 2159,2489 2203,2489 2247,2489 2291,2489 2335,2489 2379,2486 2422,2489 2466,2489 2510,2489 2554,2489 2598,2489 2642,2489 2686,2489 2729,2489 2773,2489 2817,2489 2861,2489 2905,2491 2949,2490 2993,2489"/>
                <TextEquiv>
                    <Unicode>Vorstadt. Ziemlich matt wirkte die „Episode".</Unicode>
                </TextEquiv>
            </TextLine>
            <TextLine id="tr_2_tl_39" custom="readingOrder {index:38;}">
                <Coords points="2108,2540 2881,2552 2995,2537 2995,2501 2107,2498"/>
                <Baseline points="2116,2527 2160,2527 2204,2527 2248,2527 2292,2524 2336,2527 2380,2524 2425,2527 2469,2527 2513,2530 2557,2530 2601,2527 2645,2527 2689,2527 2734,2527 2778,2529 2822,2530 2866,2530 2910,2530 2954,2530 2999,2527"/>
                <TextEquiv>
                    <Unicode>deren inhaltlicher Reiz für die Bühne gar zu</Unicode>
                </TextEquiv>
            </TextLine>
            <TextLine id="tr_2_tl_40" custom="readingOrder {index:39;}">
                <Coords points="2111,2575 2993,2585 2982,2536 2111,2536"/>
                <Baseline points="2119,2569 2162,2569 2206,2569 2250,2567 2294,2564 2338,2567 2382,2568 2425,2567 2469,2568 2513,2567 2557,2569 2601,2569 2645,2569 2689,2569 2732,2569 2776,2566 2820,2566 2864,2569 2908,2566 2952,2566 2996,2563"/>
                <TextEquiv>
                    <Unicode>kärglich ist, und die Frage an da¬</Unicode>
                </TextEquiv>
            </TextLine>
            <TextLine id="tr_2_tl_41" custom="readingOrder {index:40;}">
                <Coords points="2111,2608 2995,2618 2995,2585 2942,2571 2111,2581"/>
                <Baseline points="2119,2605 2163,2605 2207,2605 2251,2605 2295,2605 2339,2605 2383,2605 2427,2605 2471,2605 2515,2605 2559,2605 2603,2605 2647,2605 2691,2605 2735,2605 2779,2605 2823,2605 2867,2605 2911,2602 2955,2602 2999,2602"/>
                <TextEquiv>
                    <Unicode>Schicksal nahm man als niedliche Ein¬</Unicode>
                </TextEquiv>
            </TextLine>
            <TextLine id="tr_2_tl_42" custom="readingOrder {index:41;}">
                <Coords points="2108,2653 2995,2649 2995,2621 2917,2608 2254,2631 2108,2607"/>
                <Baseline points="2116,2644 2160,2644 2204,2645 2248,2647 2292,2646 2336,2644 2380,2644 2425,2644 2469,2644 2513,2644 2557,2644 2601,2644 2645,2644 2689,2644 2734,2644 2778,2644 2822,2644 2866,2641 2910,2641 2954,2641 2999,2641"/>
                <TextEquiv>
                    <Unicode>leitung zu den weiteren Heldentaten Ana¬</Unicode>
                </TextEquiv>
            </TextLine>
            <TextLine id="tr_2_tl_43" custom="readingOrder {index:42;}">
                <Coords points="2111,2691 2995,2695 2995,2646 2111,2652"/>
                <Baseline points="2119,2683 2163,2683 2207,2683 2251,2683 2295,2686 2339,2683 2383,2683 2427,2683 2471,2683 2515,2683 2559,2683 2603,2683 2647,2683 2691,2683 2735,2683 2779,2683 2823,2683 2867,2683 2911,2683 2955,2681 2999,2683"/>
                <TextEquiv>
                    <Unicode>tols, der so ängstlich davor zurückscheut, sich</Unicode>
                </TextEquiv>
            </TextLine>
            <TextLine id="tr_2_tl_44" custom="readingOrder {index:43;}">
                <Coords points="2111,2730 2993,2735 2993,2693 2929,2686 2111,2689"/>
                <Baseline points="2119,2724 2162,2722 2206,2723 2250,2721 2294,2721 2338,2721 2382,2721 2425,2721 2469,2721 2513,2721 2557,2721 2601,2721 2645,2721 2689,2721 2732,2721 2776,2721 2820,2721 2864,2721 2908,2721 2952,2721 2996,2721"/>
                <TextEquiv>
                    <Unicode>von der hypnotisierten Geliebten die Frage</Unicode>
                </TextEquiv>
            </TextLine>
            <TextLine id="tr_2_tl_45" custom="readingOrder {index:44;}">
                <Coords points="2108,2767 2993,2773 2993,2735 2880,2722 2108,2732"/>
                <Baseline points="2116,2760 2160,2760 2204,2760 2248,2763 2292,2763 2336,2760 2380,2760 2424,2760 2468,2760 2512,2760 2556,2760 2600,2760 2644,2760 2688,2760 2732,2760 2776,2760 2820,2760 2864,2760 2908,2760 2952,2760 2996,2760"/>
                <TextEquiv>
                    <Unicode>nach ihrer Treue beantworten zu lassen, in</Unicode>
                </TextEquiv>
            </TextLine>
            <TextLine id="tr_2_tl_46" custom="readingOrder {index:45;}">
                <Coords points="2108,2816 2995,2802 2939,2761 2108,2766"/>
                <Baseline points="2116,2802 2160,2801 2204,2799 2248,2799 2292,2799 2336,2799 2380,2799 2425,2799 2469,2799 2513,2799 2557,2799 2601,2799 2645,2799 2689,2799 2734,2799 2778,2799 2822,2799 2866,2799 2910,2799 2954,2799 2999,2796"/>
                <TextEquiv>
                    <Unicode>freundlich abwartender Laune hin. Heinz Mon¬</Unicode>
                </TextEquiv>
            </TextLine>
            <TextLine id="tr_2_tl_47" custom="readingOrder {index:46;}">
                <Coords points="2111,2851 2993,2854 2993,2802 2111,2811"/>
                <Baseline points="2119,2841 2162,2838 2206,2838 2250,2838 2294,2838 2338,2838 2382,2838 2425,2838 2469,2838 2513,2838 2557,2838 2601,2839 2645,2841 2689,2838 2732,2838 2776,2838 2820,2838 2864,2838 2908,2838 2952,2835 2996,2835"/>
                <TextEquiv>
                    <Unicode>nard gab den Anatol mit trefflicher Charakteristik</Unicode>
                </TextEquiv>
            </TextLine>
            <TextLine id="tr_2_tl_48" custom="readingOrder {index:47;}">
                <Coords points="2117,2887 2997,2884 2965,2845 2117,2850"/>
                <Baseline points="2125,2880 2168,2877 2212,2877 2256,2877 2299,2877 2343,2877 2387,2877 2430,2877 2474,2877 2518,2877 2562,2877 2605,2877 2649,2877 2693,2877 2736,2874 2780,2877 2824,2877 2867,2877 2911,2877 2955,2877 2999,2874"/>
                <TextEquiv>
                    <Unicode>und einer Fülle natürlichen, liebenswürdigen</Unicode>
                </TextEquiv>
            </TextLine>
            <TextLine id="tr_2_tl_49" custom="readingOrder {index:48;}">
                <Coords points="2117,2922 2997,2929 2997,2883 2117,2887"/>
                <Baseline points="2125,2915 2168,2915 2212,2915 2256,2915 2299,2915 2343,2915 2387,2915 2430,2915 2474,2915 2518,2915 2562,2915 2605,2915 2649,2914 2693,2912 2736,2912 2780,2912 2824,2912 2867,2912 2911,2915 2955,2912 2999,2912"/>
                <TextEquiv>
                    <Unicode>Humors, der auch die bedenklichsten Seiten des</Unicode>
                </TextEquiv>
            </TextLine>
            <TextLine id="tr_2_tl_50" custom="readingOrder {index:49;}">
                <Coords points="2126,2962 2993,2959 2993,2933 2917,2913 2876,2938 2126,2923"/>
                <Baseline points="2133,2951 2176,2951 2219,2953 2262,2954 2305,2952 2348,2951 2391,2951 2435,2951 2478,2951 2521,2951 2564,2951 2607,2952 2650,2953 2693,2951 2737,2951 2780,2950 2823,2948 2866,2948 2909,2951 2952,2951 2996,2948"/>
                <TextEquiv>
                    <Unicode>schwächlichen Weiberhelden versöhnlich über¬</Unicode>
                </TextEquiv>
            </TextLine>
            <TextLine id="tr_2_tl_51" custom="readingOrder {index:50;}">
                <Coords points="2120,3004 2995,3000 2982,2956 2867,2949 2120,2962"/>
                <Baseline points="2128,2993 2171,2990 2215,2991 2258,2993 2302,2992 2345,2990 2389,2990 2432,2990 2476,2990 2519,2991 2563,2992 2607,2990 2650,2990 2694,2990 2737,2990 2781,2990 2824,2990 2868,2990 2911,2990 2955,2990 2999,2987"/>
                <TextEquiv>
                    <Unicode>strahlte. Das war kein schablonisierter Witzblatt¬</Unicode>
                </TextEquiv>
            </TextLine>
            <TextLine id="tr_2_tl_52" custom="readingOrder {index:51;}">
                <Coords points="2111,3033 2995,3046 2995,3000 2961,2995 2111,2997"/>
                <Baseline points="2119,3032 2163,3031 2207,3029 2251,3029 2295,3029 2339,3029 2383,3029 2427,3029 2471,3029 2515,3029 2559,3029 2603,3029 2647,3032 2691,3029 2735,3029 2779,3029 2823,3029 2867,3029 2911,3029 2955,3029 2999,3029"/>
                <TextEquiv>
                    <Unicode>trottel, keine kecke Schwankfigur, sondern ein</Unicode>
                </TextEquiv>
            </TextLine>
            <TextLine id="tr_2_tl_53" custom="readingOrder {index:52;}">
                <Coords points="2114,3078 2987,3078 2987,3032 2114,3034"/>
                <Baseline points="2122,3071 2165,3068 2208,3070 2252,3069 2295,3068 2339,3068 2382,3068 2425,3068 2469,3068 2512,3068 2556,3068 2599,3068 2642,3068 2686,3068 2729,3068 2773,3068 2816,3068 2859,3068 2903,3068 2946,3065 2990,3065"/>
                <TextEquiv>
                    <Unicode>Mensch, der überraschend echte Typ all der An¬</Unicode>
                </TextEquiv>
            </TextLine>
            <TextLine id="tr_2_tl_54" custom="readingOrder {index:53;}">
                <Coords points="2117,3118 2987,3115 2987,3078 2899,3069 2117,3078"/>
                <Baseline points="2125,3109 2168,3106 2211,3106 2254,3106 2298,3106 2341,3106 2384,3106 2427,3106 2471,3106 2514,3106 2557,3106 2600,3106 2644,3106 2687,3106 2730,3106 2773,3106 2817,3103 2860,3103 2903,3103 2946,3103 2990,3103"/>
                <TextEquiv>
                    <Unicode>tols, die Schnitzler hier getreu nach dem Leben</Unicode>
                </TextEquiv>
            </TextLine>
            <TextLine id="tr_2_tl_55" custom="readingOrder {index:54;}">
                <Coords points="2113,3157 2988,3162 2990,3114 2114,3118"/>
                <Baseline points="2122,3148 2165,3145 2209,3145 2252,3145 2296,3145 2339,3145 2383,3145 2426,3145 2470,3145 2513,3145 2557,3145 2601,3145 2644,3145 2688,3144 2731,3142 2775,3142 2818,3142 2862,3142 2905,3142 2949,3139 2993,3139"/>
                <TextEquiv>
                    <Unicode>geschildert hat. Reicher als Freund Max sekun¬</Unicode>
                </TextEquiv>
            </TextLine>
            <TextLine id="tr_2_tl_56" custom="readingOrder {index:55;}">
                <Coords points="2117,3189 2990,3192 2955,3149 2117,3154"/>
                <Baseline points="2125,3184 2168,3181 2211,3183 2255,3184 2298,3184 2342,3183 2385,3182 2428,3184 2472,3184 2515,3184 2559,3183 2602,3181 2645,3182 2689,3183 2732,3181 2776,3181 2819,3181 2862,3181 2906,3181 2949,3181 2993,3178"/>
                <TextEquiv>
                    <Unicode>dierte mit der ihm eigenen Bonhomie und abge¬</Unicode>
                </TextEquiv>
            </TextLine>
            <TextLine id="tr_2_tl_57" custom="readingOrder {index:56;}">
                <Coords points="2117,3244 3007,3250 3007,3188 2117,3189"/>
                <Baseline points="2125,3223 2169,3223 2213,3223 2257,3223 2302,3223 2346,3223 2390,3223 2435,3223 2479,3223 2523,3226 2568,3223 2612,3226 2656,3226 2700,3223 2745,3223 2789,3223 2833,3223 2878,3223 2922,3223 2966,3223 3011,3223"/>
                <TextEquiv>
                    <Unicode>Wirte Ruhe, wenn es gilt, den Ueberlegenen</Unicode>
                </TextEquiv>
            </TextLine>
            <TextLine id="tr_2_tl_58" custom="readingOrder {index:57;}">
                <Coords points="2149,3321 2844,3297 3011,3335 3013,3257 2964,3250 2364,3279 2152,3232"/>
                <Baseline points="2157,3309 2200,3309 2243,3307 2286,3306 2329,3304 2372,3305 2415,3304 2458,3301 2501,3300 2544,3300 2587,3299 2630,3296 2673,3294 2716,3294 2759,3294 2802,3293 2845,3291 2888,3291 2931,3288 2974,3288 3017,3286"/>
                <TextEquiv>
                    <Unicode>spielen. Die verschiedenen Freundinnen Ana¬</Unicode>
                </TextEquiv>
            </TextLine>
            <TextLine id="tr_2_tl_59" custom="readingOrder {index:58;}">
                <Coords points="2140,3350 2744,3332 3007,3373 3007,3345 2841,3296 2140,3324"/>
                <Baseline points="2148,3348 2191,3345 2234,3345 2277,3345 2320,3342 2363,3342 2406,3342 2450,3339 2493,3339 2536,3339 2579,3336 2622,3336 2665,3334 2708,3333 2752,3333 2795,3333 2838,3335 2881,3349 2924,3360 2967,3363 3011,3360"/>
                <TextEquiv>
                    <Unicode>tals waren ihres Helden würdig.</Unicode>
                </TextEquiv>
            </TextLine>
            <TextLine id="tr_2_tl_60" custom="readingOrder {index:59;}">
                <Coords points="2143,3394 2828,3387 2893,3380 2894,3351 2143,3348"/>
                <Baseline points="2151,3384 2188,3384 2225,3384 2262,3384 2300,3380 2337,3380 2374,3381 2411,3380 2449,3378 2486,3378 2523,3378 2560,3378 2598,3377 2635,3374 2672,3372 2709,3369 2747,3369 2784,3369 2821,3369 2858,3367 2896,3356"/>
                <TextEquiv>
                    <Unicode>allem Irene Triesch, die durch</Unicode>
                </TextEquiv>
            </TextLine>
            <TextLine id="tr_2_tl_61" custom="readingOrder {index:60;}">
                <Coords points="2141,3441 3013,3409 3013,3374 2946,3371 2143,3394"/>
                <Baseline points="2151,3420 2194,3420 2237,3420 2280,3420 2324,3420 2367,3419 2410,3417 2454,3416 2497,3414 2540,3414 2584,3413 2627,3411 2670,3410 2713,3408 2757,3408 2800,3408 2843,3405 2887,3405 2930,3402 2973,3402 3017,3405"/>
                <TextEquiv>
                    <Unicode>rament und Liebe dem Bedrängten den</Unicode>
                </TextEquiv>
            </TextLine>
            <TextLine id="tr_2_tl_62" custom="readingOrder {index:61;}">
                <Coords points="2150,3465 3013,3449 3013,3410 2939,3406 2152,3433"/>
                <Baseline points="2160,3462 2202,3461 2245,3462 2288,3458 2331,3456 2374,3456 2417,3454 2459,3453 2502,3453 2545,3452 2588,3450 2631,3450 2674,3449 2717,3447 2759,3447 2802,3447 2845,3447 2888,3444 2931,3444 2974,3441 3017,3441"/>
                <TextEquiv>
                    <Unicode>Gang zur Hochzeit außerordentlich belustigend er¬</Unicode>
                </TextEquiv>
            </TextLine>
            <TextLine id="tr_2_tl_63" custom="readingOrder {index:62;}">
                <Coords points="2149,3516 3016,3490 3017,3449 2149,3468"/>
                <Baseline points="2157,3500 2200,3497 2243,3497 2286,3497 2329,3495 2372,3492 2415,3491 2459,3491 2502,3491 2545,3490 2588,3488 2631,3487 2674,3485 2717,3485 2761,3485 2804,3484 2847,3482 2890,3482 2933,3480 2976,3480 3020,3480"/>
                <TextEquiv>
                    <Unicode>schwerte, und Mathilde Sussin, deren Annie im</Unicode>
                </TextEquiv>
            </TextLine>
            <TextLine id="tr_2_tl_64" custom="readingOrder {index:63;}">
                <Coords points="2149,3545 2880,3536 3016,3527 3017,3488 2149,3516"/>
                <Baseline points="2157,3539 2200,3535 2243,3533 2286,3533 2329,3533 2372,3533 2415,3532 2459,3530 2502,3529 2545,3527 2588,3527 2631,3526 2674,3523 2717,3521 2761,3521 2804,3521 2847,3521 2890,3521 2933,3518 2976,3515 3020,3515"/>
                <TextEquiv>
                    <Unicode>„Abschiedssouper die Begabung der Darstellerin</Unicode>
                </TextEquiv>
            </TextLine>
            <TextLine id="tr_2_tl_65" custom="readingOrder {index:64;}">
                <Coords points="2141,3582 3020,3562 2980,3520 2143,3543"/>
                <Baseline points="2151,3572 2194,3574 2238,3572 2281,3572 2325,3571 2369,3569 2412,3569 2456,3568 2499,3566 2543,3566 2587,3566 2630,3565 2674,3562 2717,3560 2761,3560 2805,3560 2848,3560 2892,3560 2935,3557 2979,3554 3023,3557"/>
                <TextEquiv>
                    <Unicode>von einer neuen Seite zeigte. Sehr fein spielte</Unicode>
                </TextEquiv>
            </TextLine>
            <TextLine id="tr_2_tl_66" custom="readingOrder {index:65;}">
                <Coords points="2154,3621 3014,3604 3016,3563 2971,3560 2156,3581"/>
                <Baseline points="2163,3611 2205,3611 2248,3609 2291,3608 2334,3608 2377,3608 2420,3608 2462,3608 2505,3606 2548,3605 2591,3604 2634,3602 2677,3601 2720,3599 2762,3599 2805,3598 2848,3596 2891,3596 2934,3593 2977,3593 3020,3590"/>
                <TextEquiv>
                    <Unicode>Lina Lossen die junge Frau, die nicht den Mut</Unicode>
                </TextEquiv>
            </TextLine>
            <TextLine id="tr_2_tl_67" custom="readingOrder {index:66;}">
                <Coords points="2157,3659 3016,3641 2991,3599 2159,3620"/>
                <Baseline points="2166,3653 2208,3647 2251,3647 2294,3647 2336,3647 2379,3647 2422,3647 2464,3645 2507,3642 2550,3641 2593,3641 2635,3641 2678,3640 2721,3638 2763,3638 2806,3637 2849,3635 2891,3635 2934,3632 2977,3632 3020,3629"/>
                <TextEquiv>
                    <Unicode>zum Glück findet; Hilde Herterich und Paula</Unicode>
                </TextEquiv>
            </TextLine>
            <TextLine id="tr_2_tl_68" custom="readingOrder {index:67;}">
                <Coords points="2154,3689 3020,3678 3007,3639 2154,3662"/>
                <Baseline points="2163,3685 2206,3684 2249,3685 2292,3685 2335,3685 2378,3685 2421,3685 2464,3683 2507,3681 2550,3679 2593,3679 2636,3678 2679,3676 2722,3676 2765,3676 2808,3674 2851,3674 2894,3674 2937,3671 2980,3671 3023,3671"/>
                <TextEquiv>
                    <Unicode>Somary fanden sich mit ihren weniger dankbaren</Unicode>
                </TextEquiv>
            </TextLine>
            <TextLine id="tr_2_tl_69" custom="readingOrder {index:68;}">
                <Coords points="2152,3732 3008,3722 3021,3676 2152,3691"/>
                <Baseline points="2160,3724 2203,3726 2246,3725 2289,3724 2332,3724 2375,3724 2418,3723 2462,3721 2505,3721 2548,3721 2591,3720 2634,3717 2677,3715 2720,3715 2764,3714 2807,3712 2850,3712 2893,3709 2936,3712 2979,3706 3023,3706"/>
                <TextEquiv>
                    <Unicode>Aufgaben in bester Laune ab. Lessings Inszenie¬</Unicode>
                </TextEquiv>
            </TextLine>
            <TextLine id="tr_2_tl_70" custom="readingOrder {index:69;}">
                <Coords points="2149,3783 3004,3761 3020,3721 2149,3734"/>
                <Baseline points="2157,3760 2200,3763 2243,3763 2286,3763 2330,3763 2373,3762 2416,3760 2460,3760 2503,3759 2546,3757 2590,3757 2633,3756 2676,3754 2719,3754 2763,3753 2806,3751 2849,3748 2893,3748 2936,3748 2979,3745 3023,3742"/>
                <TextEquiv>
                    <Unicode>rung hatte in jeder der Szenen für einen stim¬</Unicode>
                </TextEquiv>
            </TextLine>
            <TextLine id="tr_2_tl_71" custom="readingOrder {index:70;}">
                <Coords points="2152,3818 2955,3802 3014,3795 3016,3760 2152,3780"/>
                <Baseline points="2160,3802 2203,3802 2246,3802 2289,3800 2332,3799 2375,3799 2418,3799 2461,3797 2504,3796 2547,3796 2590,3796 2633,3796 2676,3795 2719,3792 2762,3789 2805,3787 2848,3787 2891,3787 2934,3784 2977,3784 3020,3781"/>
                <TextEquiv>
                    <Unicode>mungsvollen Rahmen gesorgt, und es ist anzu¬</Unicode>
                </TextEquiv>
            </TextLine>
            <TextLine id="tr_2_tl_72" custom="readingOrder {index:71;}">
                <Coords points="2149,3849 2829,3849 3026,3835 3027,3790 2149,3816"/>
                <Baseline points="2157,3841 2200,3841 2244,3841 2287,3841 2331,3840 2375,3838 2418,3838 2462,3838 2505,3837 2549,3835 2593,3834 2636,3831 2680,3829 2723,3829 2767,3829 2811,3829 2854,3828 2898,3823 2941,3823 2985,3823 3029,3823"/>
                <TextEquiv>
                    <Unicode>nehmen, daß der alte Anatol die Mühe, die man</Unicode>
                </TextEquiv>
            </TextLine>
            <TextLine id="tr_2_tl_73" custom="readingOrder {index:72;}">
                <Coords points="2149,3894 2367,3874 3029,3915 3030,3835 3001,3828 2150,3852"/>
                <Baseline points="2157,3876 2200,3877 2244,3879 2288,3878 2332,3875 2375,3874 2419,3876 2463,3875 2507,3873 2550,3872 2594,3870 2638,3870 2682,3870 2725,3868 2769,3868 2813,3870 2857,3868 2900,3865 2944,3862 2988,3862 3032,3865"/>
                <TextEquiv>
                    <Unicode>an seine dramatische Verjüngung gewendet,</Unicode>
                </TextEquiv>
            </TextLine>
            <TextLine id="tr_2_tl_74" custom="readingOrder {index:73;}">
                <Coords points="2149,3925 2175,3923 2218,3942 2246,3928 2277,3936 2383,3932 2383,3874 2348,3874 2283,3896 2211,3884 2149,3894"/>
                <Baseline points="2157,3915 2182,3917 2208,3918 2233,3918 2259,3918 2284,3918 2310,3917 2335,3915 2361,3917 2387,3915"/>
                <TextEquiv>
                    <Unicode>lohnen wird.</Unicode>
                </TextEquiv>
            </TextLine>
            <TextEquiv>
                <Unicode></Unicode>
            </TextEquiv>
        </TextRegion>
    </Page>
</PcGts>
