3436 4256
1693 81 2635 157 Die Anatol-Szenen wurden überhaupt recht frisch
1630 144 2640 202 gespielt und waren von Emil Lessing mit vielem Ge¬
1630 192 2640 233 schmack inszeniert. Freilich waren die Vertreter der
1633 230 2643 281 beiden Hauptrollen für ihre Aufgaben geistig zu reif.
1628 273 2640 319 Herr Monnard war mit allem Geschick bestrebt, den
942 263 1428 375 4-DENIS.
1630 311 2635 362 weichen, schleppenden Ton des dekadenten Wiener Giger
1620 352 2643 402 zu treffen wie er im Aeußern das Wesen charakterisierte.
1635 395 2640 440 Herr Reicher, der vor zwanzig Jahren an der ersten
770 390 932 478 Berlin
980 392 1491 491 Börsen Courier, Be¬
1625 433 2643 481 Aufführung eines dieser Stückchen mitwirkte und also
1625 473 2643 524 aus Pietät wieder mittat, gab den liebenswürdigsten
977 461 1395 554 Morgenausgabe
1625 516 2638 557 Räsonneur, aber man sträubte sich gegen die Annahme,
1628 557 2638 600 daß diese beiden wuchtigeren Darsteller sich andauernd
1617 597 2640 651 mit derlei Primaner= oder Studenten=Liebeleien ernst¬
1628 630 2650 686 haft befassen. Frl. Somary war flott und frisch im
813 638 1405 737 Vor den Kulissen.
1625 676 2643 721 ersten Stückchen, Frl. Lossen wollte aus der kleinen
1633 719 2648 772 Rolle im zweiten mehr herausschlagen, als sie bietet
658 701 1607 780 Das Lessing=Theater, das uns bald Arthur
1666 754 2640 805 - der Zettel verzeichnet übrigens hier wieder den
600 770 2638 858 Schnitzlers neuestes Werk darbieten will, brachte uns Max, der aber gar nicht erscheint. Im Abschieds¬
610 807 1607 861 gestern sei ältestes. An die zwanzig Jahre sind die
1635 840 2638 888 souper bewährte Frl. Sussin sehr viel Geschick
605 850 1602 894 Anatol-Szenen alt, seit achtzehn Jahre liegen si
1635 878 2640 932 und überlegene Sicherheit — die Nawetät nur
602 886 1607 942 im Druck vor, der Autor ist längst und hoch über die
1633 919 2638 972 fehlte, die diesem Stücken das Verletzende
605 934 1605 987 Entwicklungsphase hinausgewachsen, der jene Skizze
1628 964 2640 1010 nimmt. Die kleine Szene der Zirkus=Bianca im
605 977 1602 1023 entstammen, und gestern erst wurden sie auf eine
602 1005 2640 1061 Berliner Bühne, zu einem Strauß gebunden, einer vierten Stückchen lag Frl. Herterich recht gut und
605 1043 2640 1104 verständnisvoll empfänglichen Zuschauerschar vor die Ilona gab denn Frau Irene Triesch Gelegen¬
1628 1086 2638 1134 heit, ihre erstaunliche Vielseitigkeit zu bewähren.
605 1096 1526 1162 gesetzt. Nicht alle sieben freilich, aber doch fünf,
605 1124 2640 1212 den Zeitumfang eines Theaterabends gerade füllen. Diese temperamentsprühende kleine Frau, anschmieg¬
610 1162 2627 1243 Zwei dieser kleinen, pikanten Dialoge und sam und schmeichelnd wie ein Kätzchen, ungebärde
610 1207 2638 1296 Szenen sind hier schon früher gespielt worden. „Die wie eine Wildkatze, ist das wirklich unsere reichbeseelte
1635 1248 2638 1291 Ibsen=Darstellerin, wirklich die geistgetragene Jeanne
602 1258 1602 1314 Frage an das Schicksal im Residenz=Theater
1628 1288 2638 1344 d'Are, wirklich die Priesterin im Tempel unserer klassi¬
602 1306 1605 1354 mit Jarno als Anatol, das „Abschiedssouper" wurde
610 1326 1916 1400 hier sogar viel und oft und auf sehr vielen Bühnenschen Dichtung
1681 1352 2635 1423 Der ganze Anatol-Abend ist als eine hübsche
605 1385 1605 1435 gegeben, mit Hansi Niese, mit Gisela Schneider=Nissen
1633 1402 2643 1455 Studie zur Kenntnis von Schnitzlers Entwick¬
602 1428 1605 1473 mit der Sorma sogar, und mit der ersten Dar¬
610 1450 2638 1519 stellerin der Rolle, mit Adele Sandrock. In ihrem ung, nicht als Charakterisierung Schnitzlers an¬
610 1491 2638 1557 Zusammenhange erst, in ihrer Geschlossenheit, geben zusehen. Derlei auf einen ironisch-pessimistischen
1630 1536 2632 1582 Ton gestimmte Jugendarbeiten haben viele unserer
613 1549 1605 1602 die fünf von den sieben Anatol-Szenen ein Bild des
1630 1574 2632 1628 Dramatiker einmal veröffentlicht. Sudermanns
615 1587 1602 1645 jugendlichen Verfassers, des Arthur Schnitzler vor
1625 1615 2635 1666 Geschichten „Im Zwielicht" sind den Schnitzlerschen
613 1630 909 1696 1890 oder 1891.
1630 1660 2159 1711 Skizzen nahe verwandt.
2212 1655 2635 1714 Nur daß uns hier
666 1643 1605 1726 Daß die fünf kleinen Schöpfungen weder einzeln
602 1681 2632 1769 Dramen irgendwelcher Art bilden, noch insgesamt zu manche aus Uebermut in Wehmut, aus Wehmut in
1628 1739 2384 1802 Uebermut umspringende Momente
2415 1739 2638 1792 so recht
610 1749 1602 1802 einem einheitlichen Stück sich zusammenschließen, ob¬
610 1774 2640 1838 wohl die zwei männlichen handelnden oder sprechen Wienerisch anmuten, wie Straußische Melodien.
1628 1820 2638 1868 Nur daß der „leichtsinnige Melancholiker Anatol die
602 1835 1605 1886 den Personen dieselben bleiben und auch die
605 1873 2630 1921 weiblichen nur die Namen wechseln, das würde Züge des jungen Schnitzler zeigt. Dem ge¬
1628 1904 2638 1952 reiften Schnitzler von heute werden wir an gleicher
602 1914 1605 1962 dem Erfolge wahrlich keinen Eintrag tun. Gerade
2473 1944 2567 2010 J. L.
605 1941 2177 2035 unsere Zeit hat ja eine fast krankhafte Vorliebe Stätte bald wieder begegnen.
613 2000 1623 2050 für alles was von der Norm, vom Gewohnten ab¬
605 2040 1615 2096 weicht. Aber die immer wieder, immer aufs Neue sich
600 2081 1615 2129 wiederholenden Gespräche über das Thema Liebe er¬
605 2121 1607 2169 müden — oder eigentlich über das Thema „Lie¬
602 2164 1612 2215 belei. Denn erste, flüchtige Entwürfe zum erfolg¬
600 2205 1612 2253 reichsten Stück Schnitzlers, zu „Liebelei, stellen diese
600 2240 1615 2291 Szenen dar: Erste Skizzen zu dem später so vor¬
600 2283 1617 2331 trefflich, so meisterlich ausgeführten Porträt des
1524 2326 1615 2379 sind
602 2321 1486 2377 Wiener füßen Mädels. Die Gespräche
597 2364 1607 2422 jedesmal durch ein pikantes Beispiel, durch
597 2410 1615 2458 ein psychologisches Experiment belebt, aber die
592 2445 1610 2493 manieriert pessimistische Weltanschauung, die in diesen
602 2493 1607 2536 Gesprächen und Beispielen sich kundgibt, ist nirgends
638 2529 1610 2584 xtrakt von Leben und Erfahrung, sondern überall
597 2572 1607 2625 nur Aeußerung genialischer Altklugheit. Ein etwas
597 2615 1600 2681 affektiert müdes Dekadententum geht träg durch diese
597 2650 1607 2701 Szenen. Sie sind das Wiener Gigerltum, auf eine
600 2693 1597 2749 feine sozialphilosophische Formel gebracht, zu einer
592 2731 1605 2789 geistvollen oder witzigen Pointe zugespitzt. Sie atmen
600 2774 1600 2825 den Geist des ehemaligen Wiener Café-Stammtisches
595 2812 1187 2876 in Schnitzlerscher Verfeinerung.
658 2830 1592 2911 Die „Frage an das Schicksal" hat hie¬
600 2893 1602 2944 schon früher eine angeregte Zuhörerschaft mit einem
592 2941 1602 2984 heiteren Erfolg beantwortet. Anatol hypnotisiert sein
600 2982 1602 3027 füßes Mädel, diesmal heißt es Cora, um die Wahr¬
597 3022 1602 3068 heit, die lauterste Wahrheit zu erfahren, ob sie ihm treu
597 3058 1600 3106 ist. So treu wie er selbst es — nie sein kann. Aber
595 3103 1600 3149 er hat schließlich Angst vor der Wahrheit und weckt
595 3144 1605 3194 die Kleine, ehe er die gefährliche Frage wagt, um
597 3179 1602 3235 glücklich zu bleiben in der Illusion. „Weihnachts¬
592 3225 1595 3278 einkäufe nennt sich die zweite, novellistische Dialog¬
595 3263 1592 3313 skizze. Anatol malt einer anständigen Frau, der er
595 3303 1592 3356 einst vergeblich den Hof machte, das Glück aus, das
595 3346 1592 3389 er bei einem Vorstadtkind gefunden; die Eifersucht er¬
595 3384 1592 3435 weckt nun ihre Liebe, vor der sie freilich ängstlich
592 3427 1602 3473 flieht. Der Inszenierung gibt diese Szene eine schwere
595 3470 1595 3521 Aufgabe, denn die schwüle Erörterung findet bei
595 3508 1595 3561 rechter Winterkälte auf der Straße statt. Kühl ließ
597 3551 1595 3615 dies kleine Werk denn auch die Hörerschaft, trotz sehr
590 3592 987 3655 feiner Bemerkungen.
651 3604 1592 3686 Das „Abschiedssouper, die Anekdote von
585 3675 1595 3718 Anatol, der seine Tänzerin verabschieden will, der
592 3713 1602 3764 aber entsetzt ist, da er von ihr verabschiedet wird, übte
592 3756 1592 3799 die stärkste Wirkung des Abends, die altgewohnte
592 3797 1602 3848 Wirkung. „Episode" ist wieder eine kleine, nicht
595 3840 1592 3883 eben neue Pikanterie. Anatol bildet sich ein, seine
587 3880 1600 3928 Liebesbegegnung mit Bianca sei für sie Lebens¬
595 3921 1605 3969 schicksal geworden und ist enttäuscht, da sie ihn nicht
570 3954 1617 4020 wiedererkennt. Die keckste der fünf Szenen ist „Anatols
