3296 4224
80 192 579 289 4.9. Anatol
1199 198 1551 293 box 876
1756 1442 2110 1555 Telephon 12.801.
1199 1513 1690 1717 OBSER
1045 1689 2105 1776 1. österr. beh. konz. Unternehmen für Zeitungs¬
1248 1737 1905 1804 Ausschnitte und Bibliographie.
1217 1779 1959 1880 Wien, I., Concordiaplatz 4,
1451 1845 1720 1924 Vertretungen
1054 1881 2113 1967 in Berlin Brüssel, Budapest, Chicago, Cleveland, Christiania,
1061 1943 2107 2004 Genf, Kopenhagen, London, Madrid, Mailand, Minneapolis,
1054 1982 2107 2048 New-York, Paris, Rom, San Francisco, Stockholm, St. Peters¬
1458 2026 1722 2085 burg, Toronto.
1410 2062 1779 2129 Quellenangabe also durfte,
1062 2133 1264 2194 Aussch
1052 2135 1994 2284 ses oikea, in
1052 2229 1140 2268 .
1061 2250 2031 2337 — W. W. — Am 21. d. M. ab einen
969 2330 2031 2395 lichen literarischen Leckerbissen, nämlich Schutz
974 2379 2026 2456 Anatol-Zyklus. R. Auernheimer charakterisiert den
966 2429 2023 2497 „Anatol als den „Werther" des jungen Wien und
971 2475 2026 2546 gerade das spezifisch Wienerische, die Weichheit, Grazie,
967 2527 2016 2594 der Charme und die leise Melancholie, welche die Sze¬
966 2572 2027 2643 nen durchziehen, das, was auch die Seele des Wiener
974 2635 2024 2691 Walzers ist, ist wohl das Schönste an diesen reizenden
966 2689 2031 2741 Weibergeschichten. Wenn nicht der Geist des liebevollen
971 2726 2023 2783 Verstehens des Allzu=Menschlichen, der über dem Werk
974 2773 2024 2844 schwebt, noch schöner ist. Die Aufführung war recht
974 2814 2027 2889 gelungen. Besonders angenehm berührte der sympathische
966 2876 2038 2924 Max des Herrn Trimbacher, etwas zu nord¬
974 2913 2038 2987 deutsch freilich mutete der noch eckige und kantige Anatol
971 2964 2040 3040 des Herrn Götz an. Die süßen Mädeln, die Damen
974 3019 2038 3089 Karina Grünwald, Münzer und Lieb¬
946 3069 1848 3171 walt waren, jede in ihrer Art, recht day.
