3436 4256
1409 182 1756 273 box 8/7
296 179 1217 282 4.9. Anatol - Zyklus
1127 696 1487 808 Telephon 11.50.
1254 815 1340 879 )
574 772 1118 941 OBSER
420 938 1477 1003 1. österr. beh. konz. Unternehmen für Zeitungs¬
626 983 1272 1053 Ausschnitte und Bibliographie.
585 1017 1314 1121 Wien, I., Concordiaplatz 4.
816 1098 1092 1175 Vertretungen
413 1123 1472 1227 in Berlin, Brüssel, Budapest, Chicago, Cleveland, Christiania,
416 1189 1472 1264 Genf, Kopenhagen, London, Madrid, Mailand, Minneapolis,
412 1228 1467 1303 New-York, Paris, Rom, San Francisco, Stockholm, St. Peters¬
806 1273 1077 1328 burg, Toronto.
759 1312 1129 1383 (Quellenangabe ohne Gewähr.
403 1361 1199 1500 Ausschnitt aus Le Temps, Paris
409 1477 533 1533 vom
572 1464 968 1545 7. B. 1911
715 1592 1231 1691 PALACE THEATRE.
562 1722 1409 1792 The seven sketches by Arthur Schnitzler, of which
525 1761 1413 1835 Mr. Granville Barker, Mr. Nigel Playtair, and Miss
520 1825 1409 1868 Gertrude Robins are playing the first this week,
520 1855 1406 1909 concern the amorous adventures of one Anatol, a gay
517 1892 1405 1952 bacher in the Vienna which we are so often assured
513 1936 1413 1991 is gay. Gaiety on the stage has a way of being sad ;
513 1967 1409 2030 it seems always to be gaiety as seen the morning
517 2013 1406 2066 after. And so it is with most of these sketches by
513 2040 1410 2102 Schnitzler including the first, Ask no Questions
506 2089 1407 2134 Stories. We see Anatol at home.
517 2123 1409 2173 He is rich and exquisite as we learn from his neckte,
517 2162 1406 2220 which is large and stockish, his furniture, which he
514 2196 1405 2253 buys of the Secession, and his pictures, which include
514 2246 1399 2295 works by Post-impressionists. (Mr. Norman Wilkin-
510 2280 1399 2342 son, of Four Oaks, shows a sense of humour besides a
509 2318 1403 2374 sense of beauty in his designs for the scene.) But
509 2367 1399 2409 Anatol is not happy. He is tormented by jealousy.
507 2387 1399 2456 Is Hilda, his present mistress, true to him?
514 2430 1396 2487 Impossible ! No woman is true. But he knows
514 2478 1403 2529 nothing for certain. Well, says his matter of fact
512 2511 1400 2563 friend Max, why not ask her? You can hypnotize
513 2555 1402 2610 people; hypnotize Hilda and you will hear the truth
512 2595 1394 2644 (and Max, as a purely side issue, will very likely hear
506 2640 1402 2693 a good story to gloat over). The opportune arrival of
500 2659 1399 2731 Hilda, and her still more opportune desire to be
501 2706 1394 2761 hypnotized, push the shilling Anatol into action.
512 2738 1396 2806 The girl (radiant in a Reville and Rossite gown) is
506 2786 1393 2834 put to sleep, and Anatol begins. The first thing he
499 2818 1393 2876 learns is that she is six years older than he thought
494 2858 1393 2922 her; and this cold douche of truth increases his
500 2903 1390 2958 dread of plunging into it. Suppose suppose suppose.
506 2939 1386 2988 He goes on suffing, advancing to the attack under the
499 2984 1387 3040 encouragement of Max, then shrinking back under
499 3021 1387 3069 cover of excuse. He drives Max out of the room.
496 3050 1380 3104 One more effort, and one final failure to ask the horrid
496 3101 1380 3154 question, then he wakes her up. Better to be vaguely
499 3130 1380 3182 jealous than to know the worst, better ignorance
491 3179 1374 3232 and kisses than knowledge and none. And, after
493 3205 1377 3266 all, as Max reminds him, women can lie when they
484 3251 1253 3297 are asleep as easily as when they are awake.
525 3282 1374 3348 We are not much cheered by the gaiety of Anatol.
484 3310 1371 3377 But the sketch (though only intended to tell us some¬
484 3376 1366 3419 thing about Anatol, and not nearly so broadly funny
478 3416 1374 3451 as some of those that are to succeed it in subsequent
486 3452 1374 3504 wecks is extremely deft, and it was more effective
478 3485 1376 3536 in a variety theatre than we could have imagined
486 3530 1368 3588 possible. This was chiefly owing to the acting of
478 3558 1368 3615 Mr. Granville Barker and Mr. Nigel Playfair. Mr.
478 3588 1376 3654 Parker hardly suggested the gay bachelor, but he
478 3636 1368 3688 made all the points and managed all the details to
487 3673 1373 3730 perfection, and Mr. Playfair stolidly made an excellent
487 3718 1367 3767 soil. Mr. Barker's paraphrase) of the German
478 3756 1001 3809 sounded like original English.
519 3786 1366 3855 Other good things in the programme are the Palace
480 3825 1371 3893 Girls in their black and white scene a slight sketch
473 3877 1366 3925 by Claude; Mr. Albert Welan, and the bioscope
470 3904 1052 3987 Voitures of yesterday a ceremony.
2545 1556 2906 1640 Telephon 12,301.
2656 1640 2757 1724 3
2010 1650 2533 1811 OBSERV
1907 1783 2897 1857 österr. beh. konz. Unternehmen für Zeitungs¬
2053 1832 2698 1899 Ausschnitte und Bibliographie.
2024 1883 2741 1958 Wien, I., Concordiaplatz 4.
2246 1946 2522 2026 Vertretungen
1851 1996 2906 2066 in Berlin, Brüssel, Budapest, Chicago, Cleveland, Christiania,
1857 2046 2897 2100 Genf, Kopenhagen, London, Madrid, Mailand, Minneapolis,
1854 2095 2904 2156 New-York, Paris, Rom, San Francisco, Stockholm, St. Peters¬
2251 2128 2517 2185 burg, Toronto.
2201 2166 2565 2237 (Quellenangabe ohne Gefahr.
1855 2215 2212 2296 Ausschnitt aus:
2102 2243 2747 2345 National Zeitung, Berlin
2186 2311 2374 2399 3. 1911
1975 2318 2076 2384 1.0
1864 2360 2084 2410 vom -
2072 2439 2696 2536 Schnitzler=Premiere in London.
1880 2500 2967 2574 In dem vornehmsten Londoner Variété-Theater, dem
1821 2555 2964 2611 Palace, wurde in dieser Woche zum ersten Male eine der Anatol¬
1812 2584 2968 2641 Skizzen von Arthur Schnitzler aufgeführt und zwar
1811 2623 2968 2685 die, in der Anatol versucht, von seiner Geliebten in der Hypnose
1809 2662 2968 2719 die Wahrheit zu erfahren, im letzten Augenblick aber vor der
1812 2702 2969 2761 entscheidenden Frage zurückschreckt. Die kleine Humoreske ist
1818 2744 2967 2798 nicht wörtlich übertragen, sondern von dem bekannten englischen
1815 2773 2965 2831 Schauspieler Granville Barker adaptiert worden und zwar recht
1824 2819 2968 2876 geschickt. Die Aufnahme war ungemein freundlich und die
1818 2851 2969 2904 Kritik mit wenigen Ausnahmen, welche sich auf den Standpunkt
1818 2886 2974 2951 der Prüderie stellten, sehr gut. Die Westminster Gazette, die
1821 2919 2968 2980 einen der besten Theaterkritiker Londons hat, schreibt: „Es kam
1815 2962 2972 3023 einem ziemlich überraschend, in dem „Palace" ein kleines Stück
1815 3003 2968 3058 von so delikatem Humor zu sehen wie „Anatol" und weiter war
1815 3040 2971 3100 es sehr angenehm zu finden, daß es im großen und ganzen eine
1824 3074 2982 3137 günstige Aufnahme fand und daß eine jede Pointe schnell und
1819 3117 2705 3192 mit Freude vom Publikum aufgenommen wurde.
