3436 4256
1393 159 1749 256 box 8/5
262 159 1237 271 4.9. Anatol - Zyklus
1313 878 1523 987 —
766 951 1202 1060 Ausschnitt aus:
1252 981 1902 1093 Die Welt am Montag, Berlin
775 1043 937 1119 vom
1225 1069 1634 1187 LANGER 1910
1876 1210 3045 1305 hagen, das gerade den Komplizierten so gern zum Primitiven
1075 1228 1472 1361 Theater.
1882 1278 3051 1349 treibt. Und mit der ungeschminkten und wehmütigen Freude einer
1879 1325 3051 1390 resignierten Intelligenz, die einen kleinen Ausschnitt aus dem
1169 1316 1408 1417 Anatol.
1879 1369 3054 1455 tollen Spiel, das wir Leben nennen, für sich und in ihrem Sinn
1882 1405 2265 1470 lebendig gemacht hat
1063 1378 1493 1461 (Lessingtheater.
769 1422 1861 1505 Eine wundervolle Melodie schwingt leise durch dämmerige
1967 1440 3048 1520 Denn das ist schließlich doch das A und das ihres
698 1481 1864 1555 Räume. Viel Melancholie ist darin, und ein klein wenig Laszivität
1891 1472 3051 1567 ästhetischen Evangeliums; eine diskrete Andacht vor den ewig
695 1534 3048 1599 und eine große, wehmütig heitere Menschheitsliebe. Ein Stückchen neuen Wundern des Lebendigen. Ich kann mir sehr gut denken,
692 1567 3048 1667 deutsches Volkslied ein Stückchen Mozart, ein Stückchen Wiener daß die Art und Weise, wie Anatol und Freund Max ihrem Leben
689 1620 1514 1687 Walzer und ein Stückchen italienische Operette.
1882 1629 3042 1699 und ihrer Kunst zum Rhythmus verhelfen, bei Andersgearteten
760 1670 1864 1743 Wie Schattenrisse gleiten ein paar blasse, ironisch nachdenkliche,
1888 1679 3051 1738 empörte Protestresolutionen zu entfesseln vermag. Bei rüstigen
698 1687 1855 1779 sehr kluge und sehr kultivierte Gesichter vorüber. Kinder eine
1888 1717 3051 1782 Tatmenschen etwa, bei Bismarcknaturen, die das eitle Nichtstuer¬
695 1755 1855 1817 müden, skeptischen, tausendfach behorchten und tausendfach zer
1882 1758 3045 1829 dasein dieser Dekadence=Apostel von Grund auf degoutieren.
695 1802 3039 1861 arbeiteten Verfallszeit. Verhätschelte Lieblinge des Glücks und er¬ der bei demokratisch Gesinnten, die es als lächerlich empfinden
695 1838 1861 1905 lesene Luxusgeschöpfe, denen die Kunst des Lebens zum einzigen
1885 1847 3045 1905 daß man die Boudoir- und Separé-Geheimnisse der oberen Fünf¬
692 1885 1858 1950 ästhetischen Credo geworden ist. Ueberlegene Betrachter menschlichen
1888 1891 3042 1950 hundert so furchtbar feierlich nimmt. Es ist sogar wahrscheinlich
695 1929 3048 1994 Zusammenhänge. Elegant verzärtelte Genießer, um deren Mund, daß die Atmosphäre dieser entzückenden Szenenfolge, gerade weil
686 1976 1858 2044 winkel die Skepsis des Snobs eine leichte Blasiertheit gegraben hat
1891 1979 3042 2035 sie so suggestiv ist, etwas tief Degravierendes hat. Aber die
689 2014 1470 2076 Philosophen im Frack und mit weißer Binde
1879 2023 3045 2082 Tatsache, daß hier ein wundervoll reifer Dichter mit nachlässiger
736 2041 1852 2126 In vornehm ruhigen Junggesellenwohnungen, durch die ein bis¬
1885 2064 3045 2123 Eleganz die erlesensten Kostbarkeiten unserer Zeit hingezaubert
686 2097 3048 2165 kreter Luxus flutet, sitzen sie beieinander und reden von klugen, hat, scheint mir allen Einwendungen den fatalen Beigeschmack
698 2144 3042 2215 feinen Diligen: Von den betörenden Heimlichkeiten dieses seltsam einer hartnäckigen Philistrosität zu geben. Ich liebe diese Anatol¬
695 2194 3042 2253 verschnörkelten Lebens. Von Frauen, die sie geliebt haben, und von Szenen mit der Liebe des Zeitgenossen, der in ihrer hingehauchten
698 2235 3039 2297 süßen Mädels, die irgendwo draußen in der Vorstadt auf sie warten. Melodie Selbstgefühltes und Selbsterlebtes wiederfindet. Ich
686 2282 3039 2341 Von Vergangenem und Gegenwärtigem. Von dem zauberhaften liebe sie, weil ich in ihrer wehmütig ironischen Heiterkeit den von
689 2324 3042 2388 Duft vertrockneter Blumen und von der seligen Torheit verstaubter Dichterhänden geformten Ausschnitt eines Lebens sehe, das uns
689 2368 2972 2424 Liebesbriefe. Von der Poesie halbverwehter Erinnerungen, von der alle angeht und uns allen so unendlich viel zu schaffen macht
689 2409 1858 2471 Wehmut des Aelterwerdens und von allem, was dieser törichten
1961 2415 3039 2483 Daß Brahm endlich einmal dem Dichter Arthur
689 2433 3042 2542 Welt ihren rätselhaft lockenden und trotz aller Dagewesenheit immer Schnitzler zum Worte verhalf, scheint mir das erste wichtige
689 2497 1352 2562 wieder bezwingenden Rhythmus gibt.
1885 2500 2447 2553 Ereignis dieses Theaterwinters.
2586 2506 3033 2577 Arthur Westpha¬
763 2533 1864 2600 Sie reden und träumen und dichten und rauchen Zigaretten
677 2583 1864 2642 und verweben alles Menschliche in die von Takt und weltmänni¬
692 2633 1858 2683 scher Klugheit gesättigte Atmosphäre ihrer liebenswürdig melan¬
689 2680 1858 2730 cholischen Sybarithen=Philosophie. Sie sind niemals laut und
674 2721 1855 2783 niemals pathetisch. Sie nehmen die kleinen Erlebnisse ihrer Mi¬
689 2768 1864 2815 niaturwelt vielleicht wichtiger, als sie genommen zu werden ver¬
683 2810 1858 2863 dienen. Aber sie sind auf der anderen Seite ehrlich und kritisch
683 2854 1852 2910 genug, um den leise parodistischen Zug in ihrer eigenen Mensch¬
683 2901 1861 2948 lichkeit niemals zu übersehen. Es liegt ein Stückchen mutiger
686 2942 1858 3019 Selbstversiflage in ihrem Gebaren. Und, wenn ihr so wollt, auch
677 2986 1431 3057 ein Stückchen ernsthafter Weltanschauung
766 3007 1855 3083 Sie sind Artisten und genießen als solche die Nüance, die
686 3060 1849 3122 Episode. Auch in ihren Beziehungen zu den Frauen und Mäd¬
683 3119 1849 3175 chen, die ein launischer Zufall ihnen in den Weg wirft. Si¬
683 3166 1858 3213 adeln die Gleichgültigkeit dieses Zufalles durch die überlegene
677 3210 1861 3257 Art ihrer Betrachtungsweise. Sie wissen, daß die blonde Cora mit
683 3251 1852 3298 den zerstochenen Fingern ein banales kleines Nähmädel aus der
686 3295 1855 3348 Wiener Vorstadt ist, daß die frech-lustige Annie direkt aus dem
677 3337 1855 3387 Opernchor ins Separé gelaufen kommt, und daß die Bianca vom
686 3381 1852 3434 Zirkus schon heute nicht mehr an den Liebhaber von gestern denkt
686 3425 1855 3475 Sie kennen die Primitivität des Materials, das sie auf der Straße,
686 3472 1849 3525 unter dem Regenschirm, in der Pferdebahn oder im Caféhaus auf¬
677 3510 1858 3572 gelesen haben. Sie wissen, daß morgen schon welk sein wird, was
677 3555 1852 3611 heute noch blüht. Sie wissen das alles und geben doch ihr beste¬
677 3596 1847 3669 Teil, die Subtilität ihrer Empfindung und die Differenziertheiten
677 3640 1876 3725 ihres Organismus daran hin. Immer mit dem kennerischen Be¬
