3344 4256
1015 335 1296 397 16 *
1346 473 1802 644 News
1015 660 1724 757 The Affairs of Anatole
1107 771 1764 860 a Dramatic lango.
1136 842 1609 901 BY PERCY HAMMOND.
952 877 1793 955 HE question presents itself: What shall
1062 928 1802 968 be done with "Anatol Shall we eye
1062 962 1796 998 it askance as something graceful but
1053 997 1794 1041 led like the Tango, to be precariously
1050 1026 1802 1072 enjoyed after the departure of age and
952 1054 1809 1099 youth from the scene of festival; or shall we
952 1085 1805 1140 regard it aesthetically like a professor in a
949 1114 1801 1158 magazine, as a "twilight, mood," an exotic
956 1149 1796 1198 nuance, something genre, presenting a gay,
949 1189 1714 1238 naïve aspect of philandery and flirtation?
978 1213 1800 1254 Or shall we analyze it as a problem in
952 1242 1793 1296 psychology, a criticism of life as it is led by
952 1281 1802 1321 others? A film back of a crimson curtain, laden
949 1306 1806 1351 with ethical warnings? Something to be in¬
958 1351 1794 1386 vestigated, classified, and pinned seriously to
952 1372 1802 1420 the wall like a collected butterfly? Or, again,
948 1406 1801 1448 shall we observe it as a brilliant, highly
949 1440 1801 1480 sconted pastime, a panorama sparkling with
952 1474 1802 1523 human frailties, a smart, sophisticated joke.
963 1502 1529 1563 a parlor story brightly told?
996 1579 1808 1627 Well, there were so many differing impres¬
961 1617 1805 1663 sions about "Anatole last evening at the Fine
958 1661 1806 1696 Arts theater that even the inscrutable Mr. Win¬
956 1683 1805 1726 trop Ames, under whose Olympian auspices it
956 1712 1802 1751 was performed, must have at last added the
955 1748 1802 1794 word baffling to his vocabulary. As I came
956 1781 1801 1824 out I heard that it was not at all the "Anatol
958 1803 1815 1852 of Wiesbaden, nor yet of Amiens. In Munich
962 1846 1805 1888 it was so and so, and in Nice likewise. Anatol
956 1876 1813 1920 here was the true to philosopher; there the
956 1908 1802 1957 carnal esthete, and elsewhere the sentimental
956 1940 1803 1979 male ingenue. Quite a subject, one ima, nes,
958 1980 1810 2015 for Mr. Elmendorf or Mr. Holmes. His women,
956 2003 1804 2047 I heard, were the "frail, la moyant types of
956 2037 1805 2080 Greutze, simple, sensuus, strongly weak," et
956 2059 1808 2114 cetera. Out from the debris of so much travel
952 2109 1803 2149 and observation it is not possible to emerge
961 2126 1813 2180 with more than a confused sense of helpless¬
955 2162 1591 2227 ness, inarticulate and uninformed.
978 2206 1804 2281 However, the purpose of this semi-column
958 2275 1805 2323 being news, more or less, it will be put down
955 2307 1813 2364 that "Anatol is a bright evening for the
951 2340 1805 2391 superholesome. As every one knows who was
949 2372 1802 2421 there last evening or who will be there in the
956 2406 1801 2453 evenings of the fortnight thereafter, Anatol
951 2434 1805 2489 is a sequence of episodes in the life of an un¬
958 2475 1813 2521 moral young man of Vienna. These episodes are
949 2502 1806 2557 not to be recommended for their chastity. They
956 2536 1803 2586 involve amorous affairs about which young per¬
949 2573 1809 2623 sons, home from school for the holidays, should
958 2605 1805 2656 know nothing unless their parents have at¬
958 2636 1799 2684 tended "The Blindness of Virtue at the other
956 2671 1799 2716 end of the hall. But as mature diversion they
956 2714 1803 2750 are tonic. About Mr. Schnitzler, who wrote
956 2746 1798 2782 them, and about Mr. Granville Barker, who para¬
952 2773 1803 2819 phrased them in English, no details are neces¬
956 2807 1798 2847 sary. It may be said that the version of Ana¬
956 2841 1798 2880 to performed three floors above by Mr. Mau¬
958 2868 1790 2919 rice Browne and his maidens, in the Little the
955 2901 1805 2943 ater, is more courageus, for Mr. Ames has put
956 2935 1808 2980 his blue pencil through many human lines of
956 2960 1803 3029 the play left spoken by the courageus Mr.
956 3006 1114 3060 Browne.
983 3048 1811 3125 Mr. John Barrymore played Anatol. He
956 3115 1803 3153 seemed to realize that Anatol is not one char¬
958 3140 1802 3189 acter but many a different man superficially in
956 3183 1814 3213 every episode. Esthetic now, animal then, wise
956 3215 1814 3260 here, foolish everywhere he fitted into the
958 3245 1803 3285 series as, perhaps, no other American actor
961 3272 1805 3314 would fit. It is to be regretted that occasion¬
955 3303 1805 3353 ally his distrust of audiences (formed from bit¬
956 3337 1803 3381 ter experience) caused him to revert to his mu¬
958 3368 1802 3419 sical comedy tricks. Particularly was this to
956 3401 1793 3443 be lamented in the episode with Mimi, po¬
956 3435 1778 3477 formed vividly, perhaps too vividly, by Mi-
956 3470 1781 3509 Doris Kane as the hungry coryphée. He we
957 3501 1784 3546 lurid therein, but he was not so in the mos
956 3517 1804 3579 immoral of the episodes that of the married
956 3568 1805 3613 Gabrielle, who met him in the rain in front of
956 3608 1806 3644 a Christmas shop. A bit of a traged in that
956 3639 1808 3687 incident, and beautifuly set forth by Miss Kath¬
962 3664 1809 3711 eine Emmet and Mr. Barry more. Miss Gail
961 3695 1808 3744 Kain appeared radiantly as the forgetful Blanca,
955 3730 1808 3772 and Mr. Barrymore there, too, was the Schnitz¬
958 3767 1809 3811 ler hero, with all the comic gravity of the rôle.
961 3793 1813 3837 Much lively acting was done by Miss Isabelle
963 3833 1809 3871 Lee as the temperamental Lona in the episode
961 3865 1813 3905 of "The wedding Morning," and there also was
958 3894 1815 3934 Mr. Barrymore full of alacrity and spirit. He
961 3930 1815 3970 is the one American player, I believe, with the
963 3965 1800 4013 intelligence and personality to make "Anatol
2466 325 2639 398 THE
1890 467 2667 655 the The
1898 2538 2639 2602 ON DARDTMORE esto
1877 2595 2530 2666 in The Affairs of Anatole
1838 2731 2690 2786 acceptable and entertaining. I am sorry that I
1832 2776 2687 2817 did not see Miss Katherine Harris (Mrs. Barry¬
1838 2806 2687 2847 more) as Hilda, the purest of the several
1834 2842 2695 2886 heroines. Everybody else said that she was the
1841 2876 2232 2927 most expert of the lot.
2192 2909 2320 2971 * *
