3436 4256
202 176 634 292 4.9. Anat
1324 165 1684 281 box 9/3
784 158 1069 300 Zykl
345 1331 3139 1414 bei leisem Wind und Blätterfallen der zu spät uns. Rokoko ist Hofmannsthals Prolog zu diesen Schlaf Frieda Schrantz, die den Prolog schau¬
131 1376 248 1466 tol¬
2231 1402 3146 1451 spielerisch überlädt, besitzt nicht die kokottige Verve
345 1402 2205 1466 Geliebten von einem zerspielten Leben sagt. Fünf¬ Akten, und auch sie selbst spielen in einer Ver¬
2220 1436 3142 1485 der Zirkusdame Bianca: Hilde Herterich, schon
1294 1451 1508 1511 gangenheit.
345 1448 1268 1496 unddreißig Jahre sind verflossen seit dem Tag
142 1448 319 1504 heater
2231 1485 3146 1530 figürlich kein Ballettmädchen Annie, gibt statt
349 1485 1271 1549 da die Niederschrift „Anatol“ vollendet wurde,
150 1504 326 1556 Lächeln
1346 1489 2198 1560 Gustav Waldau weiß um diese zeit
2228 1519 3142 1568 einer derb=munteren Vorstadt-Skizze intellektuelle
345 1526 1260 1568 und noch sind sie keineswegs ausgestorben, die
142 1541 326 1590 den kaum
1286 1538 2981 1609 lichen und kulturellen Bindungen. Er hat die und deshalb gewaltsame Groteske
3022 1556 3142 1612 They
345 1556 1260 1609 leichtsinnigen Melancholiker, noch leben diese ihr
142 1579 326 1635 ne bleibt,
1294 1582 2201 1639 fünf meistaufgeführten der sieben „Anatol"-Sze¬
2231 1590 3146 1642 Pricken sieht als Ilona überraschend gut aus,
345 1601 1260 1672 Szenen um einen Prototyp, den Wiener Anatol
139 1624 326 1676 in sanfte
1282 1628 2205 1676 nen durch eine wienerische Musik verbunden, die
2228 1631 3146 1680 muß jedoch ungarisches Temperament durch Aller¬
169 1661 322 1714 An der
401 1654 2201 1710 Aber Wien, das deutsche Märchen am Donau aus verhangener Orchesterloge klingt, und de
2231 1676 3154 1721 welts-Hysterie ersetzen. Für den Max bringt
146 1680 330 1744 Wiener
352 1706 1268 1755 strom, ist durch einen Krieg, eine Revolution
1301 1710 3139 1755 (nur selten noch gesprochene) Prolog erscheint im Karl Graumann einen trockenen Humor mit
1294 1744 2201 1789 Reifrock seiner Zeit und plaudert seine Verse in
142 1748 1271 1792 immer das einen Kronen- und einen Frankensturz gegangen;
2231 1751 3150 1800 den er freilich nicht abzuwandeln weiß, sodaß er
150 1774 334 1830 dem Läu¬
352 1781 2205 1830 die heimlichen Nöte, die dem Fremden kaum be¬ das Rokoko des kostbaren Theaterraumes. Soweit
2231 1789 3146 1852 schließlich farblos und ermüdend wirkt. Wal¬
142 1811 326 1864 wächst es
345 1819 2198 1868 merkbar werden, zehren am Mark der Stadt; Reifer sich selbst, den Schauspieler Waldau, einsetzen
2231 1826 3154 1886 dau, der sich keine Nuance entgehen läßt und,
139 1852 326 1909 m Prater¬
356 1856 2201 1905 fiel auf die Blüte ihres ewigen Frühlings. Die kann, vermag der Regisseur Waldau — von eini
2228 1868 3146 1928 wie angedeutet wurde, manche übernüanciert
139 1890 334 1942 hen das
356 1898 2209 1950 Jüngsten einer Vorkriegszeit fangen an, alt zu gen Längen sei abgesehen — eine echte wienerisch¬
2239 1909 3135 1954 schenkt sein Bestes in der Beichte jener „Episode
146 1928 330 1980 ner Gon¬
345 1935 2205 1988 werden, und an keinem von ihnen, den so sehr Halb=und=Halb=Stimmung zu beschwören, triff
2231 1950 3146 2002 der unstreitig dichterisch tiefsten der sieben
146 1969 330 2029 me weh¬
356 1972 2385 2040 Empfindsamen, sind jene Jahre spurlos vorüber er — bis auf einige Entgleisungen ins Schwa¬ Szenen,
229 2006 334 2059 sehr
356 2014 2212 2081 geglitten; Erinnerung ist das Beste oder Einzige, bing — den Schnitzlerton, und da Anatol-Waldau
2280 2018 3146 2089 Der Hauptteil des Publikums freute sich,
150 2055 2201 2100 gendeiner was den mit Haltung Alternden verblieb. Die beinahe die ganzen fünf Szenen hindurch auf de
2231 2081 3146 2126 wenn dick aufgetragen wurde: der Rest lauschte,
154 2092 326 2141 im
345 2092 2205 2149 aber nach dem Krieg zur Reise kamen, wissen Bühne bleibt, füllt er den Abend mit persönlicher
154 2122 3150 2168 hier nichts von dem seltsamen, kranken Zauber der Reizen: mit dem Charme des großen Jungen, mit wehmütig lächelnd, einer Melodie, die vor nicht
1294 2156 3146 2220 schürfendem Humor, mit der Melancholie einer allzulanger Zeit neu, jung und verwegen war.
139 2160 326 2235 radieren
356 2179 1275 2228 Zeit um die Jahrhundertwende; sie haben ihren
352 2198 3146 2261 eigenen Typ, der dem eines leichtsinnigen Melan- zarten Seele und mit einem ungewöhnlichen So wurde die Erstaufführung ein sozusagen all¬
2734 2231 3116 2299 Friedrich-Carl Kobbe.
146 2235 2550 2306 m diesen cholikers fremd und fern ist, auch wenn sie ihn, Können. Aber wenn es schon für diesen Könner gemeiner Erfolg
352 2284 2209 2332 in Wien bisweilen noch zum Muster nehmen. Er und Kenner nicht selbstverständlich leicht ist, in
142 2299 326 2355 en parise
356 2321 2212 2378 war, dieser Typ, der edelste Repräsentant aller ab= Wien und bei Schnitzler zu verharren (seine Per¬
146 2336 330 2389 dessen ero
1298 2362 2212 2411 siflage von der Träne „im Knopfloch" war am
2280 2336 3146 2415 Skandalszenen bei einer Generalprobe. Be¬
139 2370 1279 2438 ern seiner klingenden Epochen, seine Zeit wird oft noch
139 2392 3146 2471 erschieden wiederkommen, solange diese alte Erde kreisen Samstag unter nicht wenigen anderen die der Generalprobe der Oper „Wozzeck“ von
1298 2441 3150 2486 schlimmste), so muß solches Bemühen um einen Alban Berg in der Berliner Staatsoper
139 2441 1268 2494 age Wie wird, und immer leben, frühgereift und zart und
142 2475 3150 2535 Melancholi¬ traurig, in fremder Welt einsame Brüder Ana¬ Stil für die übrigen Mitwirkenden beinahe not¬am es zu Skandalszenen, wie man sie bisher im
142 2512 2209 2576 n, die De¬ tols. Aber wieder einmal ist ihre große Zeit wendigerweise vergeblich bleiben. Nur eine ein¬
2231 2528 3150 2569 Staatlichen Opernhaus nicht erlebt hat. Nach dem
142 2554 2212 2618 Spazier=gewesen. Nie auch, solange ein deutsches Thea= zige der fünf Szenen findet unter diesen Bedin¬
2235 2561 3150 2610 dritten Akt wurde das Beifallklatschen eines Tei¬
352 2591 2198 2651 ter sein wird, werden diese Szenen Arthur gungen ideale Formung, die Szene „Weihnachts
2231 2602 3150 2651 les der Zuhörer durch Zischen und Pfeifen eines
131 2610 326 2662 ungen ist
1294 2636 2209 2681 einkäufe, die sich bereits im Buch bedenklich den
139 2632 1268 2700 mehr ernst Schnitzlers vergessen werden. Doch schon sind
2235 2644 3150 2685 anderen Teiles erwidert. Es kam zu heftigen
146 2670 2209 2730 chts wahr unter dem Staub schwerer Jahre, ihre Farben Sentimentalen nähert und oft gestrichen wird
2235 2685 3150 2730 Auseinandersetzungen, die in Tätlichkeiten aus¬
360 2711 2212 2768 verblichen. Noch immer leuchtet und entzückt eine Hier jedoch steht Waldau in Herta von Hagen
2239 2722 3154 2768 zuarten drohten. Schließlich mußte der Haus¬
142 2726 334 2779 deshalb
356 2749 2212 2809 Form; aber, nicht wahr, es ist nicht unser eigenes die ebenbürtige Partnerin gegenüber. Man kann
2235 2764 3158 2816 inspektor unter Berufung auf sein Hausrecht die
154 2764 338 2820 betrügen
154 2786 2212 2846 ligkeit zur Stück mehr, nur noch, für wenige, ein Stück von sich jene Gabriele gewißlich anders denken, aber
2235 2801 3075 2865 Streitenden aus dem Theater hinausweisen.
158 2824 2216 2888 Haltlosig= unserem Stück, was in diesen Szenen gespielt was Frau von Hagen mit ihren kleinen Sätzen
1301 2842 2614 2918 formt, ist ein Miniatur=Erlebnis, dem das vor¬ Kleine Mitteilungen
142 2872 1275 2929 in; die um wird, nicht mehr die Komödie unserer Seele, nur
360 2899 2216 2962 noch, für wenige, ein Akt, ein Auftritt der Ko¬ gesetzte einschränkende Substantiv nichts nehmen
158 2918 341 2974 sind. Das
2314 2899 3154 2962 Vom Kultusministerium wurde der Privat¬
360 2940 2212 3000 mödie unserer Zeitseele. Die Dinge des Lebens kann von seiner Echtheit, seiner Tiefe und der
2231 2955 3154 3004 dozent an der Universität Erlangen Dr. Marmi¬
142 2959 326 3008 „Liebelet
364 2985 2212 3038 haben heute ein anderes Gesicht als dazumal; Meisterschaft, mit der es geformt wurde. Char¬
2235 2996 3150 3038 lian Knerr, auf sein Ansuchen mit sofortigen
146 2992 338 3049 Ruhm üb¬
2235 3022 3158 3090 Wirkung von der Stellung eines Privatdozenten
142 3019 2212 3075 von Sala, Liebe hat ewig gültigen und ewig gleichen Wert, lotte Krüger, Cora, lieblich anzuschauen und
142 3056 2959 3154 im Garten die Formen der Erotik jedoch wandeln sich mit von natürlicher Grazie, ermüdet im hypnotischen an der Universität Erlangen enthoben,
