3436 4256
1366 137 1734 253 box 8/5
247 141 1148 270 4.9. Anatol - Zyklu-
976 888 2614 970 Die Berliner Bühnen. 33 233
1027 966 1771 1036 Die rücksichtslose, manchmal stilwidrige
1810 962 2606 1036 er gelegentlich aus Originalitätssucht eine
982 1017 1779 1083 Hofmannsthalsche Bearbeitung hat das
1812 1036 2600 1080 Sache gründlich verfehlt; der „Othello
984 1078 2608 1138 Entsetzen aller Gymnasialobelehrer erregt. Meister Bassermanns z. B. war kein Mei¬
976 1125 1232 1191 Und dennoch
1816 1127 2602 1189 sterstück; aber Else Heims bot als Desde¬
1034 1174 2614 1230 Der Kampf un. die Eintrittskarten ist mona eine poetische Leistung.) Wie Rein¬
976 1211 1775 1281 eine Strapaze, billig sind sie auch nicht, in
1806 1228 2602 1279 hardt Licht und Ton und Tempo und Bild
978 1268 1775 1328 dem halbdunkeln Haus kommt keine einzige
1806 1275 2612 1340 beherrscht, wie er seine Künstler und die
978 1326 1779 1377 Damentoilette zur Geltung, nicht einmal
1810 1321 2606 1385 gewaltige Heerschar seiner Choristen unter
978 1371 1779 1430 eine Pause unterbricht das Spiel, damit
1820 1373 2606 1430 seinen Willen zwingt, das ist bis jetzt nur
978 1422 1779 1473 man die Bekannten hüben und drüben be¬
1810 1424 2606 1479 einmal dagewesen. Ein Richard Wagner
976 1467 1773 1526 grüßen kann und selbst gesehen wird. Und
1806 1469 2600 1532 besaß die ungeheure suggestive Kraft, um
978 1513 1164 1583 dennoch
1810 1518 2604 1581 ein großes Kunstwerk so durch alle techni¬
1017 1550 1773 1628 Die dramatische Wucht des Vorganges,
1816 1571 2606 1628 schen Hindernisse von Theaterschlendrian
972 1618 1771 1685 die Spannung, die Steigerung bis zum
1812 1620 2602 1681 zum Sieg zu führen. Reinhard; macht¬
976 1661 1775 1730 Niederbruch — die uralten Bedingun¬
1810 1669 2604 1722 volle Aufführung der Sophokleischen Tra¬
976 1714 1773 1773 gen des Theaters, um die Aufmerk¬
1806 1714 2596 1777 gödie bildet einen Markstein in der Theater
982 1767 2604 1828 samkeit einer bunt zusammengewürfelten geschichte. Paul Wegener als König, Tilla
978 1816 1742 1869 Menge festzuhalten — sie zu unterhalten¬
1812 1816 2602 1877 Durieur als Jokaste, Eduard von Winter¬
989 1859 1775 1922 sind hier eben erfüllt, und sofort belohnte
1812 1865 2602 1924 stein als Kreon haben unter ihrem kleinen
978 1910 1773 1967 es sich. Fünf= bis sechstausend Menschen
1812 1912 2600 1971 großen Feldherrn die Regimenter zum
978 1959 1773 2018 sind noch jeden Abend, an dem die uralte
1806 1963 2602 2022 Sieg geführt. Zum Sieg auch gegen den
972 2008 1767 2061 Tragödie im Zirkus gegeben ward, in
1806 2010 2602 2087 anfangs noch blasiert lächelnden Snobis¬
972 2055 1773 2108 atemloser Spannung dem wirren Schicksals¬
1808 2063 1904 2138 mus.
972 2102 1773 2161 weg des von den Göttern gezeichneten Kö¬
1855 2077 2602 2190 Die erste Szene schon gewann die
968 2149 1981 2220 nigs gefolgt. Sie glauben den unrealistischen Schlacht.
970 2208 1775 2265 Voraussetzungen nicht und lassen sich den¬
1851 2196 2618 2286 Dumpfes Getös dringt von draußen her
970 2253 1771 2314 noch packen. Und wenn zum Schluß des
1799 2253 2600 2328 in den völlig finster gewordenen Zirkus.
972 2298 1777 2355 Spiels der geblendete König Odipus die
1810 2302 2604 2357 Posaunenstöße in der Ferne. Das Volk
978 2349 1767 2406 Freitreppe von seinem Palast in die dunkle
1806 2353 2602 2406 dringt ein. „Die Gesichter zuerst am Rande
976 2396 1771 2451 Manege des Zirkus hinabtaumelt, Abschied
1804 2400 2600 2461 rückwärts; dann unter dem Druck der Nach¬
972 2445 1767 2500 von seinen Kindern nimmt, so geht es wie
1799 2451 2596 2510 drängenden fluten sie herein wie ein Gieß¬
972 2496 1773 2572 ein leises Schluchzen durch das ganze Haus.
1806 2494 2600 2553 bach; auf einmal ist der Platz bis an die
1011 2541 1775 2598 Nach all den kleinlichen, grämlichen
1810 2549 2606 2612 Stufen des Palastes überschwemmt mit
972 2590 2596 2647 Stoffen des überwundenen Naturalismus ihnen. Ihre Augen sind auf die Tür ge¬
968 2641 1767 2725 hat die Menge Hunger auf große Erschütte¬
1804 2649 2602 2702 richtet, ihre Lippen wiederholen wie eine
970 2690 1123 2755 rungen.
1799 2692 2594 2757 Litanei: „dipus, hilf uns! Hilf uns,
1023 2723 1501 2804 Sie will wieder Theater!
1799 2737 2600 2798 König! Die schwere Tür des Palastes tut
1021 2780 1775 2851 Daß ein moderner Regiemeister wie
1806 2794 2600 2864 sich jäh auf. Eine Stille. Odipus tritt
972 2831 1767 2898 Professor Max Reinhardt keine Meininge¬
1810 2835 2553 2904 heraus. Alle Arme recken sich zu ihm."
970 2886 1771 2958 rei gibt, erst recht keine Kulissenreißerei, ist
1842 2884 2600 2945 Dieses Bild des von Pest und Hungers¬
976 2935 1771 2986 klar. Er hat alle Schulen absolviert, kann
1804 2933 2600 3005 not heimgesuchten Volkes, dieser Hunderte,
976 2982 1767 3043 seinen ehemaligen Lehrer Brahm schon
1799 2986 2596 3062 die die nackten Arme hilfeflehend zu ihrem
970 3033 1765 3090 längst in die Tasche stecken, und die eng¬
1797 3037 2596 3098 König ausstrecken, gab mir die größte Büh¬
966 3082 2447 3141 lischen Ausstattungskünste, auf die man nenwirkung, die ich je erlebt habe.
972 3129 1769 3201 drüben eine ganze Season gründet, dienen
1842 3137 2422 3205 Tausenden erging es wie mir.
970 3176 1767 3233 ihm nur als gelegentliches Hilfsmittel.
1842 3168 2608 3237 Schauspieler, Chor und Maschinerien,
970 3237 2596 3295 Er hat den Stil einer großzügigen szenischen Haus und Regisseur sind da, um einer
972 3280 1767 3331 Kunst gefunden. Er ist der größte Regis¬
1799 3282 2596 3362 großen neuen Theaterkunst zu dienen. Es
978 3327 1773 3413 seur aller Zeiten. (Das hindert nicht, daß
1799 3329 2218 3409 fehlen nur die Stücke.
