3484 4224
283 153 608 268 4.9. A.
1396 141 1757 244 box 8/5
719 156 1161 262 1 - Zykle
1026 1038 1315 1104 burg, Toronto.
957 1068 1387 1167 lange des doute
638 1140 996 1243 Ausschnitt aus:
1104 1207 1598 1312 COLLEMBER 1910
641 1276 773 1354 vom
957 1288 1640 1441 Staatsbürger Leitung, Bern
1739 1429 2934 1537 war ganz das süße Mädel“ der man selbst in der Hypnos¬
1742 1501 2943 1565 nicht mit der Frage nach ihrer Treue kommen darf. Lina
773 1504 1480 1607 Aus den Theatern.
1742 1553 2937 1616 Lossen als Kindliche ging nicht recht aus sich heraus: sie
975 1580 1303 1661 Lessing=Theater.
1751 1592 2946 1658 blieb kalt und steif — ein Fehler, der zum Teil auch in der
1748 1634 2943 1703 Rolle begründet liegt. Frl. Sassin als Abschiedssouper¬
785 1619 1489 1709 „Anatol“ von Arthur Schnitzler.
1432 1679 2943 1745 mung dieses Annie war glänzend ein kleiner Teufel voll Leichtsinn und
614 1694 1122 1757 Man mag dem Milieu
1757 1721 2952 1793 Bosheit und einer sehr natürlichen plebejischen Note. Frl.
539 1739 1730 1796 allmählich in gewissem Sinne klassisch gewordenen Einakter=
542 1772 2949 1847 Zyklus Schnitzlers fremd und ablehnend gegenüber stehen: Herterich als die vagabundierende Zirkuskünstlerin,
545 1808 2943 1883 es ist in der Art dieses Wiener Dichters ein Etwas, das auch in deren Leben Anatol nur „Episode" gewesen war, verdiente
1757 1853 2946 1920 alles Lob, und Irene Triesch als Ilona bildete den
536 1862 1730 1929 den Widerstrebenden in seinen Bann zieht. Eine leise
536 1889 2940 1977 Schwermut, eine leichtsinnige Melancholie, ein sanftes Däm= Höhepunkt des Abends: sie war Feuer und Leben vom Scheitel
539 1938 2949 2013 merlicht verträumter Herbstabende liegt über allem: ein bis zur Sohle: es war köstlich, wie sie das Teegeschirr zerschlug
536 1992 2946 2046 trauliches Gemach, eine rosa Ampel, ein paar Blumen auf und sich auf die Causeuse warf ihr Schwur „ich komme wie¬
539 2022 2952 2130 dem Tisch — und darinnen eine kleine Nähteerin aus der der ließ in der Tat nichts an Glaubwürdigkeit zu wünschen
536 2079 1871 2139 Vorstadt, die auf ihren Geliebten wartet. Keine Kunst übrig
1829 2082 2949 2181 Herr Monnard als Anatol stellte einen ganz glück¬
542 2124 1727 2184 großen Stils, aber eine unendliche Feinheit und Anmut de¬
542 2160 2952 2229 Details: ein kleiner wundersamer Ausschnitt aus diesem lichen Typus des weichlichen, sentimentalen Liebhabers dar
1808 2199 2952 2269 aber die feine Kultur und Grazie des Schnitzlerschen
542 2205 1556 2269 großen, seltsamen Leben, das an uns vorbeirauscht
623 2248 2946 2314 Es ist eine Kunst der Décadence, gewiß: Wollen, Tat¬ Anatol ging ihm ab. Ausgezeichnet als Maß war Emanuel
542 2272 2952 2356 kraft, starke seelische Konflikte sind ausgeschaltet, und nur Reicher: die lächelnde Ueberlegenheit und kühle Objekti¬
542 2332 2961 2422 das Spiel des Herzens und der Sinne bleibt. Anatol ist ein pität des Zuschauers kann nicht virtuoser und anschaulicher
2810 2380 2961 2452 H. St.
545 2377 2627 2458 Genießer des Ewig=Weiblichen — ein wenig schwermütig, ein dargestellt werden, als es durch ihn geschah.
548 2428 1742 2488 wenig grüblerisch, zu allerhand nachdenklichen Betrachtungen
542 2476 1751 2542 geneigt, wie man das bei erotischer Ueberernährung durchweg
542 2518 1751 2572 wird: im übrigen ist er gar kein komplizierter oder besonders
545 2560 1748 2615 interessanter Mensch — er ist, wie er selbst richtig erkennt,
551 2603 1745 2660 kein Individuum, sondern ein Typus: der Typus des über¬
551 2642 1751 2714 sättigten Lebemannes, dabei ein harmlos gutmütiges Kind,
551 2687 1751 2747 er glaubt — und darin liegt die Komik seines Wesens — die
551 2726 1745 2795 Weiber zu beherrschen, während er in Wirklichkeit seinerseits
551 2774 1751 2831 ihr Sklave ist. Die Weiber sind ihm — wie jedem Manne
602 2816 1748 2879 himmelweit überlegen, selbst in der Hypnose lügen sie noch
551 2861 1751 2912 — der gute Anatol wird mit diesen „süßen, hassenswerten
545 2906 1742 2976 Geschöpfen nicht fertig, und er endet als ein müder, unter
548 2943 1598 3030 ein offenbar nicht leichtes Ehejoch gebeugter Mann.
632 2979 1742 3048 Von den sieben Einaktern hat Brahm fünf ausgewählt
1655 3042 1748 3090 Ab¬
548 3039 1589 3102 Die Frage an das Schicksal, — Weihnachtseinkäufe,
560 3078 1748 3138 schiedssouper — Episode — Anatols Hochzeitsmorgen. Auch die
563 3123 1754 3195 fünf stellen auf der Bühne fast ein Zuviel dar. Aber dies Zu¬
548 3174 1751 3228 viel wird bei der Aufführung gemildert durch die Art, in der
551 3210 1751 3283 die verschiedenen Weibertypen dargestellt werden: die Mono¬
551 3258 1757 3322 tonie der Handlung wird auf diese Weise angenehm unter¬
557 3313 1775 3397 brochen. Frl. Somary begann den Reigen als Cora: sie
