3344 4256
359 112 1105 158 making up his mind to step out and be
359 147 1103 185 married at 12:30 o'clock, smashes the dishes
359 180 1103 224 in his flat while he dances on the piano in
354 216 1100 260 terror, wildly waying a bridal bouquet and
354 249 1103 291 begging his friend Max to leash the tigress.
377 284 1110 334 Another of the episodes presents a married
366 319 1107 365 woman lamenting her fidelity as wife and
352 357 1103 405 mother, a kind of loyalty she describes as
359 388 1103 436 cowardice." It is her conviction that had
361 429 1105 469 she been "brave she might have been
354 462 1103 515 happy with Anatol. She sentimentalizes
354 504 1103 548 prettily to that effect and finally sends
354 533 1100 581 Anatol on his way with a bunch of pink
354 579 892 623 roses for another of his girls.
377 599 1100 656 The makishness of this composition
357 640 1098 682 occasionally is assuaged by its deft mockery.
357 687 1100 728 for Dr. Schnitzler has a knack for a neat
357 720 1098 759 phrase and a sapient reflection, but most
354 755 1096 793 of it is cackle, cackle, cackle cackle, chatter,
354 792 1100 828 chatter, chatter, clack, clack, clack until
357 821 749 883 ten minutes to eleven.
632 856 815 905 . . . . .
376 881 1090 942 The intention of the thing is deplorable,
348 936 1100 988 its effect is tedious and insipid. The adult
348 971 1094 1013 mind will dismiss it in ten minutes; the esti¬
354 1012 1090 1050 mate of the value of life that the youth¬
350 1046 1090 1094 ful observer will acquire from it would.
354 1076 1087 1132 we should think, be sickly and, therefore
363 1120 508 1173 armful.
376 1129 1090 1200 In any case, it is an unsavory thing for
366 1195 1090 1233 he Chicago Theater Society under the
354 1228 1089 1281 suspices of which this engagement is played
368 1261 839 1327 to bring before the town.
629 1305 812 1352 . . . . .
376 1318 1090 1384 Of the five episodes contained in Mr.
363 1369 1090 1424 arke's arrangement of the play one was
359 1413 1094 1461 nade interesting last evening by Miss Doris
366 1450 1085 1488 Kennes capital impersonation of a disso¬
363 1488 1094 1534 tous in named always
359 1523 1096 1563 imi." This baggage, flaunting her paste
359 1559 1090 1603 tems and her atrocious table manners,
365 1602 1090 1644 me to a supper Anatol is giving in a
359 1631 1100 1679 habby restaurant. It is his purpose to tell
368 1666 1094 1713 he girl he is breaking with her. That was
359 1706 1090 1748 heir agreementan amicable parting when
372 1739 1090 1783 bey were weary. Mimi has fallen in love
368 1776 1092 1823 ith a performer in the orchestre at the
376 1812 1089 1851 eater and she is going to live with him.
376 1845 1087 1889 te and Anatol wrangle over the decision
388 1878 1087 1928 d. before he has learned its full import,
394 1917 1090 1979 asks, Do you mean that some one has
387 1950 797 1994 ked you to marry him?
388 1957 1087 2049 Oh, responded the charmer. I wouldn't
388 2023 759 2078 ow you over for that
388 2051 1083 2113 verybody in the audience who had ever
388 2095 1090 2153 ked around the Grillparzer monument
392 2135 1079 2190 the Thiergarten considered this terrific¬
388 2164 988 2221 Viennes and laughed right out,
398 2204 1081 2280 oor, shody imitations of continentais,
407 2243 696 2294 the scene!
401 2256 1083 2342 ss Kerne sketched the gluttony, the
403 2318 1078 2369 melessness, the diabolical spurts of tem¬
401 2364 1087 2417 the drawing languors and the mercenary
385 2390 1085 2456 t of the poor painted doll with remar¬
388 2428 1085 2474 e truth and remarkable humor. She
388 2467 1089 2522 did nothing and she touched the girl
398 2500 1078 2549 life this Becky Sharp of show-girls,
383 2531 1070 2586 a kind of Hogarthian gusto in her
383 2576 1089 2633 was real impersonation and Miss Keane's
383 2611 1079 2659 blooded portrayal made the shrill dab¬
377 2646 1078 2699 ne of most of the others in the cast seem
385 2683 1078 2749 an amateur struggle to be naughty
388 2718 517 2763 spicy.
388 2723 1085 2807 he rest of the episodes were devoted to
387 2798 1085 2848 experiments of the two morbid young
388 2828 1078 2877 is with the girls, teasing them, mo¬
401 2868 1089 2925 at them, abusin them, making game
388 2905 1087 2950 them, the whole winding up with the
392 2948 1079 3002 ctacle of the noisiest girl raving while
392 2976 821 3035 tol danced on the piano.
387 3002 1067 3055 on Barry more, describing
401 3057 1079 3115 philosopher, gave a weakened, mon¬
394 3084 1076 3134 us, mirthless performance as Anatol.
1094 3102 1816 3159 for the London company now at the Stud
396 3130 1067 3170 acting was without cadence, but occa¬
392 3157 1209 3223 ly, by means of a certain quaint combler.
377 3207 1072 3244 placeness, he won a laugh. At other
1123 3201 1827 3266 With the engagement of Stella Hammer
379 3233 1067 3280 les he resembled a rising young under¬
1103 3249 1818 3302 stein for an important part in "The Ur¬
377 3275 1829 3331 ter going conscientiously to work, Per¬
379 3309 891 3353 ps Anatol of Vienna was that.
1103 3326 1818 3372 the cast for Edwin Milton Royles pla¬
379 3333 1076 3392 Sy winks and nods Mr. Yorke strove to
1103 3364 1827 3407 The company now includes May Buckey
372 3386 1842 3441 mate the monoton, and the grime of sie Herbert, Frank Sheridan, are
366 3425 1834 3478 exercises with fun and spirit, but ils Browne, Frederick Burton, John Stokes and
366 3460 1842 3528 ccess, through no fault of his own, was Mrs. R. E. French. The Unwritten Law
366 3489 544 3539 t decisive.
1094 3509 1836 3570 will be produced at the Cort Theater in
366 3504 1067 3588 Miss Emmett spoke the speeches of the
1098 3542 1263 3608 January.
368 3566 962 3632 ing married woman very prettily.
1374 3562 1519 3623 . . . .
552 3588 1048 3658 JAMES ODONNELL BENNETT.
1131 3588 1794 3650 Of course you admire Shakespeare?
614 3639 788 3683 . . . . .
1123 3639 1840 3689 should say, replied the man
376 3645 1067 3722 so Hamilton, author of The Ein¬
1094 3687 1845 3725 of modern methods. Anybody who could
366 3714 1067 3751 se of Virtue." is revising the manuscript
1098 3711 1840 3758 make the success that he did without intro¬
377 3746 1067 3795 Israel als The War God with
1098 3753 1840 3813 ducing ragtime or turkey-trotting was a
366 3777 1675 3830 view to producing it as a matinée piece wonder." The Washington Star¬
1561 202 2029 297 4.9. Anato
2107 202 2512 313 Zyklus
2679 203 3027 291 box 9/11
