3436 4320
252 229 1204 342 4.9. Anatol - Zyklus
1368 227 1706 331 box 8/7
1179 1357 2194 1484 Die Rücken beachten
1779 1473 2171 1565 Telephon 12.491.
1308 1622 1973 1745 „OBSERVE
1143 1708 2201 1821 I. österr. behördl. konz. Unternehmen für
1439 1770 1900 1840 Zeitungsausschnitte
1157 1816 2200 1929 Wien, I., Konkordiaplatz 4.
1540 1875 1799 1949 Vertretungen
1143 1915 2192 2005 in Berlin, Basel, Budapest, Chicago, Cleveland, Christiania,
1143 1957 2196 2040 Genf, Kopenhagen, London, Madrid, Mailand, Minneapolis,
1134 1999 2193 2089 New-York, Paris, Rom, San Francisco, Stockholm, St. Peters¬
1532 2039 1811 2109 burg, Toronto.
1379 2084 1943 2165 (Quellenangabe ohne Gewähr).
1131 2097 2119 2245 Ausschnitt aus Pester Journal
1139 2218 1561 2313 vom
1234 2300 2117 2372 Eine interessante Vorbereitung trifft das Unga¬
1112 2358 2115 2421 rische Theater für die Première von Schnitzlers
1112 2408 2107 2474 „Anatol." Einer der fünf Einakter dieses Chri¬
1124 2465 2113 2515 spielt nämlich in einer engen Straße der inneren Stadt
1121 2511 2113 2565 Wiens. Vorgeschrieben sind ein Kastanienbrater und
1121 2557 2115 2616 eine Annoncensäule. Diese Annoncensäule wird nun
1121 2610 2115 2657 vollständig magyarisirt werden, indem sie mit den
1124 2652 2115 2717 Theaterzetteln jener ungarischen Stücke vollgeklebt
1126 2713 2107 2765 wird, die jetzt und in der jüngsten Vergangenheit in
1121 2752 2098 2814 Wien gespielt worden sind oder in Vorbereitung
1121 2792 2109 2867 stehen. Da wird es also heißen: Burgtheater: „Der
1118 2843 2094 2912 Kuß"; Theater an der Wien: „Ein Herbstmanöver“
1121 2892 2102 2961 Johann Strauß=Theater: „Der Sultan"; Carltheater:
1124 2936 2101 3007 „Der kleine Günstling“; Josephstadter Theater: „Der
1126 2986 2098 3045 gute Frack; Theater in Vened in Wien: „Tanz¬
1125 3044 2093 3118 husaren; Neue Wiener Bühne „Der Herr Verthei¬
1122 3083 1696 3165 diger"; Volksoper: „Eliane.
