3436 4256
407 186 697 291 4.9. A
1006 200 1331 280 Zyklus
1527 207 1888 316 box 8/5
923 1024 2217 1092 Wirkung der Szene liegt der ganze Zauber. Und so wirkt auch
916 1081 2217 1134 meistens die ins Schnitzlersche Werk verfochtene istorie. Rein
921 1120 2223 1196 illustrativ. Bildbeilagen zum Schauspiel. Diese Szenen stehen im
923 1173 2218 1237 Stück wie Steine in einem Strom. Das Drama fließt um sie in
923 1219 2218 1279 langgewundenen flachen Schleifen herum, statt daß es durch sie ein
928 1271 2217 1335 stärkeres Gefälle bekäme. Zeitkolorit und Stimmung ist wohl da.
924 1328 2213 1382 Aber das hätte sich mit weit geringer Aufwand an Menschen,
923 1367 2215 1427 Episoden und Szenenbildern erzielen lassen müssen. Einzig der Napo¬
923 1414 2218 1479 leon, der im Hintergrunde wetterleuchtet, macht die Atmosphäre des
920 1471 2213 1533 Stückes gefährlich, gespannt. Aber auch das bewirkt nicht des Dichters
920 1518 2220 1606 Kunst, sondern die Assoziationen, die der Name im Bewußtsein des
923 1569 1273 1644 Hörers frei macht.
1003 1603 2213 1691 Ein paar starke Eindrücke trägt man von der langen romantischen
923 1678 2215 1737 Historie davon. Lebensmitte, Mannesalter: das spürt man als die
920 1728 2217 1780 primäre Zelle der ganzen Empfindungswelt dieses Werkes. Zwischen
913 1782 2213 1837 zweierlei Angst ist es eingebettet. Zwischen der Angst vor den Un¬
923 1829 2186 1881 gewißheiten und dem Un=Sinn des willenden, wollenden Lebens¬
923 1868 2218 1932 und der Angst vor dem Sinn und der Gewißheit seines Endens.
924 1924 1912 1984 Zwischen Jugendsehnsucht und Todesgrauen liegt es.
1011 1969 2207 2039 Ein stark romantischer Zug waltet vor. Ein trotziger, ohn¬
920 2020 2220 2093 mächtiger Trieb zur Selbstgestaltung des eigenen Schicksals. Ein
918 2077 2220 2137 Versuch, über Tod und Leben, Größe und Kleinheit, Wollen und
923 2122 2217 2186 Können das aufhebende Zeichen eines fatalistischen Lächelns zu setzen.
923 2181 2217 2231 Der Stärke wird gehuldigt, dem Bewußtsein eigenen Wertes, als
920 2231 2217 2287 der einzigen Möglichkeit, sein Leben zu leben und den Tod zu dulden.
920 2280 2222 2340 Die schrullenhafte Ordnung, in der irdisches Geschehen abrollt, wird
918 2331 2225 2396 gezeigt, die sonderbar verzwickten Rösselsprünge von Ursache zur
934 2376 2218 2438 Wirkung, die „die Hand des Verhängnisses" schlingt, und die erst
920 2418 2220 2490 historisches Betrachten künftiger Geschlechter oder genial=perspektivisches
923 2475 1580 2534 Sehen eines Dichter=Auges auflöst.
1007 2524 2218 2589 Das scheinen, in gedrängtester Kürze, die abstrakten Grundlinien
926 2578 2215 2641 im neuen Schnitzlerschen Drama. Es ist kein Meisterwerk; aber das
923 2633 2217 2692 Werk eines Autors, der schmerzhaft genau fühlt, wie die Meisterschaft
916 2684 2135 2767 aussehen müßte; und nach besten Kräften Annäherungswerte gibt.
1003 2765 2218 2858 Das Riesenkind der Schnitzlerschen Muse wurde im Burgtheater
920 2850 2220 2912 wahrhaft fürstlich herausstaffiert. Eine lange Reihe zierlicher, intimer,
923 2899 2217 2959 vornehmer, farbenroher Szenenbilder rollte ohne Stockung ab, und
924 2947 2213 3001 der Spielereien für Erwachsene gibt es eine weihnachtliche Fülle.
924 2995 2213 3052 Manches, so die Bastei=Szene, sieht allzu niedlich und geschleckt aus.
920 3045 2222 3102 Man hat da wirklich die Empfindung: Riesenspielzeug. Nach Schluß
920 3092 2222 3151 der Szene wird alles, samt Herrn Gerasch, in eine große Schachtel
920 3144 1593 3216 gepackt und auf den Schrank gestellt.
2104 3229 2222 3323 1267
