3248 4256
870 146 1051 221 lus
137 145 816 247 4.9. Anatol-
266 708 1045 859 „OBSERVER
360 802 1009 900 I. österr. behördl. konzessioniertes
328 832 1048 960 Unternehmen für Zeitungs-Ausschnitte
401 905 976 1012 WIEN, I., WOLLEILE 11
483 958 919 1048 TELEPHON R-23-0-43
290 1115 650 1205 Ausschnitt aus:
500 1210 875 1324 5. SEP. 12
311 1371 442 1439 vom
257 1500 1111 1648 Theater und Kunst
331 1635 1108 1699 Akademietheater. Ein neuer „Anatol“
249 1683 1116 1747 stellt sich vor. Er heißt Haus Wengraf und
241 1725 1114 1786 kommt über Hamburg und andre deutsche
243 1773 1116 1829 Städte nach Wien. Er ist ein Wiener, aber
243 1827 1114 1878 von Wien nach Wien zu kommen, ist ja un¬
250 1866 1117 1920 gleich schwerer und seltener, als über aus¬
243 1899 1121 1956 wärtige Engagements. Direktor Röbbeling, der
247 1941 1117 2004 ihn aus Hamburg schätzt, hat Hans Wengraf
247 2001 1120 2048 als Regisseur und Bonvivant ans Burg¬
250 2034 1121 2086 theater berufen. Sein „Anatol“ bewies, daß
256 2064 1117 2128 Wien durch diesen Wiener nur gewinnen kann.
250 2115 1126 2167 Schnitzlers Geschichte eines jungen Mannes
252 2158 1122 2215 und seiner Lieben liegt uns ja heute ferner als
250 2202 1121 2260 manches Stück, das um hundert Jahre älter
252 2244 1123 2311 ist. Glücklicher, unglücklicher Anatol, der keine
250 2283 1122 2340 andern Sorgen hatte als die Liebe! Im
258 2325 1129 2383 Akademietheater wird „Anatol“ in richtiger
252 2364 1123 2424 Einsicht der veränderten Lage erstens im
250 2413 1127 2473 Kostüm von damals, als es noch in Wien von
252 2459 1126 2515 Anatols wimmelte, gespielt, und zweitens das
250 2495 1127 2563 Hauptgewicht auf die komische Seite gelegt.
256 2546 1129 2599 Grundmotiv: wer nimmt die Liebe ernst?
268 2586 1127 2652 Hans Wengraf wird in den letzten Szenen
264 2632 1129 2697 zum Komiker. Er persifliert sich selbst
252 2672 1129 2736 auf diskrete, nette Art. Er nimmt die
258 2717 1131 2770 Liebe noch immer ernst, aber er hat
258 2762 1133 2812 nichts dagegen, wenn es die andern nicht tun,
256 2806 1127 2870 Und im Prolog wie in den ersten Episoden ist
258 2841 1126 2903 er der nachdenkliche junge Mann von einst,
262 2893 1133 2946 der das süße Mädel preist, das heute auch
262 2942 1129 2988 kaum mehr zu finden ist. Ein Mensch, der
273 2976 1128 3032 leichtsinnig ausschaut, es aber gar nicht ist.
258 3026 1129 3083 Einer, den der Dichter Schnitzler als Selbst¬
262 3064 1128 3125 portrat gezeichnet hat. So hat das Burgtheater
262 3108 1135 3172 wieder einen jugendlichen Bonvivant, den es
264 3146 1137 3214 auch in einer Zeit braucht, in der die
263 3197 1133 3264 wenigsten „gut leben". Die Frauen um Anatol
262 3247 1134 3296 waren durchweg vorzüglich. Zart und sein
262 3295 1129 3338 ließ Marie Mayen die Liebe einer „an¬
272 3323 1137 3400 ständigen Frau durchschimmern, die Anatol
1002 3365 1141 3417 Maria
746 3372 926 3427 überläßt.
268 3377 683 3442 dem Vorstadtmädel
262 3408 1134 3476 Kramer gab dieses süße Mädel frisch und
268 3449 1134 3510 echt. Es konnte sogar von 1932 sein. Lach¬
273 3490 1135 3558 sturme erregte Alma Seidler mit ihrer
1052 3537 1129 3592 Lilli
435 3554 972 3602 karikierten Ballettänzerin.
277 3552 361 3607 stark
273 3580 1135 3642 Marberg und Ebby Johannsen schufen
283 3622 1141 3687 Typen, die nie aussterben werden. Emmerich
268 3676 1135 3734 Reimers gab den diskreten Freund Max.
273 3711 1140 3773 Das Publikum lachte über Anatol und seine
271 3754 1101 3849 Zeit, nach der es sich eigentlich zurücksehnt.
888 3804 1110 3884 Dr. H. H.
1253 143 1608 236 box 9/4
1862 584 2643 687 „OBSERVER
1945 688 2606 736 1. österr. behördl. konzessioniertes
1925 730 2639 802 Unternehmen für Zeitungs-Ausschnitte
1989 778 2563 858 WIEN, I., WOLLZEILE 11
2064 840 2499 901 TELEPHON R-23-0-43
1858 963 2218 1053 Ausschnitt aus:
1874 1214 2002 1274 vom
1820 1294 2757 1419 SE2 Wr. Allgemeine Zeitung
1884 1740 2588 1859 Leider kein Anatol
1889 1847 2588 1946 Hans Wengrafs Burgtheaterdebut
1885 1933 2674 1995 Hans Wengraf ist im günstigsten Fall
1792 1989 2668 2063 ein trockener Anatol. Altväterlich steif, mit
1794 2043 2664 2097 leichten Biedermeier-Koteletten, hat er
1795 2087 2669 2148 nichts, aber schon gar nichts vom leisen,
1788 2133 2659 2198 hold närrischen Herzens= und Gesprächs¬
1789 2179 2662 2236 charme des „leichtsinnigen Melancholikers".
1795 2226 2662 2286 Er spielt einen nachsichtigen Pedanten des
1782 2274 2661 2353 Liebesdialogs, der überdies erstaunlich
1787 2326 2658 2384 unwienerisch, ja in seiner gemessen mitge¬
1792 2378 2665 2446 launten Lustigkeit fast antiwienerisch wirkt.
1870 2420 2659 2509 Brutal, aber ehrlich: Also kein Anatol.
1786 2477 2659 2554 Außer Direktor Röbbeling überrascht das
1782 2530 2668 2604 niemand. Der junge Hans Wengraf, schon
1789 2579 2654 2652 in seiner noch locker begabten Volkstheater¬
1787 2637 2653 2702 zeit, deutete eine ganz andere Entwicklung
1787 2695 2658 2751 an. Keinesfalls die zum Bonvivant, wie ihn
1778 2721 2660 2793 das Burgtheater jetzt trotz Herrn Bettacs
1787 2779 2658 2853 persönlicher Zartheit und sanft verhaltener
1787 2832 2659 2889 Kultur der Empfindung energisch rekla¬
1784 2884 2657 2935 mieren zu müssen glaubt. Mit Recht, wenn
1779 2929 2657 2993 es einen in Tonfall und seelischen Akzent
1784 2971 2657 3040 österreichischen Parallelspieler sucht. Daß
1776 3021 2653 3093 der nicht zu finden, ist auch eine der ge¬
1778 3069 2658 3137 wissen leichtfertig parteiischen Behaup¬
1780 3122 2632 3195 tungen des hochhoffiziösen Theatermarkts.
1864 3181 2651 3242 Röbbeling schätzt Herrn Wengraf auf
1784 3232 2653 3291 Grund erprobter Hamburger Beziehungen.
1787 3277 2647 3334 Man schätzt ihn selbst als einen im aktiv¬
1793 3329 2651 3393 sten Sinn auch heute noch jungen Schau¬
1786 3381 2651 3437 spieler von intensivem Ernst und unver¬
1784 3433 2654 3482 kennbar regem Gewissen. Von seinem Ehr¬
1778 3486 2644 3539 geiz wird man sich hoffentlich bald gegebe¬
1780 3539 2443 3599 nenfalls gern überraschen lassen.
1861 3582 2644 3654 Nur die Bonvivant=Träume scheinen,
1778 3632 2644 3697 loco, nach dieser Anatol-Kostprobe, gründ¬
1780 3687 2641 3749 lich erledigt. Herr Wengraf hat jene un¬
1772 3740 2644 3796 absichtlich beschattete Leichtigkeit, jene
1780 3795 2640 3856 galant müde Anmut, jene unbiegsam weiche
1772 3839 2644 3887 Mannessüße nicht, wie sie Kramer, Edt¬
1778 3888 2641 3945 hofer, Waldau ihrem Anatol geschenkt
1771 3947 2644 4009 haben, und Raoul Aslans kleiner Finger
1772 3989 2647 4047 zaubert mehr fürstlich phlegmatischen
1778 4042 2641 4092 Liebesgram hervor.... Es war eine
1779 4087 2626 4135 Fehlbesetzung, aber auch des Fachs. Wen
2790 1294 2901 1386 Wien
