3296 4224
1230 182 1600 274 box 8/6
115 183 635 269 4.9. Anatol
897 194 1038 259 lus
530 1275 1598 1374 Autoren bevorzugen müssen. Aber das Deutsche Schau¬
539 1358 1588 1406 spielhaus richtet sich nach Berlin. Berlin bringt den ver¬
527 1399 1589 1440 ballhornten „Pourceaugnac. Das Hamburger Schauspiel¬
532 1432 1588 1485 haus tut es auch. Berlin versucht den Amphitryon Mythos.
532 1481 1588 1526 Das Hamburger Schauspielhaus tut es auch. Berlin ser¬
527 1519 1590 1564 viert: „Herr und Diener“, „Die drei Grazien", „Der Feld¬
530 1547 1582 1602 herrnhügel“. Das Hamburger Schauspielhaus tut es auch
530 1594 1582 1633 Berlin gräbt (Winter 1910) fünf Szenen aus dem „Anatol¬
539 1626 1590 1679 Zyklus aus. Das Hamburger Schauspielhaus tut es auch.
528 1676 1582 1725 Dagegen wäre nun gar nichts zu sagen, wenn sich diese
527 1712 1585 1756 ornamentalen Randleisten den Hauptschöpfungen Arthur
532 1740 1585 1792 Schnitzlers als ergänzende Arabesken anschließen würden.
535 1783 1588 1839 Wo aber bleibt die Bewältigung der großen und neueren
528 1819 1582 1875 Werke? Die „Lebendigen Stunden und das „Zwischen¬
528 1859 1588 1919 spiel stehen seit einigen Jahren im Repertoire oder in den
531 1902 1588 1954 Archiven des Deutschen Schauspielhauses. Damit ist das
530 1934 1592 1993 Schnitzler=Besitztum dieser Bühne erschöpft. Nun hat man
530 1977 1585 2030 uns vor wenigen Monaten den „Schleier der Beatrice" in
530 2016 1598 2061 Aussicht gestellt. Aber aus nichtsbesagenden Gründen wird
532 2050 1590 2100 der mehrfach angekündigte „Schleier" auf einmal zurück¬
532 2097 1588 2143 gezogen und dem nächsten Spieljahre vorbehalten. Wofür
527 2133 1589 2185 der „Anatol“ Ersatz bieten soll. Gibt sich der Ehrgeiz des
528 2165 1588 2230 Deutschen Schauspielhauses mit Miniaturen zufrieden, wo
532 2210 1442 2259 ein Freskogemälde versprochen und erwartet wurde:
590 2232 1589 2299 Fünf Gespräche — fünf Beichten. Der Dichter zieht die
530 2288 1395 2338 zierlichste Dionale durch jene tragikomische
1431 2290 1592 2341 Frauen¬
530 2323 1589 2378 kennerschaft er als spielerisch überlegener Mensch
530 2358 1585 2412 zwischen dem zwanzigsten und dreißigsten Lebensjahre er¬
530 2402 1592 2450 worben. Gedankenstimmungen wechseln mit Stimmungs¬
530 2437 1592 2486 gedanken. Das Verhältnis zum „Weibe" spiegelt sich in
530 2476 1588 2527 nervösen Reflexen. Spitze Gesichtswinkel, stumpfe Gesichts¬
531 2520 1590 2573 winkel ergeben psychologische Guckkastenbilder, die am
524 2555 1588 2604 äußersten Ende eines langgestreckten Stereoskops in lieb¬
530 2593 1590 2644 lich ernsten Dämmerfarben zu tanzen scheinen. Der Weib¬
532 2634 1594 2676 Begriff schwankt zwischen den Konturen der anspruchslosen
523 2671 1586 2726 Vorstadtmädchen, der begehrlichen Maitressen, der an¬
535 2707 1594 2755 standssichtigen Halbweltdamen und der halbanständigen
532 2751 1588 2798 Weltdamen. Ein Wiener Gourmand führt seine Amouren
530 2791 1588 2829 vor. Er stöbert in lebendigen und fast schon zu Ende ge¬
530 2825 1588 2870 schriebenen Liebesbriefen. Jeder Brief ist eine Frau mit
524 2866 1590 2909 den naturwissenschaftlichen Merkmalen ihres besonderen Typs.
523 2904 1580 2956 Und jeder Typ ist eine szenische Skizze, die knisternd und
527 2945 1578 2987 duftend verbrennt. „Die Frage an das Schicksal", „Weih¬
524 2985 1586 3036 nachtseinkäufe", „Abschiedssouper", „Episode, „Anatols
523 3025 1588 3071 Hochzeitsmorgen" bilden in dieser summarischen Art einen
530 3059 1582 3111 rätselhältigen Reigen. Inmitten der wirbelnden Kette
530 3100 1585 3150 steht Anatol. Steht ein Pierrot im Frack. Er ist Melan¬
520 3143 1582 3189 choliker und Optimist, Träumer und Realpolitiker, Frauen¬
520 3179 1589 3223 lob und Zyniker, Troubadour und Büßer, Abenteurer und
524 3214 1582 3264 Mönch, Kantianer und Nietzscheaner, Leichenbitter und Har¬
530 3250 1582 3304 lekin, Totengräber und Auferstehungsapostel, Neurasthe¬
530 3293 1582 3338 niker und Phlegmatiker, Philister und Genie. Geist und
532 3336 1584 3384 Grazie bewegen den komplizierten und doch so einfältigen
524 3373 1586 3417 Mechanismus dieses wienerischen Don=Juans. Aber man
530 3408 1582 3460 fügt sich ohne Widerspruch der Stimmungsgewalt seiner
520 3448 1582 3494 nachdenklichen Launen, weil er im Grunde das autobio¬
530 3484 1582 3535 graphische Geschöpf eines echten, lieben und starken
530 3516 750 3589 Dichters ist.
578 3536 1586 3614 Dieser Stimmungsgewalt, die den magischen Zauber des
524 3602 1597 3669 Zwielichts hat, sucht das Deutsche Schauspielhaus sozusagen
352 3253 448 3304 „Me¬
1664 1320 2726 1371 bei hellem Tage beizukommen. Carl Hagemanns Regie,
1669 1366 2727 1420 die doch sonst stilistische Neigungen verrät, arbeitet diesmal
1669 1407 2724 1455 ganz ausschließlich mit naturalistischen Mitteln. Man
1667 1446 2724 1503 sieht vier kompakt gestellte Intérieurs, wie sie jetzt in der
1673 1486 2724 1527 „Ausstellung bemalter Wohnräume“ figurieren. Ueber
1669 1518 2724 1570 dem Kamin der ersten und der letzten Szene ist selbst
1667 1557 2728 1609 ein Hamburgisches Heidebild à la Schwinge oder de Bruycker
1667 1601 2731 1645 im Wohnraume des Wiener Junggesellen nicht vergessen.
1657 1628 2726 1693 Dazu gesellt sich im zweiten Stücke die verblüffende Nach¬
1664 1679 2727 1725 machung einer Wiener Straßengegend mit hinzugedichteten
1673 1716 2724 1765 Spaziergängern und Geschäftsschildern („Galanteriewaren
1664 1756 2722 1803 von Ed. Weishappel, Seife und Parfümerie von Franz
1673 1795 2722 1839 Brandhuber“). Auch ein regelrechter Wiener Fiaker (aber
1657 1832 2722 1878 ohne Zylinder) fährt zweispännig über die Bretter und
1654 1866 2724 1927 nimmt die Heldin eines fünfzehnminutenkurzen Bühnen¬
1673 1910 2724 1959 gesprächs auf. So werden „ausgesprochene Einakter aus
1664 1950 2722 1994 unausgesprochenen Dramen der modernsten oder intimsten
1667 1988 2722 2034 Zeitseele. Und die Galerie kann lachen. Die Darsteller
1664 2025 2733 2080 und Darstellerinnen gehen energisch ins Zeug. In
1669 2061 2724 2112 erster Linie Heinrich Langs Anatol, der nur noch eine
1669 2105 2722 2149 intensivere Ueberlegenheit, eine höhere Grandezza ge¬
1664 2137 2726 2192 winnen muß. Hermann Wlachs übertriebene Milnik
1664 2177 2726 2224 versagt und läßt Robert Nhils diskrete Meisterkunst her¬
1664 2216 2722 2266 bewünschen. Eugenie May, Elsa Valéry, Marie Elinger
1673 2258 2724 2310 und Tony Heydorn schaffen die unmanierlichsten und
1673 2292 2719 2350 pikantesten Weiblichkeiten. Nur Olla auers köstliches,
1669 2334 2712 2379 aber ungezügeltes Temperament schlägt über sämtliche
2291 2377 2674 2432 Anton Lindner.
1667 2370 1828 2433 Strange.
