3484 4256
270 219 798 303 4.9. Anatol
942 226 1214 316 Zyklus
1383 224 1747 316 box 9/3
524 723 1371 803 „Alpenland. — Morgenblatt
1540 821 1834 883 Szenen daraus
715 825 1152 923 Grazer Kunst.
1548 876 1812 929 wert ist, aber
1548 914 1812 969 hinauszukon
389 883 1509 976 Nach einer Neuinszenierung von Schnitzlers Anatol
1542 953 1803 1007 dem Stück a
327 934 1496 1029 die Erstaufführung von Schönherrs „Kindertragödie
336 991 1803 1049 Dichtungen aus einander ewig fremden Welten, Gegensätze weit mehr di
332 1035 1776 1097 grellster Unversöhnlichkeit, wie sie nicht leicht an zwei anderen blüffenden
332 1069 1772 1121 Werken künstlerischen Schaffens gegenübergestellt werden Leben der
327 1111 1770 1155 könnten. Dort die zum Ekel überfeinerte, in den dunklen Wirr, konnte glau
332 1155 1739 1203 nissen ewig unbefriedigten, ewig nach neuen Reizen haschen lung oder
336 1186 1748 1241 den Geschlechtslebens die letzte Kraft erschöpfende Scheinkultur zuwohnen,
327 1228 1750 1285 greisenhafter, bei zügellosem „Ausleben" in tiefstem Grunde merlingsche
332 1270 1745 1314 erlebnisloser Großstadtjugend, hier das unbändige, unver- leben, hat
336 1305 1743 1358 krümmte, aus den tiefsten Quellen des Lebens schopfende Ur¬ Revolution
327 1349 1739 1396 menschentum des himmlischen Waldes, das, unzerstörbar in klar gesche
332 1383 1737 1438 seiner innigen Verwachsenheit mit Scholle und Sippe, zusam¬ nicht 19
327 1425 1739 1469 menbricht, sobald es aus diesem Naturzusammenhang heraus¬ Werkes w
336 1464 1732 1517 gerissen wird. Das erotische Erlebnis bildet da und dort die vorüberge
332 1498 1736 1553 treibende Kraft der Ereignisse. Aber, was im Salon der Groß¬ mehrfache
339 1538 1726 1593 stadt den prickelnden Reigen von Schäkereien und Parfümer den, eine
336 1579 1730 1632 ten Schmutzereien, Eifersüchteleien und Enttäuschungen, Nich der feiner
332 1615 1732 1666 tigkeiten und Gemeinheiten in Gang erhält, wird in der deut¬ Als geda
330 1666 1734 1706 len Ruhe des Waldes zum großen Erleben, das die keiner Re¬ bewahren
339 1694 1726 1754 flexion fähigen, dem Leben in seiner Wucht und Unerbittlichten, auch
330 1739 1743 1792 keit unmittelbar hingegebenen Naturkinder erbarmungslos zer¬ helden nie
332 1770 1745 1823 malmt. Aus Schnitzlers Welt der Morallosigkeit, der nichts der Graze
1608 1818 1752 1867 Zwei in
339 1816 1520 1863 heilig ist, als die Eitelkeit der eigenen Person und die keine
347 1845 1752 1905 Sünde kennt, als die versäumten Sinnenkitzel, führte uns der eigenen V.
347 1883 1765 1947 Tiroler Dichter zu jener urtümlichsten, nicht aus Büchern er¬ Schützun¬
327 1927 1761 1982 klügelten, sondern am Gesetze der Natur erlebten Moral empor, land“ beka
327 1989 1761 2024 die da verkündet: Du sollst nicht fündigen an deiner eigenen Zwerge
332 2013 1767 2075 Art. Die Schuld der Mutter vernichtet die ganze Sippe, die art, mit sie
330 2051 1524 2101 mit der Grundlage des gegenseitigen Verwachsenseins steht und
1610 2062 1739 2143 Einem
339 2090 431 2144 fällt.
394 2104 1761 2175 Kein Dichter hat die Notwendigkeit der Heilighaltung der volle Feier
341 2155 1759 2214 Familie erschütternder gepredigt, als Schönherr in seiner „Kin¬ niensaale
336 2208 1520 2256 dertragödie. Mit ihr ist er nicht nur im eigentlichen künstleri¬
1566 2208 1754 2259 bei dem no
1566 2245 1750 2303 Wirken C.
339 2247 1529 2318 schen, sondern auch in Schillers enger gefaßtem moralischem
1553 2287 1728 2338 steirischen
341 2289 1298 2338 Sinne ein Erzieher, wie ihn unsere Zeit braucht.
1548 2327 1743 2378 wieder ein
392 2318 1522 2382 Schnitzler ist das gewiß nicht und doch war die Aufführung
341 2362 1737 2420 seines „Anatol“ — unmittelbar vor und neben der „Kinder¬ rende St.
1604 2404 1734 2456 Die G
332 2413 1526 2464 tragödie“ — nicht ohne befriedigendes Ergebnis. Die Auf¬
332 2435 1732 2491 nahme, die dieses Kulturbild aus dem Wien vor der Kriegszeit ihre Son
332 2482 1730 2548 diesmal fand, zeigte, daß das Verständnis für diese Art Kunst Ueberbli,
1555 2522 1716 2590 Künstler
341 2531 1526 2575 in Graz stark nachgelassen hat. Das mag der näselnde Nur¬
339 2568 1533 2612 Aesthet als Verpöbelung des Geschmacks bedauern — mir er¬
341 2602 1535 2655 scheint es als Beweis dafür, daß wir auf dem Wege sind, na¬
336 2644 1526 2699 türlicher zu werden, daß wir die in diesem jugendlichen Lebe¬
339 2688 1529 2732 greis verkörperte Verfallskultur wieder als etwas Fremdes emp¬
336 2725 1533 2778 finden und uns nicht mehr darnach drängen, um jeden Preis
332 2759 1535 2812 als verständnisvolle mitempfindende und gelehrig aufnehmende
339 2805 1529 2845 Bewunderer verzuckerter Bordellmoral zu gelten. Wenn wir
336 2842 1526 2893 diese Krankheit überwunden haben und in solchen Dingen nicht
336 2882 1529 2925 nur Provinz sind, sondern sein wollen (denn in Wahr¬
336 2918 1533 2967 heit ist das angstliche Abgucken scheinbarer Großstad kultur viel
330 2964 1526 3019 provinzlerischer, als das bewußte Betonen einer begrenzteren,
336 2998 1531 3051 aber dafür reineren Heimatkultur), dann haben wir den be¬
330 3037 1533 3084 denklichsten Teil der „Wiener Gefahr bereits überwunden. Je¬
330 3077 1526 3123 denfalls vermochte sich ein großer Teil der Zuseher in das viel¬
332 3115 1526 3165 fältig verästelte Gefühlsleben Anatols nicht hineinzuleben:
327 3155 1533 3203 manche recht ernst gemeinte, höchstens empfindsam=ironisch schat¬
336 3197 1529 3239 tierte Aeußerung wurde als komisch aufgefaßt und mit Heiter¬
339 3234 1529 3283 keit aufgenommen. Dazu trug freilich auch der Umstand bei,
336 3270 1529 3322 daß der Darsteller selbst nicht immer den Ton des empfind¬
327 3309 1529 3362 lichen, überkultivierten Genußmenschen traf und manche fein¬
336 3349 1529 3396 komische Stelle fast ins Possenhaft=Laute zog. Alles in allem:
336 3387 1529 3442 Viel Beifall, aber kein Widerhall. Das mag der reine Aestheti¬
339 3429 1013 3493 ker bedauern, der Ethiker freut sich
392 3442 1535 3509 Auch die „Kindertragödie" litt unter Mängeln der Darstel¬
330 3491 1533 3550 lung — die freilich in der außerordentlichen Aufgabe begründet
341 3546 1535 3593 sind, nicht erwachsene Menschen, sondern Kinder mit kindlichem
332 3588 1535 3634 Gefühl, kindlicher Sprache und kindlichem Gehaben auf die
339 3624 1533 3668 Bühne zu stellen. Auch störten Aeußerlichkeiten die einheitliche
339 3666 1529 3710 Stimmung: der salonmäßig geschniegelte ältere Bruder
332 3697 1526 3747 nahm sich neben dem auch in der Berechnung der äußeren Wir¬
332 3743 1529 3789 kung richtig erfaßten kranken Muttersöhnchen wie ein preußi¬
339 3781 1526 3831 scher Leibjäger neben einem Armenhäusler aus. So notwendig
327 3816 1529 3873 ein klarer Gegensatz auch in der äußeren Erscheinung der bei¬
339 3854 1529 3907 den Brüder ist, so peinlich berühren zu Stilwidrigkeiten gestei¬
332 3895 1529 3946 gerte Kontraste. Trotz alledem war der Gesamteindruck gün¬
336 3938 1538 3995 stig, die Wirkung tief und nachdrücklich — Direktor Gravenberg
332 3971 1371 4017 darf mit dem Ergebnis seiner Arbeit zufrieden sein.
392 3999 1540 4064 Am 29. Mai war das Grazer Opernhaus der Schauplatz
1163 4046 1537 4108 Nach
328 4035 1073 4128 eines theatergeschichtlich bemerkens¬
2279 1268 2955 1367 Theater, Musik und Kunst.
2110 1347 3201 1427 Schauspielhaus. Aus Schnitzlers Einakterzyklus „Anatole
2037 1389 3201 1458 sind die zwei Tage an das Schar und als Hochzeits¬
2028 1433 3205 1491 morgen denen nicht mehr fremd. Neu waren „Episode"
2028 1465 3188 1526 und be, eine amusante Dialogskizze, Ma¬
2028 1515 3208 1570 blättert in den riefen Anarols, Anatol schkeit von einem
2040 1548 3203 1617 seiner viel erhältnisse, das zwar nur ein paar flüchtige
2035 1588 3207 1672 Stunden aber unvergeßlich blieb, was er auch von
2042 1624 3203 1690 ihr, einer Zirksdame, voraussetzt. Da tritt sie ein, erkennt
2035 1668 3143 1725 Anatol gar ninger, meint, daß sie ihn vielleicht einmal in
2037 1705 3210 1767 Petersburg getroffen habe. Er war also auch eine Episode,
2042 1745 3203 1809 wie soviele der Frauen, von deren einer zur andern er gleich
2042 1785 3203 1841 einem Schmetterling flattert. In „Denkstein" ist Anatol eifer¬
2037 1816 3210 1900 süchtig, nicht sehr auf die Vergangenheit seiner Geliebten,
2037 1860 3203 1925 als weil diese ich nicht von allen Erinnerungen an dieselbe los¬
2040 1903 3212 1966 reißen will. Sie hat Briefe und Bänder verbrannt, Schmuck
2035 1945 3208 2006 verschenkt, sogar ein kostbares Armband in den Strom geworfen,
2042 1982 3207 2044 nur zwei Edelsteine behielt sie, einen, der sie an die erste
2040 2018 3212 2097 Schäferstunde im grünen Walde erinnert, in der sie zum Weibe
2046 2055 3210 2121 erwachte, und einen schwarzen Diamanten, der eine Million
2046 2099 3210 2161 wert ist. Als ihn Anatol ihr entwindet, in das Kaminfeuer
2040 2141 3212 2206 wirft, bricht sie zusammen. Wenn schon 1910 ein Berliner
2040 2181 3207 2239 Kritiker schrieb: Man braucht kein Sozialdemokrat zu sein,
2044 2217 3212 2283 um die Existenz solcher Luxusgewächse als soziales Unrecht
2055 2259 3216 2329 zu empfinden, so trifft dies in unserem jetzigen Elend wohl
2055 2298 3221 2367 zehnfach zu. Ob es wirklich eine so arge Kulturschande wäre,
2046 2343 3223 2391 wenn wir diese Kunst des Wiener Maupassant nicht genießen
2051 2376 3219 2431 könnten? Da unser Theater ohnedies nur mehr Schiebern
2046 2418 3221 2477 und Kriegsgewinnern zugänglich ist, kann Schnitzler wenigstens
2044 2456 3221 2511 diesen dienlich sein, falls er sie lehrt, ihren Reichtum etwas
2053 2493 3227 2559 graziöser, kultivierter zu genießen. — — — Das muß man
2046 2531 3225 2586 wenigstens gelten lassen, Schnitzlers Einakter sind, wie Loris
2055 2577 3228 2628 in der Einbegleitung des „Anatol“=Buches schrieb: „Böser Dinge
2051 2612 3227 2668 hübsch. Formel, glatte Worte, bunte Bilder, halbes, heimliches
2055 2650 3232 2714 Empfinden, Agonien, Episoden ..." Olden ist als Anatol
2059 2685 3221 2750 in seiner ureigensten Domäne, tändelnde Blasiertheit, willenlose
2060 2727 3230 2790 Schwäche, Selbstironie, ein klein bißchen Wehmut, all das kulti¬
2060 2769 3228 2831 vierte Sichgehenlassen der Wiener Lebewelt vereinigt Olden
2055 2803 3241 2873 meisterhaft in seinen Gestalten. Wehle als Max, besonders im
2059 2849 3227 2911 „Hochzeitsmorgen", Lori Weiser, die heisblütige Geliebte, die
2060 2884 3238 2938 Anatol nicht will heiraten lassen, schließlich sich doch beruhigt,
2051 2924 3227 2982 weil sie weiß, daß — die Frau die Betrogene sein und er
2064 2958 3234 3026 zu ihr zurückkehren wird, Fräulein Dürr als elegante Salon¬
2040 3000 2933 3062 dame fanden sich in trefflichem Zusammenspiel.
2070 3077 3221 3135 Druck und Verlag: Universitäts=Buchdruckerei „Styria“, Graz,
2424 3126 3062 3243 zer Vollblatt,
2183 3170 2480 3259 Ger Vor¬
2537 3216 2893 3303 A
2332 3241 2456 3331 Ab
2559 3387 3020 3582 de
