3344 4256
156 140 1070 254 4.9. Anatol - Zyklus
1268 150 1624 242 box 9/5
1088 1581 2182 1674 Um die Aufführung machte sich zunächst General¬
984 1644 2177 1724 direktor Dr. Eger durch eine entsprechende Inszenierung
991 1700 2180 1758 verdient, in der er durch Kurt Kempin, den verdienten
988 1749 2171 1810 Hoftheatermaler, wirksam unterstützt wurde. Kurt
993 1795 2171 1867 Ehrle wußte seinem Anatol das richtige Gen und zu
990 1836 2171 1907 geben und Kurt Westermanns Max wurde dadurch
991 1899 2177 1957 etwas pikanter, daß ihn der Künstler durch einen Schuß
988 1937 2165 2008 Humor würzte. Die Damen Charlotte Pils (Gabriele),
991 1989 2174 2053 Ilse Berka (Bianca), Käthe Gothe (Annie), Helene
981 2041 2170 2108 v. Sonnenthal (Cora) und Herta Alsen (Ilona)
984 2084 2174 2160 wußten alles das zu unterstreich, was hervorzuheben
991 2136 2173 2219 war. Das Publikum nahm die Darbietungen dankbar
985 2179 1216 2256 entgegen.
