3484 4320
1395 224 1757 315 box 8/5
281 238 1211 330 4.9. Anatol - Zyklus
823 741 1376 822 von Madrid, Malta,
618 798 1513 878 ris, Rom, San Francisco, Stockholm, St. Peters¬
848 850 1128 899 burg, Totente.
804 889 1168 955 de des der
454 926 828 1034 Ausschnitt aus:
881 998 1359 1134 als unsch
457 1074 592 1126 voin
641 1089 1152 1220 1910
630 1237 1306 1316 Aus dem Kunstleben.
777 1310 1156 1389 Lessing-Theater.
711 1349 1229 1449 Schnitzlers „Anatol.
460 1398 1558 1486 Wir waren bedeutend jünger, als Artur nitzers
385 1459 1549 1525 elegant melancholische Szenenreihe aus dem aber erreichen
376 1510 1555 1567 Dasein eines Wiener Don Juanito erschien. Aberade darum
382 1559 1583 1610 dachten wir heut abend recht vergnügt die nachdenklichen
376 1603 1567 1654 Witze und heiteren Problemchen des fein unterhaltenden
382 1648 1570 1695 Buches im Theater zu genießen — zumal es noch immer
385 1689 1564 1749 eine Ausnahme ist, wenn Brahm die moderne Dramatic
376 1736 943 1797 auf die leichte Achsel nimmt.
472 1761 1564 1831 Es war auch zunächst sehr vergnüglich, den
376 1821 1562 1872 wegnerischen Lebenskünstler und Selbstbetrüger, seinen
373 1861 1552 1916 trockenen Freund und Szenenfüller Max und das eine oder
385 1903 1582 1969 andere Wegner Madl beisammen zu sehen und plauschen
385 1957 1564 2012 zu hören. Doch ließ die Freude bald nach, da die Geschichte
376 1999 1558 2045 im wesentlichen sich nur um sich selbst drehte, statt sich vor¬
382 2040 1555 2094 wärts zu bewegen Der Horizont ist zu eng, das psycho¬
382 2085 1564 2154 logisch Fesselnde zu zersplitternd fein für eine regelrechte
375 2124 656 2191 Abendfüllung.
466 2142 1562 2226 Dazu kommt wohl auch, daß die zwei bühnenwirksamsten
376 2220 1562 2266 der fünf Stücklein („Die Frage an das Schicksal" und „Das
382 2263 1558 2317 Abschiedsfouper") längst, zusammen oder getrennt, über
376 2305 1555 2357 viele Bühnen gegangen sind. „Weihnachtseinkäufe und
382 2345 1555 2406 „Episode" sind doch gar zu dünn und handlungs¬
376 2384 1562 2447 los, um als dramatische Werke noch so kleinen
376 2435 1562 2484 Stils betrachtet werden zu können. Und zu Ehren
370 2474 1561 2542 des Dichters muß festgestellt werden, daß er das offenbar
385 2515 1558 2572 auch gar nicht beabsichtigte, als er in lyrisch-humoristisch¬
382 2566 1561 2623 sentimentalen Stunden der sachte schwindenden Jugend diese
385 2617 1564 2669 zarten Skizzen hinwarf. Im selben Maße, in dem sie dem
376 2657 1558 2714 derberen Wesen des Dramas oder dem lauten des Theaters
391 2701 1558 2765 sich nähern, in selben Maße müssen sie an ihrem eigensten
382 2741 836 2814 Reiz Einbuße erleider.
466 2759 1555 2835 Trotzdem, eines ins andere gerechnet, ein recht ver¬
376 2831 1214 2886 haltsamer Abend ward es doch noch.
1274 2829 1556 2905 An drolligen
382 2868 1561 2926 Situationen und witzigen „Prägungen" blieb genug, um
388 2917 1561 2970 über matte Stellen immer wieder hinwegzukommen.
376 2965 1552 3022 Das Lessing=Theater hatte auch keine künstlerischen
385 3008 1561 3059 Kosten gescheut, um den „Anatol“ für die Bühne
376 3046 1568 3103 zu gewinnen. Die Regie Emil Lessings half tunlichst
376 3094 1562 3155 nach, allzu Schmächtiges durch Mimenkünste kräftiger
379 3135 1552 3183 erscheinen zu lassen. Heinz Monnard war im Wieneri¬
391 3182 1555 3232 schen wie im Selbstironischen des Lebemanns gelegent¬
385 3226 1558 3285 lich ein bißchen zu besorgt um deutliche Kund¬
385 3267 1564 3319 gebung der künstlerischen Absichten, hatte aber viele
382 3307 1561 3367 köstliche Momente und war der Verlebendigung
379 3350 1558 3404 des blassen Buch=Anatols im ganzen äußerst nützlich. Aus
382 3397 1564 3452 Max, dem Mann im Schatten, machte Emil Reichers
385 3443 1564 3497 launige Mimik erstaunlich viel. Und die Damen
382 3491 1561 3542 Somary, Lossen, Sussin, Herterich
385 3528 1561 3585 und Triesch waren jede auf ihrem Posten ebenso reizend
379 3575 1561 3633 wie vortrefflich. Die beste Gelegenheit, sich auszuzeichnen,
382 3619 1561 3670 hatten dabei Mathilde Sussin und Irene Triesch, beide
382 3661 1570 3716 nutzten die Gelegenheit mit glücklicher Mischung von Können
1147 3707 1479 3781 Willy Rath.
382 3707 617 3784 und Laune.
2078 1474 2596 1558 Bern, Basel,
2081 1512 3143 1598 Gent, Kopenhagen, London, Madrid, Mailand, binnenpole
2081 1585 3132 1658 New-York, Paris, Rom, San Francisco, Stockholm, St. Pet¬
2472 1625 2748 1680 burg, Toronto.
2445 1657 2825 1740 me des die
2069 1715 2426 1797 Ausschnitt aus:
2139 1788 2338 1878 12 1910
2078 1854 2199 1912 ven:
2387 1831 3014 1951 Ostsee Zeitung, Stettin
2309 1999 2852 2103 Berliner Premieren.
2121 2081 3173 2178 ch. Berlin, 3. Dezember. (Tel.) Im Lessing=Theater
2002 2112 3168 2221 wurde heute abend der Schnitzlersche Anatole-Zyklus zum ersten
2002 2179 3170 2265 Male als Ganzes von den fünf Einaktern
1999 2224 3167 2300 gehören ja seit längerer Zeit zum ständigen Repertoire dieser und
1993 2276 3170 2351 anderer Bühnen. Sie waren auch heute der Mittelpunkt des
1996 2311 3171 2389 großen und bedingungslosen Erfolges, den die leicht und keck hin¬
1994 2369 3165 2451 geworfenen Genrebilder aus dem Liebesleben eines Jung¬
1993 2400 3164 2486 gesellen ernteten. Die Aufführung entsprach im allgemeinen dem
1987 2447 3159 2527 „Wiener Porzellangenre. Herr Monnart als Anatole hatte
1991 2493 3159 2581 allerdings nichts Wienerisches, sondern höchstens ein bißchen
1984 2533 3164 2625 Wienchnerisches an sich und auch der Lebens= und Liebeskünstler
1982 2577 3155 2662 von Schnitzlers Gnaden hatte mehr Trottelhaftigkeit, als erlaubt
1984 2632 3156 2716 erschien. Auch Emanuel Reicher schien sich in der Rolle des
1987 2666 3156 2747 Dulders und vornehmen Zuschauers nicht sonderlich wohl zu
1982 2720 3152 2798 fühlen. Dafür waren die weiblichen Figuren sehr gut ver¬
1984 2750 3150 2840 treten. Fräulein Sussin gab im „Abschiedssouper ein
1976 2802 3152 2886 Kabinettstückchen sprudelnder Launen und Irene Triesch war
1972 2855 3149 2959 am „Hochzeitsmorgen eine temperamentvolle Geliebte von
1973 2875 2118 2953 gestern.
