3436 4352
292 227 1232 314 4.9. Anatol - Zyklus
1398 220 1765 307 box 9/3
1443 427 1984 619 Mlle
1446 616 1882 742 1
1948 659 2129 738 THE
1517 763 2187 904 At the Play.
1441 945 1633 1014 Everyman.
1545 980 2140 1089 THE PEDARS
1694 1076 1994 1164 BASKET.
1516 1137 2193 1214 (Derted by NOVAN MADEMOTT.)
1474 1236 2247 1313 It was an excellent idea of Mr. Maler¬
1449 1301 2251 1353 motte, at the conclusion of his Shaw season,
1449 1339 2258 1399 to devise a programme that should have some
1449 1387 2259 1440 of the characteristics of a triple bill and some
1447 1433 2262 1474 of those of a revue. What he has done has
1454 1471 2259 1522 been to provide a frame work of songs and
1449 1516 2259 1569 dances for three or four one-act play; and at
1453 1557 2256 1613 the present moment there is only one, the
1453 1598 2255 1651 Molière force at the end, that does not justify
1453 1636 2256 1688 ita inclusion quite apply. An operette by
1449 1672 2259 1717 Mr. A. A. Mine and Mr. Clive Carey was
1453 1715 2262 1759 also to have been given on the first night, but
1459 1753 2256 1795 owing to Mr. Cureys sudden illness it had to
1455 1788 2257 1830 be abandoned. As without it the bill last¬
1455 1822 2265 1868 nearly three hours (in spite of efficient first
1455 1858 2263 1901 night stage management), when the operetta
1462 1896 2256 1948 appears something else will probably have
1455 1929 1569 1984 to go
1495 1959 2256 2010 The two most interesting things that the
1455 1998 2251 2062 Pelar produced were "A Farewell Supper
1455 2040 2247 2079 and the one perfect one play
1462 2074 2256 2118 Mr. Granville Barkers version of one
1459 2106 2261 2152 Schnitzlers Anatole sketches, and a very
1462 2143 2268 2207 sou play by an American author, Mr.
1462 2180 2271 2225 Eugene Nill. A Farewelt Supper, has
1459 2214 2261 2265 all the advantages a ole-act play can have,
1462 2251 2262 2297 and something else in dition. It is one of
1459 2286 2268 2323 a series (the third or fourth), and we know
1464 2324 2268 2365 Anatoi personally before the curtain goes
1468 2360 2271 2402 up. It last twelve minutes, and in that time
1462 2393 2261 2435 two complete ve histories are unfolded, with
1459 2429 2266 2475 their curious reaction upon one another. It
1459 2466 2268 2509 proved even a little to quick for those who
1453 2500 2268 2554 did not know Anatol before, but how delicious
1464 2534 2272 2581 to those who did. This idiom into which Mr.
1463 2570 2275 2618 Barker las translated the dialogue, so col¬
1464 2603 2272 2655 loquial and yet so unexpected, seemingly so
1468 2645 2276 2687 naturel and easy and yet packed with more
1468 2673 2276 2731 points that normal conversation ever attain to¬
1464 2711 2261 2755 is it not a model for all modern comedy dia
1468 2752 2276 2816 logue What did you talk to him about,
1916 2789 2208 2836 ... things
1464 2789 1833 2842 says Anatol, angrily,
1464 2805 2263 2868 answers Mimi vaguely with a shrug. Exactly
1464 2859 2271 2909 what she would have said; but how few authors
1470 2893 2275 2941 dere even if they have the skill) to write such
1435 2928 2277 2976 dialogue. It was very well played by Mr.
1464 2962 2273 3029 Nicholas Hannen as Anatol and Mr. Douglas
1467 3000 2268 3064 Jefferies as Max, and Miss Muriel Pratt,
1474 3041 2266 3090 wickedly and flauntingly beautiful as Mimi
1474 3074 2286 3138 revealed herself-rather unusually as an
1479 3113 1931 3167 accomplished comédienne.
1536 3127 2276 3195 In the Zone provided the best piece of
1480 3188 2277 3229 oncerted acting that the Everyman company
1436 3215 2277 3285 nas yet shown us. The incident takes place in
1445 3260 2277 3299 those of an ammunition carrying trap
1445 3278 2295 3346 steamer entering the war zone and on the
1437 3332 2288 3392 lock-out for torpedo attack. There is general
1449 3362 2281 3412 nore strain on the part of the mongre crow,
1443 3398 2276 3457 the watch below in the fosse consisting of
1459 3434 2278 3478 ei men of different nationalities. One of
1464 3465 2282 3516 them comes to be suspected by the rest of
1469 3498 2278 3563 being a spy; he is seized upon savagely, bound
1453 3536 2282 3591 and sugged, and a jalously guarded box of
1455 3575 2288 3646 his, rifted to discover bombis found only to
1470 3615 2276 3664 contain a packet of love letters. The play
1455 3654 2283 3712 has one slight fault. One guesses that, if the
1442 3696 2282 3750 box does not contain bombe, it contains a
1473 3725 2272 3782 sentimental relie of some kind. The atmos¬
1480 3759 2275 3816 phere of suspense, the close, crowded atmos¬
1480 3799 2276 3856 phere of the rose, the imminence of danger,
1480 3828 2283 3889 are all brought most convincingly on to the
1462 3860 2277 3913 tage; one is deeply interested in the different
1464 3902 2281 3954 reaction of each member of the crew towards
1476 3935 2283 3991 them; but when once the suspense of the box
1476 3974 2282 4033 is over the curtain is with a few moments
1475 4003 2288 4056 too long in explaining the relie. It is a small
1481 4040 2283 4108 point in an admirably written play, perfectly
1476 4079 2283 4131 acted by Mr. Brember Wills, Mr. Joseph
1474 4113 2275 4176 Dodd, Mr. George Carr, Mr. Douglas Jefferet.
