3436 4352
1293 225 1694 319 box 95
202 229 1210 322 4.9. Anatol - Zyklus
270 787 1034 907 „OBSERVER
356 877 1012 933 I. österr. behördl. konzessioniertes
330 918 1057 1001 Unternehmen für Zeitungs-Ausschnitte
382 978 963 1064 WIEN, I., WOLLEILE
461 1042 911 1098 TELEPHON R-23-0-43
262 1147 626 1255 Ausschnitt aus:
345 1240 854 1353 Wiener Zeitung,
603 1357 896 1473 9.1.1925
262 1364 401 1473 vom
2380 1533 3298 1626 sich glaubenden Komödiespielen; mitunter
1282 1540 2278 1623 des Deutschen Volkstheaters, denn in Paris wur¬
274 1566 648 1671 Rudolf Holzer
1293 1611 3279 1671 den die französischen Lustspiele der damaligen gut war einem gestern, daß ein Leopold Kramer un
2308 1664 3279 1720 seren jungen Leuten sehr notwendig und schätzens
1297 1668 2275 1720 gehenden Stückeindustrie, in Berlin die Blüter de¬
386 1664 1188 1761 Leopold Kramer jubiliert.
2297 1713 3287 1769 wert einen Spritzer seiner Champagnerkaune, seiner
1289 1709 2278 1765 Blumenthal= und Kadelburg=Schwanken, in Wien
1297 1761 3279 1821 die (gemäßigt) satirische Wiener Komödie Kalweis beneidenswerten Lebensflüssigkeit lehren könnte
330 1743 1270 1818 An einem wunderschönen Maientag war es, al¬
2301 1810 3283 1866 Daß er sie, also sich nicht, auch nicht in dieser
289 1788 2275 1874 sich ein junger Melchthal aus Halle a. d. S. der an keiner anderen Bühne so bleibend
2308 1855 3253 1919 Zeit, die er wahrscheinlich mit Meister Anton
1297 1855 2267 1919 jedernd, humorvoll und vor allem — „geistreich
281 1855 1270 1915 bisher von Viktor Kutschera begeisterten Jugen
2308 1904 3287 1964 gar was das Theater anbelangt — nicht mehr ver¬
1297 1907 2278 1964 — elegant — gegeben. Es war unter Adol
285 1911 1274 1964 des Deutschen Volkstheaters empfahl. Er hief
2305 1949 3167 2027 steht, verlieren möge, ist unser Glückwunsch,
285 1952 2278 2012 Leopold Kramer, war ein Wiener, glich aber in Weisse, da die Dramaturgen die Stücke auf das
300 2012 2286 2069 seinem Stimmtimbre und seiner Sprechtechnik eher Vorkommen von Frack, weißer Binde und Seiden¬
2350 2005 3290 2080 War's Zufall oder Abglanz Kramers — der sehr
289 2046 2275 2114 einem jungen Herrn aus dem Reiche, der die vorhängen zu prüfen hatten; der Direktor bein
2305 2046 3294 2125 begabte Alf von Sievers wirkte te ein junger
1297 2106 2282 2162 fünfundreißigsten Vorhanghochziehen am Aben
289 2102 1270 2159 Kultur des damals noch „alten Burgtheaters vor
2308 2121 3287 2170 Poldi Kramer. Er war auf das Selbstverständlichste
285 2144 2271 2207 Grund auf studiert hatte. Das klassische Kostüm von „Glaube und Heimat“ einen Verzweiflung
2301 2162 3290 2226 elegant, auf das Gewinnendste ein junger Mann
289 2192 2290 2256 vertauschte Leopold Kramer im Volkstheater der anfall bekam. All das charakterisiert auch unseren
2308 2219 3287 2293 von Haltung. Sehr komisch und unterhaltsam wirkte
296 2245 2278 2301 Direktionen Bukovics und Weisse, die übrigens reizenden, liebenswürdigen, entzückenden Charmen
2312 2263 3287 2323 in vortrefflicher Charakterisierung Herr Reh¬
292 2301 3290 2372 später schon mehr eine Direktion Kramer war, sehr einer glücklichen Theaterepoche, unseren Leopold herger: Herr Leffen war die kostbare
285 2338 2278 2402 bald und gründlich mit dem Frack oder mindestens Kramer. Er spielte die ersten, ganz starken Monar
2312 2365 3283 2413 Gestaltung eines stillvollen Abbés. Das warme
1297 2391 2286 2455 Gestalten: den Gardeoffizier, den Teufel, aber
289 2398 1267 2451 dem Smoking, kurz mit dem Dreß des voll
2312 2410 3287 2466 fühlende Herz wieder Frau Stengel, die mit so
1297 2432 2286 2496 auch den Schnitzlerschen Anatol, den Theodor Lob¬
285 2440 1263 2507 kommenen Elegants, des beaux. Leopold Krame
2312 2458 3283 2522 viel Takt, Noblesse und Können stets menschlich
289 2485 2278 2548 wurde sehr bald eine Spezialität, eine Marke des heimer ganz unwiderstehlich; die wienerischen
2312 2500 2432 2571 wirkt.
289 2533 2290 2590 Deutschen Volkstheaters und dieses selbst wieder Sachen, wie etwa von Bahr den Poldi Wiesinger
1304 2582 2293 2664 im „Star“, nicht eigentlich wienerisch, aber doch
292 2586 1282 2672 durch Leopold Kramer das Theater eines ganz be¬
2346 2601 3287 2691 Wie es sich gehört und wie es der Zweck des
1297 2634 2278 2698 unerhört ungezwungen, „scharmant" nannte man
285 2638 1274 2698 stimmten Repertoires, bestimmten Darstellungs¬
2312 2657 3287 2717 Abends war, wurde der Jubilar sehr gefeiert
285 2679 2278 2754 stils, ja sogar eines ganz bestimmten Querschnittes es damals. Leopold Kramer spielte zahllose glück
2312 2717 3290 2777 Ministerialrat Dr. Wisoko überbrachte mit Glück¬
285 2724 2286 2784 der Gesellschaft, Leopold Kramer wußte als liche, sie iche, fast immer unwiderstehliche Lieb¬
2312 2766 3287 2822 wünschen des Staatssekretärs D. Pernter da¬
1300 2777 2282 2833 haber und war nie das Klischee eines selbst
285 2773 1282 2833 virtuoser Artist auf dem ihm von der Natur und
2312 2811 3275 2871 Kramer vom Bundespräsidenten ver
1297 2829 2286 2893 gefälligen, schönen, süßlichen Tenors oder Gecken
292 2829 1270 2882 Begabung gegebenen Instrument zu spielen unde
285 2856 3298 2949 wußte als kluger Mann auch, daß es nirgends so eine sehr persönliche Gabe des Charakterisierens liehene Offizierskreuz des österreichi¬
2320 2912 2916 2987 schen Verdienstordens,
285 2923 2290 2991 gut und hineinkomponiert klingen würde, wie in nachte selbst aus der hohlten Alltagsfigur etwas
2353 2934 3294 3028 Als Redner würdigten und feierten den Jubilar
289 2964 2290 3028 dem Hellmer= und Fellnerschen Konversations= und Menschliches. Beweis: sein Papa in de Flers
300 3009 3294 3080 Amüsiertheater. Mit den Jahren wurden die sams= und G. A. de Caillavets gleichnamigem Sektionsrat Dr. Toldt namens des Volks¬
1293 3073 3290 3137 Lustspiel. Heute erst ist er würklich das, was er vor theatervereines, dann Direktor Jahn, der Vor¬
289 3069 1270 3133 tägigen Premieren mit Leopold Kramer zu Jubel
1304 3110 2286 3170 vielen, vielen Jahren durch Perücke und Schminke
2312 3118 3283 3174 sitzende der Schauspielergewerkschaft Herr Homma
296 3110 1278 3182 ovationen für das Wiener Bürgertum das da¬
1312 3167 3294 3230 schien und im Spiel wirklich war; auch heute ent¬ ferner Professor Glücksmann Herr Lessen
292 3163 1285 3230 Haus sich erbaut hatte — wie an der Fassade zu
292 3215 2859 3317 lesen steht. Künstlerisch war es die Zeit der Blüte zückt er durch die Kultur dieses wahrhaft besessenen, und Herr Neugebauer.
