3436 4256
1398 175 1749 268 box 8/7
281 171 585 273 4.9. A.
690 178 1197 285 Zyklu-
208 447 742 568 TELEPHONE-CITY 4963.
217 603 363 690 For
275 668 1485 854 Durants Press Cuttings.
515 820 1264 912 St. ANDRES HOUSE
417 902 1370 1031 32 TO 34, HOLBORN VADUCI,
853 997 936 1068 AND
417 1048 1566 1164 ANDREN STREET, HOLBORN CIRCUS,
859 1144 981 1198 E.
561 1258 1264 1371 Morning Post.
609 1351 1237 1464 (Edward E. Pencook, Publisher.)
253 1453 1614 1607 Cutting to issue date.......
895 1683 1227 1748 THE PALACE.
629 1770 1500 1817 Last night Mr. Granville Barker, succumbing to the
609 1814 1505 1866 prevailing fashion, appeared in Ask no Questions and
610 1858 1500 1902 you'll Hear no Stories," his own paraphrase," one of a
602 1888 1500 1941 sequence," of seven dialogues by Herr Arthur
610 1929 1493 1976 Schnitzler, a playwright whose work, thanks to the After¬
609 1971 1497 2019 noon Theatre, is not quite unknown to London. Mr.
609 2012 1505 2058 Barkers version of the whole seven, of which others will
609 2051 1492 2097 be given in successive weeks, has been printed under the
609 2093 1500 2141 collective title of "Anatol," and is to be had at the
609 2120 1493 2181 theatre. In a prefatory note commendably brief he
609 2161 1505 2214 says it seemed to him that in a faithful translation the
617 2202 1500 2249 peculiar charms of the dialogues would disappear, and
614 2244 1503 2290 if this means, as one concludes, that he has tried to render
614 2283 1503 2327 them so as to give an English audience the same impres¬
607 2326 1500 2370 sion as in German they make upon a German audience
610 2356 1498 2404 the advantage of the method is apparent. It has greater
609 2398 1505 2451 possibilities, in any case, than the greater evil of mere
610 2437 1500 2481 translation, the only danger being that Schnitzler seen
610 2471 1493 2519 through Barker's spectacles (and the more accomplished
609 2515 1497 2565 the paraphrase the truer this is) is likely to seems
609 2549 1500 2602 little bit like Barker. Well," Ask no questions and
614 2592 1497 2636 you'll hear no stories does seem a little like Barker,
610 2631 1503 2681 though whether this is due to the cause that one hac di¬
610 2673 1498 2722 cated or to a similarity in the outlook of the two writers
610 2710 1500 2754 one is not, unfortunately, able to decide. No one, in any
609 2749 1505 2800 case, will think less of the dialogue on that account, and
609 2787 1500 2827 many of course will think a great deal more of it. The
610 2824 1500 2873 theme is slight. A young man, with hypnotic powers, is
609 2865 1497 2912 anxious to know if his sweetheart really loves him. Why
610 2905 1493 2948 not hypnotise her, suggests a friend. The lady
610 2944 1500 3004 comes, and the suggestion (she innocently repeats it
614 2982 1493 3022 herself) is acted on. The young man gets his answer¬
609 3022 1500 3071 that she does love him but when it comes to
610 3049 1507 3102 asking if she has been true to him he cannot, for fear of
614 3097 1502 3141 the answer, put the question. Not even when the friend
614 3137 1502 3178 has left the room and he is alone with her can be find
617 3173 1500 3220 courage to put it, and, when she is about to answer it her¬
617 3212 1500 3254 self, rather than hear the answer he brings herto." He
617 3248 1500 3295 will rest content with the knowledge that she loves him.
620 3288 1500 3334 The thing is lightly and pleasantly touched, but it los
617 3329 1500 3387 rather than gains, one suspects, in the theatre, and some
614 3366 1502 3414 of the downright comment of the friend carried much
617 3410 1505 3453 more surely than did the introspective agonies of the
614 3437 1502 3493 hero. By Mr. Barker himself, however, Mr. Nigel Play¬
614 3482 1505 3527 fair, and Miss Gertrude Robins it was given neatly, and
614 3522 1502 3582 in a charming Viennese setting by Mr. Norman Wilkinson
620 3561 1505 3605 the little performance secured a most cordial reception.
622 3600 1502 3643 The rest of the programme, though less novel in
620 3637 1503 3683 character, is none the less pleasing. Delicious Miss Vesta
622 3678 1502 3726 Tilley is still going strong (really one might be a silly
620 3715 1500 3761 schoolgirl, so easily does se have one other feet), and
620 3754 1500 3798 Mossis. George Grossmith, jun., and Edmund Payne,
622 3793 1503 3836 though in their last week, are as diverting as ever. Then,
614 3831 1505 3887 too, there is Mr. Albert Welan (quite one of our best and
622 3868 1502 3914 most original entertainers), Selbo, an uncommonly pic¬
622 3905 1503 3960 turesque juggler, and, to name no more, the delightful
614 3948 1502 3990 Palace Girls in their “Black and White fantasy. The
614 3983 1503 4026 house, of course, was crowded, and one may mention that
620 4026 1520 4071 on Friday next Miss Maud Allan will give a speciale
617 4065 773 4115 matinée.
1736 414 2270 486 EPHONE-CITY 4963
2671 461 3012 600 Daer
1748 571 1924 659 For
1798 647 3041 844 Durants Press Cuttings,
2068 820 2778 919 St. ANDRES HOUSE,
1932 919 2912 1015 32 TO 34, HOLBORN VIDUCI,
1748 1010 3097 1173 8, ST ANDREN STREET, HOLBORE CIRCUS,
2356 1136 2509 1198 E.C.
2183 1236 2704 1337 The Times,
2139 1325 2719 1425 PRINTERA HOUSE SOURE, E.C.
1929 1398 2934 1490 (Printer und Publicher, Mr. John Parkinson Bland.)
1778 1466 3095 1595 Cutting from issue dated..................49
2100 1592 2629 1664 PALACE THEATRE.
1959 1683 2824 1780 The seven sketches by Arthur Schnitzler, of which
1922 1751 2812 1812 Mr. Granville Barker, Mr. Nigel Playfair, and Miss
1920 1790 2810 1866 Gertrude Robins are playing the first this weck,
1915 1829 2822 1885 concern the amorous adventures of one Anatol, a gay
1922 1868 2819 1922 bacher in the Vienna which we are so often assured
1926 1907 2815 1970 is gay. Gaiety on the stage has a way of being sad;
1926 1953 2824 2010 it seems always to be gaiety as seen the morning
1926 1985 2815 2041 after. And so it is with most of these sketches by
1922 2022 2822 2080 Schnitzler including the first, Ask no Questions
1922 2061 2815 2115 and You'll hear no Stories. We see Anatol at home
1929 2100 2822 2159 He is rich and exquisite as we learn from his neckte¬
1927 2142 2820 2193 which is large and stockish, his furniture, which he
1936 2192 2820 2246 buys of the Secession, and his pictures, which include
1931 2220 2826 2287 works by Post-impressionists. (Mr. Norman Wilkin-
1922 2261 2829 2317 son, of Four Oaks, shows a sense of humour besides a
1927 2295 2831 2370 sense of beauty in his designs for the scene.) But
1932 2332 2827 2395 Anatol is not happy. He is tormented by jalousy.
1939 2376 2829 2439 Is Hilda, his present mistress, true to him?
1939 2420 2832 2476 Impossible ! No woman is true. But he knows
1937 2454 2831 2515 nothing for certain. Well, says his matter-of-fact
1939 2495 2839 2561 friend Max, why not ask her? You can hypnotize
1939 2529 2831 2593 people; hypnotize Hilda and you will hear the truth
1937 2568 2831 2632 (and Max, as a purely side issue, will very likely hear
1937 2609 2831 2673 a good story to goat over). The opportune arrival of
1939 2646 2831 2700 Hilda, and her still more opportune desire to be
1944 2687 2843 2744 hypnotized, push the suffling Anatol into action.
1942 2726 2843 2783 The girl (radiant in a Reville and Rossite gown) is
1944 2765 2839 2831 put to sleep, and Anatol begins. The first thing he
1944 2812 2844 2866 learns is that she is six years older than he thought
1939 2843 2839 2895 her; and this cold douche of truth increases his
1942 2882 2837 2944 dread of plunging into it. Suppose suppose suppose.
1944 2915 2837 2987 He goes on suffing, advancing to the attack under the
1944 2963 2839 3022 encouragement of Max, then shrinking back under
1951 2998 2839 3049 cover of excuse. He drives Max out of the room.
1951 3036 2841 3092 One more effort, and one final failure to ask the horrid
1954 3082 2841 3136 question, then he wakes her up. Better to be vaguely
1946 3120 2846 3190 jalous than to know the worst; better ignorance
1951 3158 2837 3210 and kisses than knowledge and none. And, after
1942 3193 2839 3244 all, as Max reminds him, women can lie when they
1948 3244 2715 3285 are asleep as easily as when they are awake.
1995 3263 2846 3334 We are not much cheered by the gaiety of Anatol.
1951 3307 2844 3370 But the sketch (though only intended to tell us some¬
1951 3348 2836 3400 thing about Anatol, and not nearly so broadly funny
1954 3383 2846 3451 as some of those that are to succeed it in subsequent
1956 3431 2848 3478 weeks is extremely deft, and it was more effective
1949 3465 2841 3532 in a variety theatre than we could have imagined
1959 3505 2849 3561 possible. This was chiefly owing to the acting of
1959 3536 2843 3593 Mr. Granville Barker and Mr. Niggel Playfair. Mr.
1956 3575 2846 3629 Barker hardly suggested the gay bacher, but he
1956 3614 2844 3676 made all the points and managed all the details to
1966 3656 2851 3724 perfection, and Mr. Playfair stolidly made an excellent
1956 3690 2849 3749 foil. Mr. Barker's paraphrase) of the German
1954 3737 2481 3787 sounded like original English.
1998 3763 2849 3819 Other good things in the programme are the Palace
1963 3809 2854 3860 Girls in their black and white scene a slight sketch
1966 3849 2856 3904 by Claude; Mr. Albert Whelan, and the bioscope
1959 3893 2548 3960 pictures of yesterday's ceremony.
