3436 4256
244 167 781 254 4.9. Anatol
825 154 1107 276 Zykl
1171 2101 1532 2199 Telephon 12.801.
1279 2184 1371 2266 4.
622 2225 1322 2335 „OSSERER
454 2293 1512 2396 1. österr. beh. konz. Unternehmen für Zeitungs¬
663 2350 1304 2437 Ausschnitte und Bibliographie.
625 2396 1346 2493 Wien, I., Concordiaplatz 4.
850 2471 1118 2552 Vertretungen
446 2512 1506 2611 in Berlin, Brüssel, Budapest, Chicago, Cleveland, Christiania,
454 2560 1499 2650 Genf, Kopenhagen, London, Madrid, Mailand, Minneapolis,
446 2594 1501 2690 New-York, Paris, Rom, San Francisco, Stockholm, St. Peters¬
828 2647 1107 2708 burg, Toronto.
794 2688 1148 2755 Quellenangabe ohne Gewähr.
1299 2719 1440 2804 Wien
433 2716 800 2813 Ausschnitt aus:
787 2739 1276 2855 Neue Freie Presse,
428 2804 1271 2973 von den Abend
444 2947 1519 3039 Schnitzlers, Anatol-Zyklus in London.
395 3019 1515 3095 Aus London wird uns berichtet: Artur Schnißlers
399 3065 1522 3127 „Anatol=Zyklus wird jetzt in London aufgeführt. Granville
387 3098 1520 3165 Barker, der ausgezeichnete dramatische Schriftsteller und
395 3144 1522 3208 Schauspieler, ist gegenwärtig ohne Theater und spielt den
402 3187 1519 3254 „Anatol“=Zyklus im Variety Palace-Theater. Gestern brachte er
394 3241 1517 3301 die erste der Dialogskizzen, die brillant gespielt wurde und großen
387 3275 1519 3357 Beifall fand. Die anderen, von denen zwei übrigens schon vor
387 3314 1520 3411 nahezu dici Jahren von einem hiesigen Theaterverein
385 3370 831 3457 gegeben wurden, folgen.
1355 164 1715 266 box 8/7
1725 667 2252 740 TELEPHONE-CITY 4963.
1717 789 1937 891 For
1778 936 3001 1056 Durrant Prose cuttings,
2593 1035 2777 1123 SE,
2034 1040 2496 1138 St. ANDRES
2553 1125 2880 1232 ADOT,
1911 1133 2519 1245 32 70 34, HOLO
1743 1260 3060 1381 3, ST ANDREN STREET, OLBORN CIRCUS,
2371 1355 2462 1420 E.
2075 1478 2836 1591 The Daily News.
2014 1579 2840 1671 19, 20, & 21, Bouverie Street E.C.
2175 1648 2714 1747 (H. T. Cadbury, Publisher.)
1778 1773 3085 1881 Cutting from issue dated..............................49
2114 1938 2860 2047 ACTORS NEW ROLE.
2107 2057 2850 2150 Mr. Granville Barker on the
2298 2124 2680 2203 Variety Stage.
2148 2176 2852 2260 Mr. Granville Barkers début on the
2119 2252 2849 2304 variety stage at the Palace Theatre last
2119 2294 2847 2339 night met only with partial success.
2119 2337 2849 2375 Frankly, the episode from Arthur Schnitz¬
2121 2373 2852 2419 ler’s Anatol," in which the actor ap¬
2119 2416 2852 2460 peared in the title rôle, is too thin and
2124 2458 2849 2498 delicate in texture for presentation not
2119 2491 2859 2558 only at a music-hall but even at most
2121 2529 2276 2583 theatres.
2148 2555 2849 2616 Imagine a Dolly Dialogue on the
2119 2598 2852 2662 stage and you may obtain some idea of
2119 2645 2852 2693 the tour-de-force Mr. Barker has
2119 2690 2852 2745 attempted. Anatol is a sequence of
2121 2724 2842 2770 scenes, the first of which, Ask no Ques¬
2121 2763 2845 2809 tions and you'll hear no stories," was
2119 2796 2852 2844 given last evening. The story itself is a
2127 2831 2852 2867 trille light as air. It is a mere phase in
2127 2862 2849 2909 the life of a young bedonist, who, having
2127 2898 2849 2932 fallen under the spell of Hilda, a demi¬
2121 2929 2849 2972 mondaine, cannot believe, in spite of his
2119 2959 2849 3006 cynicism, that she is unfaithful to him.
2124 2986 2849 3029 et he is anxious to know the truth, and
2127 3024 2842 3068 hypnotises her so as to wring the fatal
2121 3052 2837 3100 secret from her. Hilda submits die
2121 3090 2845 3129 to the ordeal, but Anatol, when the girl
2119 3121 2847 3165 is in a trance at his mercy, hesitates to
2119 3152 2852 3195 question her. Finally, he gives up the
2121 3188 2842 3250 idea, wakes Hilda up, and gives her¬
2124 3223 2225 3267 kiss.
2152 3232 2852 3290 Mr. Barker himself did not appear at
2121 3283 2845 3328 his best in the rôle which, it should be
2119 3316 2842 3357 admitted, must be a most difficult one for
2121 3351 2529 3390 any actor to interpret.
2135 3362 2847 3416 Miss Gertrude Robins looked delightful
2119 3414 2849 3455 as Hilda, while Mr. Nige Playfair played
2116 3447 2855 3493 the part of Max, Anatoll's friend, with re¬
2117 3475 2609 3541 freshing humour and spirit.
