3296 4224
1283 183 1640 277 box 8/6
167 178 1110 297 4.9. Anatol - Zyklus
386 372 670 449 Wenden!
900 403 1248 495 Telephon 12801.
745 482 945 580 D
1012 490 1245 576 D
368 532 1177 624 OBSEREN
438 603 1172 669 I. österr. behördl. konz. Unternehmen
370 632 1240 717 für Zeitungs-Ausschnitte und Bibliographien
406 705 1212 798 Wien, I. Concordiaplatz 4
636 766 976 849 Vertretungen
360 809 1230 902 in Berlin, Budapest, Chicago, Christiania, Genf,
360 865 1232 938 Kopenhagen, London, Madrid, Mailand, Minne¬
370 910 1230 996 apolis, New-York, Paris, Rom, San Francisco.
367 958 1035 1016 und Stockholm, St. Petersburg.
575 989 1316 1103 Quellenant une bar, oder Ange¬
357 1040 984 1146 Ausschnitt aus: München
530 1134 801 1227 75 1911
353 1167 490 1237 vom
484 1433 1303 1526 Schnitzlers „Anatol wurde am Ham¬
345 1508 1298 1585 burger Deutschen Schauspielhaus überaus beifällig
347 1559 613 1635 aufgenomen.
1060 2219 1412 2325 Telephon 12.801.
514 2312 1065 2483 OBSERV
362 2442 1409 2553 1. österr. beh. konz. Unternehmen für Zeitungs¬
568 2508 1210 2588 Ausschnitte und Bibliographie.
533 2551 1262 2654 Wien, I., Concordiaplatz 4.
761 2637 1042 2701 Vertretungen
367 2657 1427 2749 in Berlin, Brüssel, Budapest, Chicago, Cleveland, Christiania,
373 2728 1427 2789 Genf, Kopenhagen, London, Madrid, Mailand, Minneapolis,
375 2758 1427 2837 New-York, Paris, Rom, San Francisco, Stockholm, St. Peters¬
769 2802 1035 2858 burg, Toronto.
722 2829 1085 2908 (Quellenangabe ohne Gewähr.)
373 2891 750 2990 Ausschnitt aus:
376 3000 1002 3146 1911
337 3165 1542 3256 Im Deutschen Schauspielhaus hatte Schnitzlers.
220 3220 1531 3289 Einakterzyklus „Anatol“ starken Erfolg. Sehr stimmungsvoll war
225 3286 1529 3340 die Inszene des Herrn Direktors Hagemann, der ganz im Geiste
223 3339 1529 3395 des Dichters die einzelnen Geschehnisse sich abspielen ließ und zu
226 3387 1524 3446 jedem den entsprechenden äußeren Rahmen mit treffsicherer
223 3430 1526 3487 Intimität geschaffen hatte. Herr Lang gab in seiner humorvollen
216 3476 1527 3544 Art und mit echt wienerischer Gemütlichkeit den Lebemann Anatol,
230 3532 1532 3587 für den jedes Weib mehr oder minder nur eine Episode
226 3583 1529 3636 bedeutet. Die verschiedenen Frauengestalten verkörperten die
223 3626 1529 3694 Damen Elsinger als feurige Ungarin Ilona, Valéry
216 3672 1527 3738 als hingebende Cora, May als vornehm empfindende Welt¬
220 3724 1527 3781 dame Gabriele, Heydorn als raffinierte Zirkustänzerin Bianca
223 3781 1527 3839 und last not least Frl. Bauer, die im „Abschiedssouper, als
216 3828 1527 3889 resolute Künstlerin Annie ein rassiges Weib auf die Bühne stellte.
223 3875 1526 3933 Herr Wlach als Freund Max beobachtete stets die erforderliche
226 3920 1551 3996 Zurückhaltung und die Herren Kallenberger und Stettner
215 3970 1281 4034 bewährten sich in den kleinen Dienerrollen aufs beste.
339 4017 424 4069 or.
2016 119 2852 261 -
2282 160 3124 373 so
2683 410 3063 505 and Christiania,
2455 454 3061 548 Mailand, Minneapolis,
2244 500 3061 589 Rom, San Francisco, Stockholm, St. Peters¬
2403 556 2678 619 burg, Toronto.
2393 603 2799 707 penge er ohne Gewan
2241 594 2358 685 a
2493 629 2890 755 Fremdenblatt
2003 639 2351 751 Ausschnitt aus
2335 893 2566 994 Anatol.
2140 979 2736 1040 Deutsches Schauspielhaus.
2067 1022 2896 1080 Viele Jahre ist es nun her, seitdem Ar¬
1982 1062 2900 1120 thur Schnitzler mit seinem „Anatol¬
1983 1110 2900 1151 auf den Plantrat. Damals war die Ver¬
1988 1146 2896 1199 wunderung groß, man hatte nicht geglaubt, daß
1982 1189 2900 1235 ein deutsch schreibender Dichter es den Franzosen
1978 1227 2903 1273 an Leichtigkeit des Dialogs und an Esprit gleich¬
1982 1267 2900 1309 tun könne. Und hier war noch etwas mehr als
1988 1300 2906 1349 das, was die geistreichen Franzosen zu bieten
1988 1336 2903 1390 vermochten, nämlich Gedankentiefe, echte Welt¬
1983 1379 2891 1430 beobachtung, ein Hauch der Zeitgeschichte. Her¬
1985 1418 2896 1466 mann Bahr, der Wiener Kollege von Schnitzler,
1978 1451 2903 1503 lobte und tadelte zugleich; er fürchtete, Schnitzler
1988 1493 2900 1551 würde sich nun in leichtfüßigen dramatischen
1991 1534 2895 1575 Skizzen verzetteln. Aber er irrte sich doppelt.
1982 1572 2900 1615 Es kam der „Schleier der Beatrice, dieses
1985 1607 2900 1655 prachtvolle Werk, und es kamen alle die anderen
1988 1651 2900 1696 seinen und geistvollen Arbeiten Schnitzlers. Die
1985 1689 2900 1739 rollende Zeit hat inzwischen jeden Tadel des
1978 1727 2903 1772 Kritikers erstickt, denn auch heute noch wirken
1973 1764 2905 1805 die Anatol=Einakter so frisch und lebendig, als
1991 1803 2903 1848 seien sie für den Tag geschrieben. Schnitzler hat
1988 1843 2903 1886 in diesen dramatischen Bildern das Leben eines
1985 1884 2903 1932 zeitgenössischen, etwas erotisch veranlagten, aber
1991 1920 2895 1968 gutmütigen und feinsinnigen Junggesellen be¬
1991 1958 2895 2003 schrieben, eines Menschen, der sich in den ver¬
1985 1991 2896 2051 schiedensten Gesellschaftsklassen verliebt und jede
1985 2033 2900 2082 Geliebte mit der Gloriole seiner eigenen Phan¬
1988 2074 2900 2119 tasie umgibt. Dieser Anatol ist auch ein Grübler
1988 2117 2900 2161 und Denker, hauptsächlich aber ein Träumer, und
1985 2152 2900 2199 da er in das wahre Wesen von Welt und Men¬
1988 2195 2903 2239 schen nicht einzudringen vermag, mischt sich in
1978 2232 2895 2275 alle seine Erlebnisse Wehmut und Enttäuschung.
1990 2274 2900 2325 Neben ihn hat der Dichter einen kälteren Freund
1978 2313 2906 2358 gestellt, der, gleich dem Zuschauer, nur Beob¬
1978 2351 2903 2404 achter ist. An diesen beiden ziehen nun die süßen
1982 2391 2896 2437 Mädchen, Frauen, Weiber und Damen vorüber,
1978 2426 2901 2475 und jede bringt die Begriffswelt und den be¬
1996 2465 2903 2512 sonderen Duft ihrer Kaste mit sich. Mit der
1991 2505 2900 2550 Sicherheit eines Schlafwandlers hat Schnitzler
1985 2540 2903 2592 jede einzelne Zeichnung zu Ende geführt und
1982 2581 2896 2627 alle seine Figuren, mögen sie nun zart oder der
1978 2619 2914 2665 auftreten, in eine eigenartige Schönheit getaucht.
2059 2690 2896 2763 Die anspruchsvolle Rolle des Anatol gab
1975 2718 2893 2794 Herrn Lang gestern Gelegenheit, sein reiches
1977 2764 2878 2830 Talent in vielen Farben spielen zu lassen; er
1973 2799 2883 2870 war in allen fünf Akten ganz der elegante Welt¬
1967 2835 2880 2916 mann und zugleich der große Junge, der sich
1972 2875 2878 2954 jedem neuen Verhältnis, trotz aller Erfahrungen,
1965 2923 2876 2992 rückhaltlos und mit Begeisterung hingibt. Seine
1968 2952 2867 3032 Enttäuschungen lösen sich in eine leichte Trauer,
1960 2987 2867 3061 die rasch verwunden wird, und in Selbstironie
1955 3035 2878 3106 auf. Den Freund spielte Herr Wlach mit echt
1957 3065 2870 3146 künstlerischer Zurückhaltung, wie denn das Ge¬
1962 3106 2873 3184 samtspiel auf einen einheitlichen prachtvollen Ton
1955 3156 2867 3228 abgestimmt war. Unter den Damen bereitete
1957 3185 2863 3258 Fräulein Olla Bauer den Freunden der
1953 3233 2862 3302 Kunst eine große angenehme Ueberraschung. Es
1962 3261 2863 3339 ist freilich nicht neu, daß in Fräulein Bauer ein
1955 3301 2860 3377 Talent gewonnen worden ist, aber die Aus¬
1950 3339 2855 3423 dehnung dieses Talentes kannte man nicht. Die
1942 3375 2855 3456 Künstlerin gestaltete ihre Annie in „Abschieds¬
1955 3415 2728 3484 souper“ zu einer wahren Glanzleistung.
2782 3445 2860 3491 Der
1947 3454 2862 3529 Mensch ging hier ganz in der Rolle auf. Auch
1944 3489 2855 3570 die Ilona des Fräulein Elsinger entfachte
1932 3535 2850 3616 mit Recht den Beifall des Publikums. Ein
1945 3572 2852 3646 wenig zu still gab sich die Cora des Fräulein
1944 3610 2855 3691 Valéry und ohne rechten Charakter die Bianca
1935 3644 2853 3733 des Fräulein Heydorn. Einen warmen
1939 3692 2847 3768 Gefühlston fand dagegen Fräulein May als
1939 3727 2848 3804 Gabriele. Herr Direktor Hagemann über¬
1927 3770 2843 3842 raschte die Zuschauer im zweiten Akt mit einer
1932 3801 2850 3880 prächtigen, gemütvollen Szenerie; Blick in eine
1929 3841 2840 3917 Straße Wiens zur Weihnachtszeit, mit rieselnden
1930 3885 2840 3965 Schnee, erleuchteten Schaufenstern und zuletzt
1920 3928 2838 4009 einem veritablen Wiener Fiaker auf der Bühne.
1924 3956 2526 4055 Jubel und Beifall waren groß
2657 3976 2807 4051 Ph. B.
