3436 4256
338 189 828 280 4.9. Anato
1463 186 1818 296 box 9/2
742 199 1188 314 Zyk
606 1059 1296 1222 münder Zeitung Grund
695 1170 1144 1274 Niederösterrei¬
398 1173 668 1290 kr.
491 1246 1658 1341 Von der d. J. an den Age
360 1314 1660 1434 zur Aufführung gebracht, bei welcher des Oberregisseur des
367 1437 1619 1542 deutschen Walkeaters in Wien Herr Leopold Kramer
373 1526 1626 1586 als Gast in der Rolle das Anatol mitwirkte und mit Beifall
398 1566 1618 1647 überschüttet wurde. Fräulein Mann errang sich besonderen
391 1624 1616 1704 Beifall und mit ihr auch Fräulein Oser. Auch Fräulein Rot¬
356 1679 1619 1755 e ter unterhielt das Publikum durch gutes Spiel, imponierte
393 1726 1621 1807 durch ihre Ausstattung, die günstig wirkte. Recht unange¬
351 1786 1628 1855 nehm mußte es dem mitspielenden Gast aus Wien gewesen
359 1823 1619 1910 e sein, eine nicht besonders vortragssichere Partnerin haben zu
365 1886 1618 1954 müssen, die zaghaft an dem Munde des Souffleurs hing. Auch
394 1927 1631 2007 dieser Theaterabend zeigte ein volles Haus, wie täglich und
362 1982 1615 2057 oft trifft es sich, daß die Karten vorzeitig ausverkauft sind.
388 2032 1615 2100 Das ist in Friedensten nicht so leicht vorgekommen. Sonn¬
386 2072 1602 2158 tags, den 10. d. M., nachmittags wurde „Die Czardasfürstin
396 2135 1615 2196 gegeben, abends wurde die Operette „Liebe im Schnee" bei
391 2180 727 2247 vollem Erfolge.
819 2188 1608 2260 Wenn ein Schauspielhaus bei jeder
391 2229 1613 2313 Vorstellung voll besetzt ist, ja trotz früher Bestellung die
394 2281 1616 2360 Theaterkarten vollständig ausverkauft sind, dann gibt das wohl
399 2326 1607 2400 Zeugnis für die guten Darstellungen und für die besondere
391 2382 1607 2463 Umsicht der Direktion. Leider wird Herr Direktor Max Höl¬
391 2436 1613 2512 ler im nächsten Spieljahre nicht mehr hier sein, wie allgemein
388 2492 1634 2565 verlautet. Diese Nachricht werden die Theaterfreunde mit Be¬
390 2542 1637 2612 dauern gehört haben. Herr Direktor Höller hat die kurze Zeit
386 2581 1639 2677 viel geleistet, um die Besucher vollauf zu befriedigen. Am 15. d.
393 2636 1645 2714 kam die Novität „Blausuchs" zur Aufführung, welche vom
394 2689 1607 2765 Herrn Direktor inszeniert wurde und er selbst in dem Stücke
394 2740 1647 2816 den Tibor mit besonderem Erfolge darstellte. Als Gast wirkte
398 2791 1652 2874 Fräulein Ery v. Kraß von der Jarno-Bühne mit, welche mit
393 2845 1603 2909 rauschendem Beifall für ihre außerordentliche Kunstleistung be¬
386 2891 1663 2972 lohnt wurde. Am 16. d. blühte die fast unvergängliche „Rose a
390 2955 1608 3016 von Stambul" noch einmal f. Zweiundzwanzigmal gelangte
396 2988 1655 3068 sie auf unserer Bühne zur Aufführung und immer wieder
396 3050 1649 3115 findet das reizende Stück ein vollbesetztes Haus. Am 17. d. p
388 3100 1652 3179 kam zur Nachmittags= und Abendvorstellung „Die Bauern¬
391 3157 1644 3223 prinzessin zur Aufführung. Fräulein Pepi Kramer¬
390 3200 1649 3289 Glöckner war als Gast mitwirkend. Anschließend an dieses
390 3242 1222 3346 Stück folgte das „Blitzmädel“ von Pesta.
1020 3310 1127 3355 *
2125 1518 2955 1702 145. CREME PRAG
2386 1665 3013 1841 s
2180 1834 2945 1952 Bühne und Kunst.
2116 1904 3051 1993 Anatol. (Deutsches Landestheater.)
2124 1986 3060 2041 Fünf Einakter aus dem Anatolzyklus berei¬
2121 2030 3058 2088 teten Sonntag allen Freunden Anatols eine
2116 2070 3061 2127 arge Enttäuschung. Anatol ist uns nichts mehr,
2116 2114 3068 2169 Anatol ist ein feuilletonstisch schätzender
2112 2156 3064 2221 männlicher Blaustrumpf geworden. Ein Ana¬
2119 2201 3063 2258 toleinakter an einem Abend kann noch eine
2119 2240 3058 2311 Ahnung von ehemaliger Grazie und schwer¬
2116 2292 3061 2352 mütiger Verträumtheit heraufbeschwören; fünf
2119 2335 3063 2397 ermüden. Schlimmer: man gewahrt nun, wie
2119 2378 3058 2445 eingeengt und unwichtig diese Kleinkunst ist,
2119 2421 3072 2500 wie wenig sie uns noch zu sagen hat. Man
2124 2466 3068 2533 sieht nun, wie fahl und — ungern spricht man
2119 2510 3071 2568 es aus — banal die Einakter sind, wenn die
2119 2565 3069 2612 Ampeln und verblaßten Bänder und vergilb¬
2119 2599 3064 2657 ten Briefe nicht mehr wirken. Und die war
2119 2639 3068 2699 das Ideal einer ganzen Jugend, einer Gene¬
2121 2681 3068 2736 ration! Wenn man bedenkt, mit welchen Pro¬
2121 2727 3064 2790 blemen sich die Jugend zwischen Zwanzig und
2127 2773 3068 2833 Dreißig heute tapfer herumschlägt, legt man
2127 2816 3063 2869 Angot mit ruhigen Händen zu den Treu —
2130 2856 3061 2919 Die Darstellung war sehr anständig, der Max
2130 2904 3066 2964 Herrn Romanovskys sehr witzig, viel¬
2124 2959 3069 3008 leicht zu witzig, die Annieder Frau Me¬
2130 3001 3076 3055 delsky einfach entzückend, die Damen
2124 3040 3069 3105 Thetter, Bogs und Mittler sehr nett
2127 3082 3076 3142 als Anatols Geliebte oder fast Geliebte. Auch
2127 3127 3072 3190 der Anatol des Herrn Feher hatte sympa¬
2124 3173 3071 3231 thische Züge, die vielleicht stärker hervorgetreten
2662 3215 3081 3271 da der Konvention
2127 3224 2628 3286 wären, wenn er hie¬
2130 3257 3074 3317 einen Schlag ins erstarr lächelnde, affektiert¬
2142 3302 3072 3365 schwermütige Gesicht versetzt hätte. Aber das
2127 3346 3076 3417 wäre freilich nicht mehr der Anatol gewesen,
2124 3397 3085 3488 durch den der junge Schnitzler berühmt ge¬
2127 3444 2361 3520 da ist
