3436 4224
1301 148 1663 248 box 8/5
193 172 1140 271 4.9. Anatol - Zyklus
374 1092 742 1204 OBSERVER
350 1154 785 1263 1. österr. behördl.
400 1232 743 1314 konzessionirtes
495 1292 674 1358 Bureau
376 1330 775 1427 für Leitung nachrichten
885 1316 1364 1432 4 DIEMER 1910
505 1402 688 1463 Wien, 1.
407 1409 1490 1568 Konkordate Fremdenblatt,
549 1627 1314 1734 Theater und Kunst.
626 1723 1211 1823 „Anatol“ in Berlin.
361 1794 1596 1872 Aus Berlin wird uns vom 3. d. telegraphiert: Im Lessing¬
226 1856 1609 1906 Theater wurden fünf Akte aus Schnitzlers Einakterzyklus „Ana¬
226 1904 1604 1960 tol zum ersten Male aufgeführt. Die Darstellung wich der Gefahr, zu
240 1951 1596 2008 schwankmäßig zu wirken, vorsichtig aus und holte alle Stimmungen und
238 1996 1603 2056 Feinheiten des Dialogs sorgfältig heraus. Monnard spielte den
231 2037 1601 2106 Anatol recht gut, Reicher den Max. Am besten waren aber die
233 2080 1604 2151 Damen Somery, Lossen, Lussin, Herterich und Triesch
235 2137 1604 2198 Das Publikum folgte den delikaten Szenen mit größtem Behagen und
240 2182 1606 2248 spendete Abhaften Beifall, der nach dem „Abschiedssouper besonders herz¬
226 2237 431 2315 lich klang.
2824 317 2917 390 44
2758 381 3072 466 Wien, a. de¬
2272 304 2717 509 OBSERE
2398 462 2677 519 burg, Toronto.
2325 481 2757 581 des
2467 542 2955 643 ner Morgenpost,
2004 573 2370 671 Ausschnitt aus:
2330 647 2822 766 4-OLER 1916
2301 852 2951 949 Theater, Kunst
2213 916 2934 1042 Wissenschaft
2427 1028 2674 1130 „Anatol."
2163 1113 2953 1176 Fünf Einakter von Arthur Schnitzler.
2163 1151 2962 1214 Erstaufführung gestern im Leffinger¬
2184 1209 2986 1268 Dies wienerische „Nachtmahl in fünf delikat zu¬
2127 1252 2986 1328 bereiteten und appetitlich servierten Gängen hat
2134 1295 2984 1356 uns ausgezeichnet gemundet, und ich bedaure auf¬
2130 1340 2986 1413 richtig, die holde Dessertstimmung, die mich tänzelnd
2130 1385 2993 1447 umschwebt, durch Abfassung eines kritischen Berichts
2127 1430 2991 1499 zu entweihen. Es tröstet mich nur, daß
2127 1473 2991 1549 es doch auch hübsch ist, für eine so
2127 1509 3003 1585 anmutige Gabe auf frischer Tat danken
2134 1568 2988 1628 zu können. Schnitzlers „Anatol"-Szenen
2134 1599 2986 1668 sind uns ein lieber Besitz aus den Zeiten, da die
2134 1646 2989 1709 Jungösterreicher mit der subtileren Kultur und der
2130 1682 2989 1749 weltschmerzlich lächelnden Walzerstimmung ihrer Stadt
2134 1732 2996 1792 unseren bitterernsten Naturalismus bereicherten, und
2125 1785 2998 1851 sie haben sich unverändert frisch erhalten, obschon sie
2134 1825 2993 1884 heute das für moderne Literaturwerke bereits ehrwür¬
2137 1872 2993 1929 dige Alter von siebzehn Jahren aufweisen. Wir
2134 1906 2998 1979 hören noch immer mit Behagen die graziöse Welt¬
2134 1949 2996 2013 weisheit der Dialoge an, in denen der „leichtsinnige
2134 1994 2993 2053 Melancholiken" Anatol und sein realistisch gesinnter
2134 2037 2998 2101 Freund Max ihre Erlebnisse und Anschauungen über
2130 2087 2995 2148 das unendliche Thema „Weib" austauschen, während
2142 2130 3000 2194 zwischen dem blasierten Schwärmer und dem ver¬
2136 2165 2998 2242 gnüglichen Skeptiker eine sympathische Reihe füßer
2137 2217 3008 2272 Mädel und mondäner Frauen habinhüpft, als lebendige
2142 2270 3005 2329 Exempla, an denen ihre törichten und gescheiten
2137 2306 3005 2384 Doktrinen demonstriert werden. Diese Gespräche
2146 2348 3008 2417 schaukeln zwischen Novellette und Dramolet zierlich
2144 2389 3015 2463 hin und her, aber nachdem man schen früher mit ein¬
2146 2432 3008 2505 zelnen von ihnen gelungene Bühnenversuche angestellt,
2142 2477 3008 2544 ergab sich gestern, daß sie reich genug sind, auch die
2146 2527 3003 2588 Kosten eines ganzen Theaterabends zu bestreiten. Es
2142 2560 3005 2634 gab sogar in diesem losen Gefüge so etwas wie eine
2149 2620 3012 2679 dramatische Entwicklung, symbolisch dargestellt an —
2149 2655 3005 2729 Anatols Schädel: der zeigte nämlich üppigen Haar¬
2151 2701 3008 2770 schmuck, als der Held so vieler kleiner Abenteuer
2149 2755 3012 2812 vor der „hypnotisterten" Cora die „Frage an
2142 2786 3010 2857 das Schicksal, nämlich die, ob sie
2146 2829 3026 2896 ihm treu sei, — lieber nicht stellt. Wir dürfen ihn,
2153 2879 3010 2943 also den Haarschmuck, noch ebenso üppig unter den
2156 2917 3010 2986 Zylinder vermuten, unter dessen Schutz Anatol die
2149 2960 3012 3022 elegante Gabriele auf winterlicher Straße bei ihren
2158 3005 3015 3074 „Weihnachtseinkäufen" in ein pikantes Ge¬
2158 3046 3012 3115 spräch verwickelt. Aber er offenbart bedenkliche kleine
2158 3098 3012 3157 Lücken im „Abschiedsfouper, da die betrogenen
2158 3131 3012 3202 Betrüger sich gegenübersitzen. Er wird dünner und
2155 3177 3012 3250 dünner in der „Episode", da das eitle Männchen
2155 3222 3017 3278 erleben muß, daß ihn ein Weibchen radikal vergessen
2155 3271 3019 3322 hat. Und er ist zur leuchtenden Glatze mit einsam
2160 3319 3019 3379 sich schlängelnder Sardelle am „Hochzeits¬
2155 3355 3020 3416 morgen" geworden, da Anatol sein Bräutigams¬
2158 3398 3020 3457 bulett vor der rabiaten Ilona retten muß, mit der
2155 3434 3015 3500 er Abschiedsnacht gefeiert, bevor die Ehe ihn ein¬
2155 3491 3020 3547 heimst. Der Träger dieser tragischen Perückenfolge
2163 3536 3017 3588 war Heinz Monnard, der für den unsterblichen
2160 3572 3022 3626 Typus des liebenswürdigen Snob viel drollige Laune
2167 3612 3019 3667 und ein geschickt abgewogenes Quantum verliebter
2167 3657 3022 3721 Tumbheit aufbrachte. Wie die ganze Vorstellung des
2163 3705 3017 3759 Lessing=Theaters war auch dieser Anatei ein wenig
2167 3743 3022 3807 aufs Deutliche und Derbe gestimmt. Die Szenen
2167 3792 3022 3852 verlieren dadurch etwas von der zarten Lässigkeit ihrer
2167 3836 3019 3893 dekadenten Ironie, aber sie gewinnen dafür an
2175 3878 3022 3936 bühnenmäßiger Schlagkraft. Kam Herr Monnard
2167 3919 3027 3980 immerhin aus Wien, so stammte der Max von
2175 3969 3022 4031 Emanuel Reicher leider aus Budapest oder noch
2182 4014 3027 4078 ferneren südöstlichen Gegenden. Wie im Alter
2182 4054 3026 4123 (Herr Reicher kann sehr viel jünger aussehen) so in
2286 4109 2560 4162 -
