3436 4352
247 184 1166 303 4.9. Anatol - Zyklu-
1364 197 1719 295 box 9/5
1425 1342 2002 1431 Jungf.
2288 1383 2383 1466 In
1535 1416 2203 1469 („In der Nähe von Böhmen
1419 1457 2383 1544 Schnitzlers Lustspiel „Anatol" kommt folgende
1422 1512 1659 1579 Stelle vor:
1497 1556 1877 1621 Ilona: Du Anatol
1493 1599 2050 1656 Anatol (nervös) Was denn
1490 1650 2104 1717 Ilona: Wo warst du eigentlich?
1490 1691 2205 1778 Anatol: Ich habe dies schon gesagt
1491 1738 1984 1790 Ilona: Nein, kein Wort.
1491 1788 2362 1860 Anatol: Gestern abends habe ich dies gesagt.
1491 1827 2247 1891 Ilona: So hab ich es wieder vergessen!
1485 1869 2361 1926 Anatol: In der Nähe von Böhmen war ich.
1487 1922 2408 2003 Ilona: Was hast du denn in Böhmen zu tun
1398 1951 1546 2027 gehabt?
1485 1971 2358 2090 Anatol. Ich war nicht in Böhmen, nur in
1399 2048 1593 2110 der Nähe
1478 2063 2352 2185 Ilona: Ach so, du warse wohl gar Jagd ge¬
1401 2137 1523 2208 laden.
1500 2152 2355 2247 Als das Lustspiel am 7. d. M. von der
1399 2225 2364 2293 Schaubühne in Krumau aufgeführt wurde,
1398 2293 2364 2356 wurde dieses Gespräch selbstverständlich wörtlich
1399 2342 2362 2405 wiedergegeben. Der anwesende tschechische Frei¬
1400 2387 2358 2440 heitshuter — es soll ein Militärist gewesen
1411 2433 1511 2495 sein
1566 2442 2353 2497 warf sich aber in den Harnisch und
1400 2487 2352 2552 erklärte, daß er eine „Verhöhnung der tschecho¬
1405 2533 2359 2603 slowakischen Republik von der Bühne aus
1399 2586 2352 2637 nicht dulde. (!!!) Und was tat die Theater¬
1393 2624 2342 2688 leitung? Sie mußte wohl oder übel dem ge¬
1395 2680 2344 2751 kränkten Kunstkenner Genugtuung schaffen,
1393 2728 2336 2787 denn sie mußte auch befürchten, daß das Thea¬
1393 2776 2340 2844 ter von Amts wegen geschlossen werden könnte,
1388 2835 2336 2897 wenn auf der Bühne noch einmal das Wort
1393 2867 2334 2940 „Böhmen" fallen würde! Und wirklich wurde
1389 2924 2330 2984 bei der nächsten „Anatol"-Aufführung das
1382 2977 2324 3070 Wort „Böhmen" durch das Wort „Ungarn
1381 3023 1528 3088 ersetzt.
