3392 4256
1276 154 2192 223 Polterabende in der Nacht allein auf der Stra¬
2219 175 3134 255 „Vielliebchen“ von Ludwig Engländer,
1271 199 3142 305 se steht, wird noch einmal von der „Stim= außer Abonnement, statt. — Als erste Nach¬
1271 260 2195 342 mung" erfaßt, von seinem tollen, süßen Jung¬
754 239 1099 358 Telephon 12.50
2221 292 3134 356 mittagsvorstellung in dieser Saison geht
1274 321 2189 395 gesellenleben Abschied zu nehmen. Er genießt
2221 342 3134 417 Sonntag nachmittags 4 Uhr die mit großem
1271 374 3131 456 die letzte Nacht, da er nachhause kommen kann, Beifalle aufgenommene Planquett'sche Ope¬
260 271 767 494 OBSER
1268 425 2147 491 ohne gefragt zu werden: „Wo warst Du?
2211 448 3110 507 rette „Die Glocken von Corneville
1274 475 2187 563 Die letzte Nacht der Freiheit und des Aben¬
82 464 1101 586 terr. beh. konz. Unternehmen für Zeitungs¬
2219 502 3129 560 in Szere. Eine große Anzahl in Aussig an¬
249 525 897 602 Ausschnitte und Bibliographie.
1266 528 3131 621 teuerns. Die Situationen, die sich ergeben, wesender ehemaliger Absolventen der hiesigen
220 565 942 685 Wien, I., Concordiaplatz 4.
1268 592 2184 658 als Max am Morgen seinen Freund zur Hoch¬
2208 613 3129 682 Handelsakademie, welche vor Jahren diese An¬
1268 642 2192 701 zeit abholt, sind von äußerst tragikomischer
441 650 719 722 Vertretungen
2224 666 3126 724 stalt besuchten, werden der Vorstellung bei¬
135 669 1104 764 lin, Brüssel, Budapest, Chicago, Cleveland, Christiania,
1271 682 3126 783 Wirkung. — Die Aufführung des Stückes war wohnen. — Abends 8 Uhr gelangt die Ope¬
157 740 1104 807 Kopenhagen, London, Madrid, Mailand, Minneapolie,
1268 748 2184 812 verhältnismäßig gut. Die Erfahrungen, die
2211 762 3126 833 retten=Neuheit „Vielliebchen“ zur Wie¬
141 775 1093 868 York, Paris, Rom, San Francisco, Stockholm, St. Patore
1263 804 2181 868 wir beim ersten Lustspie bende gemacht ha
425 820 709 873 burg, Toronto.
2211 820 3131 894 derholung. — Montag, den 9. ds., gelangt als
387 857 724 929 de
1255 860 2181 913 ben, trafen auch diesma zu: Die Damen
2211 873 3126 961 8. Abonnements=Vorstellung (A rot) Beetho¬
629 870 1125 1003 Tagblatt, kuoli t.
1268 908 2187 977 rollen wurden gut gegeben, wogegen die männ¬
138 908 422 995 chnitt aus:
2211 934 3126 1000 vens herrliche Oper „Fidelio" zur Auf¬
1268 963 2187 1027 lichen Darsteller auch diesmal einiges zu wün¬
180 963 438 1077 7 u. 1911
2211 977 3121 1075 führung, deren erste Darstellung einen bedeu¬
1271 1016 2187 1077 schen übrig ließen. Frau Else Ferdinand¬
2213 1032 2678 1107 tenden Erfolg erzielte.
1258 1072 2189 1141 Bielitz (Gabriele) stellte die kokette verhei¬
2306 1067 3126 1165 Ein Teil des geehrten Publikums läßt sich
1255 1141 3123 1210 ratete Frau, „die wohl lieben kann, aber nicht auch in dieser Spielzeit durch falsche Gerüchte,
1271 1176 2173 1247 den Mut dazu hat", in ausdrucksvoller, vor
348 1112 1226 1284 Theater und Kunst.
2205 1199 3123 1271 daß das Theater ausverkauft sei, vom Besuche
1261 1231 2176 1295 nehmer Weise dar. Frl. Lili v. Asten (An
2208 1250 3123 1324 desselben abhalten. Es sind meist noch eine
472 1234 1234 1335 Aussiger Stadttheater. „Anatol¬
1266 1298 3123 1380 nie) erfreute auch diesmal durch ihr natürli¬ Anzahl guter Plätze zu haben und wird das
313 1311 2181 1417 ein Spiel in 5 Szenen von Arthur Schnitzler, ches und flottes Spiel als Tamevom Ballet
2205 1367 3118 1436 p. t. Publikum höflichst ersucht, sich jeweilig
403 1361 1239 1454 kannte Schnitzerischen da¬
1266 1391 2179 1460 Auch die anderen Damen, Gwenny Karen
2211 1417 3123 1507 immer an der Kasse (Telefon 50) diesbezüg¬
313 1420 1245 1499 gestern als Premiere im Stadttheater zur
1271 1449 2598 1539 (Bianca), Lili Deeren (Ilona) und Lia lich zu erkundiges
316 1470 2189 1579 Aufführung gelangte, hat auch hier seine Landt (Cora) boten in ihren Liebesszenen
2354 1486 3126 1598 Repertor des Aussiger Stadttheaters.
321 1521 1237 1619 Wirkung nicht verfehlt. Einige lose an ein¬
1263 1563 2189 1632 mit Anato zufriedenstellende Leistungen. Die
2298 1568 3123 1659 Samstag, 7. Oktober: „Viellieb¬
318 1582 2335 1714 ander gereihte Liebesszenen sind es, die der Hauptrolle Anatol wurde von Herrn Dr.schen.
326 1627 1229 1725 Dichter an uns vorbeiziehen läßt, so natürlich
1271 1667 2187 1725 Franz Ferdinand gegeben. Dieser war
2298 1659 3118 1751 Sonntag, 8. Oktober nachmittags 4 Uhr:
313 1680 1245 1778 und im leichten Plaudertone wiedergegeben,
1271 1714 2171 1781 seiner Rolle nicht vollständig gewachsen. E
2205 1714 3116 1836 „Die Glocken von Corneville"
316 1728 2176 1847 daß man den Eindruck gewinnt, als ob der verstand es nicht, jene Ueberlegenheit zun
2208 1783 2792 1863 abends: „Vielliebchen“.
318 1794 1234 1874 Dichter selbsterlebtes schildern würde. In der
1258 1828 2187 1900 Ausdrucke zu bringen, die Anatol als Künstler
2295 1820 3025 1932 Montag, 9. Oktober: „Fidelio".
316 1858 1229 1935 zwischen den Liebesszenen eingestreuten geist¬
1266 1884 2184 1948 von der übrigen Umgebung abhebt und ihn
2301 1889 3126 1990 Dienstag, 10. Oktober: „Die Jung¬
310 1908 1229 1993 reichen Dialogen zwischen Anatol und Ma¬
1263 1940 2181 2012 als Herrn der Situation, als König seiner
2219 1943 2725 2014 frau von Orleans."
321 1951 2181 2049 sucht der Dichter das geheimnis der Liebe zu Stimmungs=Zaubermärchen erscheinen läßt.
2298 1966 3134 2110 Mittwoch, 11. Oktober: „Die Huge¬
310 2025 1226 2104 ergründen. Für ihn löst sich das Rätsel der
1263 2038 2423 2110 Uebrigens ließ auch sein Spiel den für diese notten.
308 2051 1229 2155 Frau — in der Stimmung. Stimmung
1255 2096 2184 2160 Rolle notwendigen Wiener Chic vermissen.
2288 2094 2816 2173 Anfang ½8 Uhr abends.
310 2123 2181 2232 braucht der Dichter, um Liebe zu empfinden. Im übrigen gab sich jedoch Herr Dr. Ferdi¬
2298 2150 3131 2261 Donnerstag, 12. Oktober: „Die Liebe
308 2176 1192 2248 Das Halbdunkel — die grünrote Ampel
1266 2205 2378 2274 nand mit der für ihn als Norddeutschen schwie-wacht.
305 2234 1234 2317 dazu leises Klavierspiel, solche Stimmungs¬
1263 2256 2184 2330 rigen Rolle die denkbar beste Mühe und er¬
2303 2240 3129 2362 Freitag, 13. Oktober: Viellieb¬
305 2285 2335 2396 momente zaubern dem Dichter die Illusion zielte auch stellenweise schöne Wirkungen. Herrschen.
303 2343 1231 2428 der Liebe vor, an der er sich berauscht und
1261 2370 2189 2436 Dr. Adolf Schippel bot in der Rolle als
2298 2357 3052 2441 Samstag, 14. Oktober: „Meyers.
316 2399 2184 2487 freut — solange die Stimmung dauert. Im Max auch diesmal eine ziemlich gute Leist¬
2298 2431 3123 2510 Sonntag, 15. Oktober nachm. „Viel¬
303 2449 2176 2556 Augenblicke scheint ihm die Liebe ewig; aber ung. Störend wirkte es, daß dieser wie auch
2208 2468 2473 2553 liebchen“;
2529 2481 2702 2579 abends
2747 2481 3129 2577 „Der Rastel¬
305 2513 2433 2619 sobald die Stimmung verflogen ist, schwindet Herr Dr. Ferdinand ihre Rollen nicht voll-binder.
2301 2614 3134 2715 — Der zweite Künstlerabend des Ver¬
2213 2694 3134 2768 eines für Kunstpflege, der am Sonntag, den
2208 2741 3134 2810 15. Oktober, im Saale der Ressource stattfin¬
2205 2805 3134 2866 det, bringt das Leipziger Gewandhausquar¬
2211 2855 3139 2914 tett, bestehend aus den Herren Edgar Woll¬
2211 2906 3139 2970 gandt, Karl Wolschke, Karl Hermann, Prof.
2205 2964 3139 3017 Aulius Klengel. Es ist wohl überflüssig, über
2208 3017 3129 3084 die Qualitäten dieses weltberühmten Streich¬
2205 3065 3134 3129 quartettes ein Wort zu verlieren. Wir be¬
2221 3118 3134 3184 schränken uns heute darauf, nur die Vor¬
2208 3179 3134 3240 tragsordnung mitzuteilen, welche außer zwei
2205 3230 3131 3309 der besten Streichquartette der Kammer¬
2208 3285 3129 3346 musikliteratur noch einige Solovorträge für
2203 3338 3131 3399 Violine und Violoncello enthält; sie lautet:
2203 3394 3131 3453 Mozart=Quartett B-dur (Eulenburg Nr. 9),
2205 3442 3131 3508 Vieux temps; Ballade und Polonaise (Vio¬
2200 3503 3129 3559 line), Klengel: Nocturne und Scherzo, Schu¬
2203 3553 3129 3636 bert: Quartett D-moll (Der Tod und das
2208 3598 3129 3673 Mädchen). Trotzdem durch das Abonnement
2205 3665 3134 3723 schon sehr viel vergriffen ist, sind im Vorver¬
2200 3715 3129 3792 kaufe bei Herrn Ed. Miksch immer noch eini¬
2195 3766 2842 3845 ge sehr gute Plätze an haben.
