3436 4256
1376 178 1733 269 box 8/7
261 178 695 281 4.9. Anat
764 182 1179 286 Zyklu-
1145 1062 1500 1154 Telephon 12.801.
598 1210 1301 1306 OBSEREN
448 1280 1497 1376 1. österr. beh. konz. Unternehmen für Zeitungs¬
649 1348 1294 1410 Ausschnitte und Bibliographie.
612 1398 1334 1461 Wien, I., Concordiaplatz 4.
837 1459 1118 1529 Vertretungen
443 1508 1488 1568 in Berlin, Brüssel, Budapest, Chicago, Cleveland, Christiania
452 1562 1494 1610 Genf, Kopenhagen, London, Madrid, Mailand, Minneapolis,
448 1598 1494 1647 New-York, Paris, Rom, San Francisco, Stockholm, St. Peters¬
831 1634 1109 1688 burg, Toronto.
789 1678 1155 1737 (Quellenangabe ohne Gewähr.)
443 1722 820 1806 Ausschnitt aus:
594 1791 1537 1908 the Daily Telegraph, Land¬
454 1844 591 1905 vom
762 1967 1125 2039 THE PALACE.
544 2064 1366 2115 Mr. Granville Barke's first appearance at the
521 2112 1362 2174 Palace last night was made in quite auspicious cir¬
523 2150 1369 2195 cumstances. A crowded audience and the first of a
527 2190 1362 2229 sequence of refreshing and literary dialogues from
527 2225 1358 2266 Arthur Schnitzler’s Anatol afforded him an excel¬
530 2263 1361 2312 lent opportun immense pleasing his many
530 2303 1361 2352 admirers. The chosen dialogue was " Ask no ques¬
536 2337 1369 2385 tions and you'll hear no stories." Mr. Berker is
536 2372 1369 2422 himself responsible for a translation which he prefere
527 2418 1366 2460 to call a paraphrase, and it may be admitted that
527 2456 1360 2499 he has cleverly retained the atmosphere of subtlety
527 2494 1372 2536 suggested by the gifted author. The instalment
530 2535 1372 2582 which takes its place on the programme throughout
532 2569 1364 2613 the present weck is concerned with Anatolis con¬
523 2603 1369 2653 fessed suspicions of the fidelity of all women. He is
532 2646 1370 2689 in love with the beautiful Hilda, upon whom he
527 2685 1369 2725 exercises his power of hypnotism, and though placed
532 2725 1370 2767 in the position of asking her a crucial question as to
536 2758 1369 2809 her faithfulness, he shrinks from doing so, lest his
530 2797 1369 2847 disappointment be too overwhelming for his future
527 2839 1369 2889 happiness. Thus he declines to act on the advice of
527 2873 1369 2915 his cynical friend Max and the incident ends in
532 2907 1364 2961 the most human manner possible. Mr. Barker, Mr.
536 2956 1369 2999 Nige Playfair, and Miss Gertrude Robins gave
527 2994 1372 3039 finished performances, and, assisted by clever stage
527 3030 1374 3071 management, made an undeniable success of this first
536 3067 1369 3114 of the "Anatol series. Among the other now its
530 3112 1372 3150 in last night's programme quite the most popular
539 3139 1374 3189 was that of the Australian entertainer Albert
539 3181 1366 3224 Welan, whose contribution was refined, and as new
530 3216 1372 3278 as anything can be in this department of vaudeville.
2668 806 3012 879 Telephon 12.801.
2178 924 2718 1018 OBSERVE
1959 998 3011 1091 1. österr. beh. konz. Unternehmen für Zeitungs¬
2170 1063 2813 1124 Ausschnitte und Bibliographie.
2137 1108 2849 1195 Wien, I., Concordiaplatz 4.
2351 1185 2630 1252 Vertretungen
1952 1225 3004 1296 in Berlin, Brüssel, Budapest, Chicago, Cleveland, Christiania,
1962 1271 3011 1331 Genf, Kopenhagen, London, Madrid, Mailand, Minneapolis,
1959 1303 3009 1365 New-York, Paris, Rom, San Francisco, Stockholm, St. Peters¬
2346 1355 2617 1408 burg, Toronto.
2300 1391 2668 1457 (Quellenangabe ohne Gewähr.)
1949 1442 2324 1518 Ausschnitt aus:
1956 1559 2086 1614 vom
2126 1529 2514 1638 7. F. 1911
2550 1545 2844 1638 Ceci,
2898 1574 2978 1640 on
1993 1656 2726 1777 AS NO QUESTIONS
2019 1778 2769 1862 Mr. Barker in Schnitzler Play
2213 1828 2581 1916 at the Palace.
2048 1921 2788 1979 There was not a vacant eat or a foot of
2013 1962 2782 2022 advantageus standing room left at the
2022 2002 2789 2061 Palace last night when the curtain rose
2022 2049 2772 2105 upon Ask No Questions and You'll hear
2015 2090 2784 2145 No Stories, the first of the little series of
2015 2133 2784 2209 Schnitzler playlets that have lured Mr.
2019 2182 2615 2244 Granville Barker to the halls."
2048 2202 2785 2271 Tho play is a piece of gossamer humour
2022 2261 2784 2324 a dramatic Dolly Dialogue. Like those
2022 2304 2784 2356 which are to follow, it concerns Anatol and
2015 2348 2784 2402 a lady. Nach time it is the same Anatol
2019 2388 2786 2444 and a different lady. The lady in this case
2021 2430 2784 2497 was a little nudinette he had been in love
2018 2474 2779 2528 with for about a week. He was delicately
2019 2520 2786 2587 interested to know whether she had been
2022 2558 2785 2617 true to him. To get at the truth, his friend
2019 2598 2784 2674 Max suggests that he should hypnotisse her,
2019 2646 2348 2699 and ask her then.
2055 2659 2789 2727 This Anatol does with triumphant success.
2022 2709 2784 2759 But when Hilda has been put sweetly to
2025 2744 2785 2800 sleep, poor Anatol is so terribly afraid of
2025 2777 2784 2824 what the answer will be that he cannot
2019 2817 2785 2877 screw up his courage to ask her. He wakes
2019 2851 2784 2894 her us, content in the embrace of blissful
2027 2887 2784 2941 ignorance as the curtain falle. Not only
2019 2933 2782 2990 written with the touch of a master ist,
2359 2956 2779 3012 paraphrased by Mr.
2025 2965 2296 3015 but prilliantly
2026 2986 2781 3042 Barker himself, the thing is among the finest
2022 3029 2788 3084 little pieces of art that either our theatres
2025 3064 2733 3117 or our music-halls have givenus lately.
2061 3096 2792 3143 It is a little unfortunate, however, that
2022 3131 2786 3186 Mr. Barkere personality as an actor does
2019 3168 2782 3215 not, somehow, quite fit in with one's vision
2027 3213 2788 3253 of Anatol. He is supposed to be a gay,
2025 3234 2790 3289 irresponsible, volatile young bacher, in¬
2027 3273 2794 3327 finitely susceptible and impressionable, an
2025 3314 2794 3366 amateur of the amatory, born to devote his
2027 3349 2792 3400 lips to the fingers of a dainty glove, or press
2034 3394 2794 3437 the foot of an adorable vis-à-vis beneath a
2023 3414 2793 3470 choiceladen table. Cleverly as Mr. Barker
2026 3449 2790 3504 acte, his strong intelligence seems to prevent
2025 3484 2781 3536 him from quite suggesting all this One
2025 3515 2793 3574 misses, too, a certain high resonance of
2034 3548 2755 3622 voice that seems to go with the character.
2061 3580 2784 3641 For this particular play the lady concerned
2036 3631 2788 3675 played comingly played by
2031 3651 2785 3713 Gertrude Robin, herself already well
2031 3690 2785 3750 known as a dramatis astonishingly
2025 3729 2794 3824 pretty dramatist. Mr. Niggel Parfait looked
2025 3771 2386 3846 on conially as Max.
