3484 4224
386 49 749 138 .
428 137 1234 226 Nun, die Entschädigung darf er sich ge¬
378 202 1238 266 fallen lassen. Die fünf Anatol-Szenen fügen
386 254 1228 308 sich zu einer runden fünfaktigen Komödie. Die
392 293 1222 354 Beiber wechseln, Anatol und sein Freund Ma¬
376 343 1225 403 sind das Beharrende. Der posierende Viveur
376 383 1228 450 Anatol, der sich die Rolle des Herzenzertreters
375 435 1225 486 andichtet, ist immer nur ein naiv betrogener
380 473 1228 525 harmloser Betrüger; und wenn er im ersten
378 517 1225 565 Stückchen, der „Frage an das Schicksal
370 560 1225 617 zu feige ist, die hypnotisierte Geliebte zu fragen,
372 609 1222 661 ob sie ihm treu sei, weil er die verneinende
378 642 1226 706 Antwort fürchtet, so ist die Don Juan=Komödie,
375 688 1228 748 die er sich nur vorspielt, mit liebenswürdigster
375 739 1226 795 Ironie angeschlagen. Zwar Max meint: „Die
367 782 1226 832 Weiber lügen selbst in der Hypnose“, aber kann
364 826 1225 881 man's wissen? Lieber nichts hören! — Anatol
366 861 1220 926 bleibt im Glück bei den süßen Mädchen der Vor¬
372 907 1223 968 stadt; die Frauen der Gesellschaft zwingt er sich
364 959 1226 1012 nicht. Gabriele, die er am Christabend bei
364 996 1226 1051 letzten Einkäufen begleitet („Weihnachts¬
364 1045 1222 1100 einkäufe") hat nicht den Mut zur Liebe,
361 1089 1219 1137 und sie läßt sich von dem vergebens lockenden
367 1121 1213 1186 Anatol sein Vorstadtglück beschreiben. Er weiß
367 1167 1222 1231 es wohl selbst nicht, ob er die Wahrheit erzählt
357 1214 780 1263 oder nur renommiert.
418 1250 1222 1321 Aber er definiert das „füße Mädl“, das nicht
358 1296 1216 1361 besonders schön ist, nicht elegant, aber die An¬
602 1938 932 2033 der behördl.
538 2011 889 2096 konzessionirtes
633 2072 820 2151 Bureau
1011 2094 1507 2200 GOBLEMEN 1916
522 2113 908 2197 für Leitungenachrichten
642 2180 814 2243 Wien, I.
545 2213 899 2304 Konkordiaplatz 4
971 2272 1567 2356 Nationalen,
657 2377 1427 2546 Kleines Feuilleton.
947 2586 1143 2646 „Anatol".
532 2604 1626 2678 — Der Goldglanz dieser wehmütig schwelgerischen Jugend,
447 2671 1620 2727 die sich und ihre winzigen Erotica in ironischer Distanz — so
459 2706 1626 2769 wichtig nimmt, ist schon sehr verblaß. Aber was ihre Erlebnisse
459 2760 1632 2813 noch heute verklärt, das ist die Zärtlichkeit, mit der Arthur
462 2808 1627 2858 Schnitzler sie in runde Rahmen gefaßt hat. Und wenn eine
672 2845 1629 2898 vollkommenen Anatol hat wie das Lessing¬
459 2888 1624 2952 theater ihn in Herrn Monnard besitzt, dann muß ihr die
462 2932 1629 2990 Aufführung der fünf Einakterchen auch jetzt noch zu einem sehr
468 2978 1627 3038 sympathischen Erfolg verhelfen. Herr Monnard gab dem senti¬
462 3019 1627 3078 mentalen Genießer eine liebenswürdig=schlaffe Wohlgenährtheit,
462 3065 1632 3118 eine elegante Müdigkeit und Weichheit, die den Ernst aller seiner
462 3118 1636 3164 Probleme von vornherein abwehrt und die philosophischen Ge¬
462 3163 1630 3210 bärden seines Gesellschafts=Schmarotzertums vergnüglich belächeln
459 3197 1629 3259 läßt. So trug er auf seinen lässigen Schultern das ganze Behagen
459 3234 1639 3297 dieser süßlichen Welt, und Herr Reicher begnügte sich als
459 3280 1629 3340 Freund Max damit, nicht zu stören. Frl. Somary, Fl.
464 3326 1630 3386 Lossen, Frau Triesch und Frl. Herterich ließen die Ge¬
465 3365 1626 3426 stalten, die Anatol umschwärmt, beschwingten Schrittes vorüber¬
465 3412 1626 3469 huschen. Die dankbarste Rolle hatte Frl. Sussin als Annie im
465 3454 1630 3509 „Abschiedssouper" und trotz einiger Momente kreischender Auf¬
447 3497 1642 3573 dringlichkeit und eckiger Altjungferlichkeit erntete auch sie starken
447 3564 1610 3632 Beifall. Am frischesten wirkte „Anataols Hochzeitsmorgen", weil
438 3616 1607 3678 hier die Anatol=Situation auf die Spitze gestellt und die bürger¬
441 3671 1608 3722 lich vornehme Welt zur Kleinbürgerwelt der süßen Mädel und der
441 3713 1611 3771 Theatersternchen in leiblichsten Kontrast gebracht ist. Das Publi¬
447 3745 1610 3808 kum hat sich im Theater schon lange nicht so gut unterhalten wie
444 3800 669 3867 dieses Mal.
1660 168 2108 268 4.9. Ana¬
2770 163 3127 257 box 8/5
2142 171 2580 285 1 Zyklus
2151 728 2426 825 602.1910
2414 777 3106 911 rankfurter Zeitung
2408 975 2907 1127 Kleines Feuilleton.
2130 1073 3201 1198 einer Renter erit, niemand das daran
2091 1109 3194 1231 Zweifeln, es wäre schlechter gegangen, wenn es besser war.
2091 1159 3187 1269 So, wie es war, wurde es ein fröhlicher Abend, und man
2084 1183 3195 1308 nahm eigentlich einen Erfolg auf, der seit Jahren auf der
2079 1232 3189 1351 Straße gelegen hatte. Sie waren denn auch alle anwesend,
2081 1266 3189 1390 das gesamte Berliner Premierenpublikum, in seiner Elegang
2079 1314 3184 1415 und in seiner Neugier, und sie gingen alle höchlichst befrie¬
2076 1345 3176 1468 digt heim. Nur einer fehlte, und es war gut, daß er nicht
2070 1390 3178 1506 dabei war, zumal er auch keineswegs zu dem Berliner Pre¬
2070 1431 3175 1532 mierenpublikum gehört, zumal ihn die Sache wenig anging.
2073 1464 3172 1580 Dieser eine war Arthur Schnitzler. Man führte nämlich
2069 1497 3172 1608 im Lessingtheater fünf seiner „Anatol-Einakter
2053 1535 2165 1593 auf
2255 1555 3166 1653 Arthur Schnitzler also, der nicht dabei war, blieb
2053 1561 3164 1697 se Verwunderung erspart mitanzusehen, was aus seinem
1993 1672 3078 1778 Anatol geworden war. Ja, was denne biedere, derbe
1992 1729 3088 1792 außerordentlich wirkungsvolle Lustspielfigur. Vom Schlag¬
1981 1763 3091 1837 der Ritter von Kadelburgs und Oskar Blumenthals
1983 1813 3084 1868 Gnaden. Ein wienernder Dümmling mit der Aestheten=Kra¬
1983 1849 3082 1917 watte. Ein reicher Jüngling mit einem Bonbonherzen. Herr
1984 1889 3084 1953 Heinz Monnard (diesen Griechen beginn ich nachgerade
1980 1926 3080 1987 zu fürchten, und zumal wenn er schenkt) hatte die Provinz¬
1977 1963 3085 2026 tüchtigkeit in Anatol entdeckt. Nicht wahr, Anatol ist doch ein
1978 1998 3084 2064 Lebemann? Herr Monnard wird ihn also im ersten Spiel im
1975 2029 3084 2093 vollen Schmuck der braunen Haare geben, wird ihn von Ein¬
1977 2078 3084 2148 akter zu Einakter kahler werden lassen, wird ihn schließlich
1971 2118 3082 2174 im „Hochzeitsmorgen mit einem Kürbisschädel spielen und
1971 2149 3082 2222 dabei triumphierend ins Publikum blicken. Wie, das ist doch
1972 2189 3087 2264 Charakteristik? Wie, das ist doch witzig? Fern, ganz fern
1963 2232 3078 2307 entschwindet der andere Anatol, den wir kannten, mit dem
1966 2262 3071 2327 wir uns ein wenig verwandt fühlten, dessen verzärtelte
1972 2301 3077 2377 Finger weich über ein Mädchenhaupt glitten, die Haarflechten
1966 2338 3080 2417 verwundert betastend, als wäre jede Lora oder Annie ein
1969 2372 3080 2451 Frühlingswunden. „Also spielen wir Theater, spielen unsre
1965 2429 3080 2492 eigenen Stücke, früh gereift und zart und traurig, die Ko¬
1957 2452 3077 2519 modie unserer Seele" hieß es nicht so in dem Widmungsge¬
1963 2491 3075 2573 dicht zu „Anatol“? Und was ist davon geblieben? Das
1960 2534 3078 2604 Frühlingswunder selbst! Das erneute sich auf der Bühne
1962 2571 3077 2647 des Lessingtheaters. Man mag Anatol noch so provinzmäßig
1956 2604 3071 2681 verschustern, er lebt (wie wir alle) in denen, die er liebte,
1956 2650 3078 2723 von den Mädchengestalten, den immer wechselnden, geht ein
1959 2683 3072 2753 Licht aus, dies Licht, das ein junger, wissender Poet in einem
1960 2726 3066 2803 Prisma fing, daß es vunt und bunter leuchtete. Nun steht
1954 2764 3069 2846 die Frau mit den klugen Augen — ein Glücksverlangen ist
1947 2808 2861 2864 darin, dem die Klugheit die Gewährung versagte
2895 2822 3074 2873 — neben
1953 2839 3069 2918 Anatol: Frl. Lossen. („Weihnachtseinkäufe.) Nun ist
1946 2871 3069 2952 der Tisch zum „Abschiedssouper, gedeckt, und die kleine
1950 2919 3066 2995 Ballettratte schlüpft ins Zimmer hinein, und Frl. Sussin
1941 2971 3059 3026 entdeckt sich uns als ein ganz ursprüngliches Temperament,
1940 3005 3056 3065 und die Frechheit steht ihr prachtvoll zu Gesicht. Frl.
1943 3029 3056 3102 Herterich macht in „Episode" recht glücklich Figur, wie
1948 3074 3057 3143 Frl. Nomary dem Stuhl, auf dem sie („Frage an das
1944 3109 3059 3176 Schicksal") hypnotisiert einschläft, nicht zur Unehre gereicht.
1940 3146 3059 3212 Und schließlich kömmt Irene Triesch in Anatols beits¬
1944 3185 3062 3253 morgen, und da vollzieht sich das letzte Wunder — Natur.
1944 3225 3059 3304 Das ist nicht mehr Laune und Temperament und Frechheit
1937 3265 3053 3335 nebeneinander, es ist das alles in eins verschmolzen, es ist Na¬
1938 3305 3057 3377 tur. Man kann auch sagen, es ist „Gnade", und der alte Fon¬
1938 3338 3047 3409 tane hätte sich so ausgedrückt. Wie sich neben dieser großen
1938 3381 3053 3460 Künstlerin Herr Monnard mit seinem witzigen Kürbisschädel
1937 3424 3050 3484 ausnahm, ist unaussprechbar. Es gibt allenfalls ein Bild da¬
1943 3456 3056 3533 für. Man ist eines Wintermorgens, von dem Lärm verärgert,
1928 3499 3053 3570 ans Fenster getreten und blickt in den Hof hinaus. Unten
1943 3533 3047 3603 steht ein Dreborgelmann mit einem Mädchen, das singt. Und
1934 3573 3050 3664 der Invalide leiert und Feiert, und die Stimme des Kindes
1928 3613 2625 3701 klingt ganz rein, ganz jugendhell ...
2868 3635 2995 3686 E. I.
