3436 4256
1390 183 1756 271 box 9/3
977 192 1204 287 klu-
280 199 799 290 4.9. Anatol
579 598 2439 790 BRAINS IN THE MOVIES
593 843 1936 901 tion pictures rapidly attracting the foremost literary minds of the day,
586 892 1941 943 but our directors are turning their attention more and more to the enduring
605 931 1946 994 works of the masters. In time nearly all the world classes will have been re-
616 975 1065 1031 mortalized on the screen.
1415 2173 1876 2235 ARTHUR SCHNITZLER
2191 2224 2775 2270 ROBERT LOUIS STEVENSON
1313 2221 1990 2272 The greatest of modern Viennes
1313 2258 1978 2309 dramatists and short-story writers
2133 2254 2803 2307 The best beloved of modern stor
1309 2302 1990 2342 whose Affairs of Anatole was re¬
2140 2323 2847 2379 spired Maurice Tourneur, and whose
1313 2332 1983 2386 cently produced in pictures, with Wal¬
2145 2370 2837 2409 Dr. Jekyll and Mr. Hyde was inter¬
1350 2365 1939 2427 lace Raid playing the titular role.
2136 2397 2844 2453 preted for the screen by John Barrymore.
764 2432 1059 2502 MARK TAIN
695 2469 1242 2548 e immortal satire, A Connecti¬
704 2522 1225 2578 nkee in Kind Arthurs Court.
727 2564 1246 2608 to be one of the most popular
737 2599 1160 2664 recent screen comedis.
2376 3711 2782 3764 RUDYARD KIPLING
2270 3741 2902 3808 The recent seren version of whose
2272 3796 2895 3854 famous love story of India. With¬
713 3775 1163 3850 JACINTO BENEVENTE
2272 3824 2900 3891 out Benefit of Clergy, marked his
1538 3831 1964 3887 ALEXANDRE DUMAS
639 3813 1235 3889 The eminent Spanish playwright.
2353 3868 2807 3931 debut in motion pictures.
1364 3852 2140 3910 The Father of the French Romanticists, whose
639 3873 1230 3933 whose psychological dramatic
1362 3910 2131 3947 deathless classic. The Three Musketers,
639 3910 1242 3963 study. The Passion Flower, was
1369 3942 2154 3998 has just been filmed, with Douglas Fairbanks
639 3942 1237 3989 made into an elaborate motion
1450 3977 2061 4028 as the washbuckling D'Artagnan.
644 3982 1244 4026 picture-play by Norma Talmadge.
