3436 4256
1367 204 1729 300 box 9/3
248 216 786 306 4.9. Anatol
724 208 1207 343 Zyklus
1226 551 2011 673 Widerhall
2808 551 3029 670 Nr. 84
658 569 1089 673 Seite 8.
1867 654 3022 728 Lebens. In „Anatol“ stellt uns der Autor einen Men¬
633 676 1810 734 fall? Doch das große deutsche Publikum der Literatur,
1877 716 3022 767 schen vor, der in seinen Schwächen viel Verwandtscha
630 724 1810 777 das heute eben etwas anderes verlangt als Schargesänge
1868 762 3029 809 mit jedem von uns hat, und der gerade durch das, was
636 771 1816 819 und hohles Gewäsch, weil es reifer wurde und erkennt:
1871 800 3029 849 ihn auszeichnet, sein tiefes Verwachsensein mit seinen
636 811 1813 859 hier ist ein Meister, der uns wieder einen Schritt weiter
1868 841 3026 889 Heimatboden, seiner Heimatstadt, mit Wien, dokumentier
633 856 1816 908 hineinführt in das unbekannte Land der Seele. Denn das
1914 884 3027 929 „Die Frage an das Schicksal, die Anatol nicht zu stel
639 904 1813 956 ist ja doch der Sinn der Dichtung und so wurde er von den
1868 919 3022 966 len wagt, da ihm letzten Endes seine Illusionen mit a
633 948 1813 1011 wahrhaft Großen verstanden, Schleier um Schleier zu
1868 962 3029 1005 ihren Zweifeln lieber sind als die hüllenlose Wahrhei¬
633 988 1821 1043 lüften, nicht aber, das Unbekannte noch mit neuen bun¬
1871 1003 3029 1048 die er fürchtet, ist nicht nur für Anatol von Bedeutung
636 1034 1816 1091 ten Mänteln zu umhängen! Wir müssen das auch
1868 1042 3038 1082 Aber die Art und Weise, wie Anatol zu seinem Ent¬
1871 1079 3026 1131 schlusse kommt — oder besser gesagt nicht kommt, ist ty
642 1075 1815 1135 lernen! Aber damit, daß wir auf Schnitzler schimpfen
1865 1122 3035 1165 pisch für jenen liebenswürdigen, weichen, etwas ver¬
639 1124 1816 1177 und eigene Impotenzen beräuchern, damit, meine Lieben,
1867 1159 3033 1210 träumten, unentschlossenen Wiener, der vielleicht überall
636 1165 1813 1228 werden wir nicht weiterkommen!! Auch damit nicht, daß
1868 1201 3033 1247 anderswo — in den „Kammerspielen ganz gewiß — star¬
636 1214 1816 1265 unsere Hochschuljugend Mensur und Bierkomment be¬
1871 1241 3044 1287 Gefahr liefe, zu einer Karrikatur zu werden, nur eben
633 1254 1816 1311 treibt und die Kenntnis deutscher Dichtung und deutschen
1868 1278 2194 1335 in Wien nicht!
642 1305 1807 1355 Geisteslebens den verachteten, ausgeschlossenen Juden
1914 1292 3050 1363 Die Darstellung hat den Anforderungen, die Schnitz¬
639 1348 1816 1403 überläßt, wie es zurzeit noch fast allgemein geschieht.
1874 1358 3047 1405 ler im Allgemeinen und Anatol im Besonderen will, nur
639 1393 1812 1443 Arbeiten müssen wir, tüchtig sein, dann werden wir, wenn
1868 1397 3048 1445 wenig Rechnung getragen. Die Wirkung der kleinen
1880 1440 3050 1492 Stücke ist dadurch auch völlig verloren gegangen, oder
645 1439 1810 1491 schon von Kampf noch solange die Rede sein muß, bis
1877 1477 3050 1523 zumindest in ein anderes Gebiet gedrängt worden
636 1477 1819 1526 wir endlich soweit sind, nicht mehr zwischen Rasse und
1868 1517 3048 1571 Duniecki betonte zu sehr die Schwächen in Anatols
642 1528 1816 1578 Konfession, sondern zwischen anständigen Menschen und
1877 1559 3047 1604 Gestalt, ohne ihr alle Vorzüge zu leihen; die gewinnen¬
642 1572 1815 1645 Pöbel zu unterscheiden, zurückerobern, was uns verloren
1877 1598 3050 1644 den und erwärmenden Züge fehlen und Komik tritt offen
636 1613 751 1672 ging.
1868 1638 3044 1687 hervor. Ritter (den übrigens der im Saale verteilte
681 1632 1739 1715 Ich bin kein Jude. Auch kein Judenfreund
1871 1678 3045 1723 Theaterzettel in wenig liebenswürdiger Weise als Rudolf
632 1697 1815 1758 noch Judenfeind. Ich suche nur in jedem Menschen nach
1877 1715 3057 1761 Ferstel anführte) spielte den Max mit jenem sicheren Ge¬
642 1748 1815 1804 Wert oder Unwert. Was aber das Uebrige anbelangt,
1885 1755 3053 1807 fühl für das Wesen der Rolle, das ihn auch sonst aus¬
639 1791 1816 1843 Herr Kritiker, habe ich die Pflicht zu sagen: Gewiß ist der
1877 1795 3053 1849 zeichnet. Er war vielleicht der einzige Darstellende, der
1880 1834 3050 1883 seine Aufgabe restlos erfüllte. „Das Abschiedssouper" war
636 1837 1816 1895 Anatol kein Vorbild und Muster bürgerlicher Moral.
1874 1871 3051 1925 der glücklichste Teil des Abends. Duniecki fand sich hier
642 1883 1815 1928 Mir ist aber auch nicht erinnerlich, daß der Autor je be¬
1868 1914 3053 1975 am besten in seine Rolle, man konnte fast vergessen, daß
639 1923 1816 1981 tont hätte, er hielte ihn dafür. Hier wird nur Leben ge¬
1874 1953 3056 2008 er eben doch kein Anatol ist! Angela Agel schien, so
645 1968 1822 2020 zeichnet. Ich höre sagen: so lebt man eben nicht, das ist
1877 1990 3047 2041 gute Augenblicke sie auch hatte, der irrigen Meinung zu
633 2014 1821 2067 unmoralisch. Ich gebe zu: es ist unmoralisch, besonders
1885 2036 3044 2078 sein, „Anatol“ wäre eine Posse! Es ist jedenfalls schade,
639 2057 1821 2110 im „Hochzeitsmorgen“. Aber, meine Herren, wer von
1874 2075 3035 2121 daß die feine Pointe am Schluß in einer „Handvoll
642 2102 1815 2152 uns hat nie unmoralisch gelebt? Ich glaube, wir alle
1874 2109 3050 2161 Vanillecreme unterging. — (Dem Publikum machte die
642 2148 1815 2197 würden die Befragung in der Hypnose scheuen! Woher
1874 2152 3047 2201 Creme übrigens sicherlich mehr Vergnügen, als alles
642 2192 1816 2244 aber nehmen wir dann den Mut, mit großer Geste etwas
1874 2191 3054 2243 andere...) „Anatols Hochzeitsmorgen. Der Vorhang
1877 2237 3053 2281 teilte sich — und schon befiel uns ein leiser Katzenjammer!
639 2237 1816 2292 zu verdammen, das auch wir einmal getan? Hier ist die
1874 2275 3059 2322 Daran ist aber nicht der Titel des Aktes schuld, sondern
648 2281 1816 2327 Sünde auf Seite der Moralisten: die schwerste, unver¬
1877 2313 3053 2359 die szenische Aufmachung. Anatol, Max und Lo
642 2322 1819 2379 zeihlichste Sünde: der erkannten Wahrheit widerstreben.
1880 2350 3053 2403 Bertram als Ilona liehen der flotten Szene so viel
647 2371 1821 2420 Denn Sie und ich und wir alle wissen, daß das Leben
1868 2390 3056 2440 Lebendigkeit und Humor, als es die allzu krasse Bühnen¬
644 2415 1813 2460 solche Dinge bringt und daß der keusch in die Ehe tretende
1871 2430 3053 2485 wirklichkeit zuließ! Das Publikum hat an diesem Abend
642 2451 1822 2504 Mann die seltene Ausnahme ist. Sind wir also alle
1874 2470 3062 2518 viel gelacht und in die Hände geklatscht, meist natürlich
639 2497 1819 2552 dekadent? Oder ist es nur der, der den Mut hat, die Wahr¬
1868 2513 3059 2564 am unrechten Ort. Doch das ist kein Vorwurf, der den
642 2544 1822 2598 heit auch zu sagen? Warum, mein Herr, ist Ihnen
1880 2547 2986 2595 Dichter trifft, vielleicht nicht einmal die Darsteller
2876 2588 3007 2648 N. B.
639 2582 1827 2638 dann nicht auch Goethe ein Dekadent? Hat er doch in
1877 2596 2478 2666 sicher aber das Publikum...
654 2632 1822 2686 seiner Weise unzählige Male das Gleiche behandelt und
648 2681 1821 2736 sind doch seine besten Werke unmittelbar oder mittelbar
2822 2659 3054 2738 Bruder
1914 2660 2778 2738 „Los von Wien!" Ueber Kranewitters
648 2723 1360 2773 seiner großen Erotik entsprungen?
1877 2720 2125 2782 Ubaldus
2167 2721 3042 2775 — der nach der Uraufführung im Winter
1868 2767 3059 2815 durch die Exlbühne von der heimischen Kritik über
690 2757 1824 2819 Nein, das dürfen keine Richtlinien sein! Sie führen
1868 2806 3053 2843 die Maßen als „ein mächtiges Dichtwerk Tiroler Heimat¬
639 2800 1822 2857 uns zur Verlogenheit. Zu der verwerflichsten Verlogen¬
1868 2843 3063 2886 kunst" gepriesen wurde — ist man anderswo, wo die Kri¬
648 2854 1822 2910 heit, die es gibt, zu jener, die heute vom biederen Tiroler
1871 2882 3053 2934 tiker sicherlich nicht weniger sachverständig oder düm¬
642 2898 1819 2952 Bauern spricht, der seit mehr als 2 Jahren aus Habgier
1877 2928 3059 2972 mer sind, aber schon sehr anderer Meinung. Wir wollen
648 2940 1816 2990 Tiroler Städtekinder verhungern läßt, weil der ver¬
1874 2965 3062 3010 hier eine der bisher uns zugekommenen Kritiken ab¬
645 2989 1818 3033 lästerte, dekadente Wiener Inde ihm ein paar Kronen
1874 3001 3054 3054 drucken — es ist die der „Zeit — die anläßlich der diese
639 3033 1827 3088 mehr für Milch und Butter zahlt, und die den Juden
1877 3042 3059 3096 Woche stattgefundenen Erstaufführung des Stückes in
645 3072 1819 3123 Rathenau verachtet, der beim Zusammenbruch sein ge¬
1885 3082 3057 3129 Wien erschien, und vielleicht ist es in Zukunft doch zu ver¬
642 3118 1822 3176 samtes Vermögen von vielen Millionen dem Vaterland
1877 3123 3053 3169 hüten, daß wir Werke als repräsentierend vor eine nicht
1874 3161 3056 3222 durch Lokalpatriotismus und Künstlerkammer=Diktatur
639 3160 1177 3231 zur Verfügung stellte....
1877 3203 2983 3264 beeinflußte Kritik hinausschicken, die es nicht sind...
693 3181 1822 3258 Wir sind in einer wirren Zeit, die Geister aufge¬
1923 3228 3053 3292 Die „Zeit" schreibt: „in Rahmen des Gastspiels der
642 3250 1819 3308 regter denn je und schier unüberbrückbar stehen die Mei¬
1874 3265 3062 3328 Ex=Bühne zum erstenmal „Bruder Ubaldus, eine Tra¬
642 3295 1822 3346 nungen einander gegenüber. Nur eines tut not: Beseelt
1874 3325 3056 3375 gödie von Franz Kranewitter. Ubaldus ist, wie schon
654 3337 1822 3396 sein vom heißen Drang nach Gerechtigkeit und das
1877 3362 3062 3412 aus den dunklen Vokalen seines Namens hervorgeht, ein
645 3381 1819 3439 für Recht Erkannte ohne Scheu zu sagen. Dann werden
1877 3402 3057 3450 finsterer Eiferer, der sich an Hexenprozessen gemütlich tut.
647 3432 1821 3488 wir alle das Einigende aus dem vielen Trennenden fin¬
1874 3444 3059 3496 Sein Gegenstück ist Bruder Faustinus, milde und weich
642 3470 1176 3549 den: unser Menschsein...
1277 3473 1789 3540 Dr. Siegfried Ostheimer.
1877 3479 3053 3527 wie Butter. Eine blonde, schmackhafte Hexe, den Ver¬
1877 3522 3062 3574 brennungsgelüsten des Übaldus mit Mühe entronnen,
1877 3563 3053 3616 will es ihm heimzahlen, ganz gehörig. Und so, da gerade
813 3560 1662 3641 Innsbrucker Kammerspiele.
1877 3600 3048 3643 eine Papstwahl im Gange ist, erzählt sie dem Abaldo, die
687 3621 1831 3693 Anatol. Schnitzlers Psychologie gleitet scheinbar an
1883 3638 3045 3689 Parteien hätten zwischen ihm und Faustinus geschwankt
1877 3675 3053 3728 um endlich diesen zum Papst zu erkuren. Folglich geht
642 3678 1822 3729 der Oberfläche, aber nur scheinbar. In Wahrheit leuch¬
642 3719 1824 3772 tet sie tief in unsere Seele und holt gerade das hervor,
1877 3717 3057 3772 Ubaldus prompt auf den Leim, bringt den Faustinus um,
641 3760 1831 3811 was wir am liebsten und hartnäckigsten verbergen, was
1877 3760 3062 3806 wird dann von der Hexe umgebracht, worauf sich diese,
1877 3797 3057 3854 da kein passender Partner zur Stelle ist, selbst umbringt.
645 3803 1833 3852 wir — ist es einmal entdeckt — nur allzu gerne mit einem
648 3840 1590 3892 spöttisch überlegenen Lächeln abtun möchten!
1877 3839 3053 3891 Das Stück zählt nur vier Personen, drei davon erliegen,
699 3878 1828 3930 Schnitzler weiß, daß der tragischeste Konflikt, das
1877 3879 3057 3925 ehe es zu Ende geht, den inhumanen Absichten des Dich¬
1885 3916 3056 3967 ters. Der vierte Mann im Spiel bleibt nur deshalb am
639 3906 1827 3974 kühnste Problem und seine geschickteste Lösung uns weni¬
1874 3953 3059 4002 Leben, um das Schlußwort zu sprechen. Die Verlustliste
645 3959 1822 4008 ger von des Menschen Eigenart erzählen, als die ge¬
645 4001 1837 4043 wöhnlichen, unscheinbaren, unbeachteten und gerade des¬
1888 3998 3060 4049 ist, wie man sieht, betrübend genug. Auch sonst gibt es
642 4041 1831 4120 halb so verräterischen Begebenheiten des täglichen
1874 4037 3062 4099 in dieser Dichtung, in der die seichteste Prosa auf Ver¬
