3436 4256
1349 211 1718 308 box 8/4
243 237 1197 336 4.9. Anatol - Zyklus
552 1081 1592 1179 Bitte Rückseite beachten!
1163 1178 1573 1270 Telephon 12.491.
1358 1274 1470 1371 4
797 1336 1132 1433 SER
533 1412 1598 1505 I. österr. behördl. konz. Unternehmen für
833 1481 1291 1559 Zeitungsausschnitte
539 1522 1583 1619 Wien, I., Konkordiaplatz 4.
941 1600 1189 1656 Vertretungen
533 1623 1576 1702 in Berlin, Basel, Budapest, Chicago, Cleveland, Christiania
536 1664 1582 1742 Genf, Kopenhagen, Lotton, Madrid, Mailand, Minneapolis,
531 1702 1659 1815 New-York, Paris, Rom, San Francisco, Stockbe Mutter¬
921 1754 1199 1827 burg, Toronto.
770 1772 1389 1877 (Quellenangabe ohne Ge¬
531 1844 888 1930 Ausschnitt aus:
800 1948 1061 2036 1.
524 1959 654 2053 vom
620 2090 1518 2191 Der König von Bulgarien und die
958 2181 1206 2254 Eiscrème.
692 2227 1545 2307 Bei der letzten Aufführung von Schnitzler
582 2250 1554 2340 Anatol-Zyklus var es, im Deutschen
577 2313 1555 2391 Volkstheater. In Vertretung von Pepi
585 2362 1549 2433 Glöckner, die derzeit in der Bier trin den Haupt¬
580 2403 1559 2476 stadt des Bajuvarenlandes mimt, hatte Paula
582 2447 1542 2518 Menart die Rolle der Annie im „Abschiedssouper
579 2486 1548 2557 übernommen. Die Handlung des Einakters wieder¬
575 2535 1548 2605 zugeben, kann ich mir wohl ersparen. Wer hat nicht
576 2586 1548 2636 über die witzige Geschichte und über die Enthüllungen
577 2626 1545 2687 gelacht, die zwischen der Ballerin und ihrem abfallreifen
575 2662 1548 2728 Verehrer ausgetauscht werden. Wütend stürzt die kleine,
566 2706 1548 2764 raffinierte Gauklerin ab, die ihren Meister gefunden
573 2751 1552 2822 hat. In dem Moment, da sie verschwinden soll, bringt
573 2786 1554 2860 der Kellner eine Schüssel mit Crème in das Zimmer.
543 2864 1518 2969 Fräulein Menart hatte sich war gespielt, außerdem
539 2941 1521 3009 wirkte die mit dem Debüt verbundene, begreifliche
539 2984 1510 3049 Nervosität mit . . . Sie markierte den Abgang von der
538 3029 1517 3089 Bühne zu lebhaft und fuhr mit beiden Händen in die Eis¬
536 3072 1510 3141 crème hinein... Rechts und links zerstob das appetitliche,
546 3108 1511 3187 fatalerweise diesmal zu weich hergestellte Zeug und
531 3141 1504 3223 nicht bloß die in der ersten Orchesterreihe sitzenden
531 3194 1501 3269 Damen und Herren bekamen einen Teil davon...
533 3236 1508 3313 Auch der König von Bulgarien, der die Proszenium¬
526 3282 1501 3360 loge im Partere okkuperte, wäre beinahe mit einigen
529 3326 1501 3398 Spritzern bedacht worden. Man lachte herzlich zu der
525 3358 1501 3432 Bescherung und am lautesten lachte der König von
525 3404 731 3466 Bulgarien.
1368 3428 1481 3500 sch.
2222 298 2494 390 Wenden!
2723 289 3066 410 Telephon 2.
2291 386 2811 529 OBSERV
2276 516 3013 569 I. österr. behördl. konz. Unternehmen
2212 563 3074 623 für Zeitungs-Ausschnitte und Bibliographien
2260 606 3045 707 Wien, I. Concordiaplatz 4
2481 680 2813 746 Vertretungen
2206 728 3072 796 in Berlin, Budapest, Chicago, Christiania, Genf
2215 780 3072 838 Kopenhagen, London, Madrid, Mailand, Minne¬
2212 829 3077 895 apolis, New-York, Paris, Rom, San Francisco.
2406 858 2880 925 Stockholm, St. Petersburg.
2425 901 2864 987 (Quellenangabe ohne Gewähr.)
2209 972 2576 1050 Ausschnitt aus:
2931 1026 3045 1131 in
2252 1027 2826 1138 Neue Freie Presse
2222 1109 2338 1158 vom
2073 1214 3093 1331 Generalversammlung des Teutschen Volk
2398 1297 2795 1375 theater=Vereines.
2794 1327 3113 1407 Wien, 7. April.
2111 1363 3157 1447 Heute nachmittags hat im neuen Foyer des Deutschen
2025 1439 3147 1491 Volkstheaters die 25. Generalversammlung des Vereines des
2027 1477 3154 1532 Deutschen Volkstheaters stattgefunden. Präsident Oberbaurat
2030 1521 3147 1578 Fellner eröffnete die Sitzung und teilte mit, daß 29 Mit¬
2025 1563 3151 1617 glieder mit 375 Summen vertreten seien und die Versammlung
2025 1607 3154 1661 daher beschlußfähig sei. Er widmete den verstorbenen Mit¬
2030 1646 3151 1701 gliedern Vizepräsidenten Oberbaurat Kaiser und Re¬
2023 1697 3150 1742 gierungsrat Wock einen waren Nachruf und erstattete
2025 1735 3154 1789 über das abgelaufene Jahr einen Bericht, der namentlich die
2030 1771 3157 1830 Erfolge von „Glaube und Heimat“, des „Anatol=Zyklus und
2025 1815 3147 1873 des „Gardeoffizier hervorhob. Sehr freundliche Beachtung,
2033 1859 3154 1908 heißt es in dem Bericht weiter, fanden Stobodas „Der kleine
2027 1901 3141 1947 Herrgott und Hans Müllers „Das Wunder des Beatus
2027 1938 3147 1992 während die in dieser Saison recht zahlreichen Premieren
2025 1982 3147 2047 franzosischer Stücke nach dem etwas nachhaltigeren Erfolge des
2022 2032 3144 2083 „Kleinen Schokoladenmädchens" trotz liebevoller Inszenierung
2022 2071 3151 2117 und vorzüglicher Darstellung auf eine gewisse Ermidung im
2025 2110 3147 2156 Publikum stießen, das nun hinter den bestechenden Quali¬
2022 2155 3148 2202 täten der Mache den mäßigen inneren Wert dieser Art drama¬
2026 2200 2697 2267 tischer Literatur zu erkennen beginnt.
2103 2226 3151 2293 Oberbaurat Fellner teilte noch zum Schlusse mit, daß
2027 2267 3147 2327 anstatt der bisherigen jährlichen Dotierung von 4000 K. für
2027 2320 3144 2372 den Pensionsfonds des Deutschen Volkstheaters der Ausschuß
2022 2365 3144 2413 beschlossen habe, diesem Zwecke einen Fonds von 100.000 K.
2030 2403 3154 2460 zuzuweisen. Aus dem Rechnungsberichte, den kaiserlicher Rat
2025 2449 3147 2496 Boschan zur Kenntnis bringt, geht hervor, daß der Ge¬
2012 2494 2914 2540 winn in diesem Jahre 42.629 K. betragen habe.
2103 2520 3147 2576 Professor Dr. Reich erklärt, diesmal von dem künst¬
2022 2569 3148 2625 lerischen Ergebnis des Theaterbetriebes befriedigt zu sein, und
2019 2618 3147 2670 wünscht eine weitere Ausgestaltung der klassischen V. ags¬
2022 2660 3151 2708 aufführungen. Er führt ferner aus: Die beiden stärksten
2025 2701 3147 2751 Kassenerfolge rühren von Werken zweier deutschösterreichischer
2030 2745 3151 2799 Autoren her: von Schnitzler und Schönherr, so daß
2019 2786 3157 2840 diese Schöpfungen nicht nur vor der Kritik sondern auch vor
2025 2829 3154 2889 dem Publikum bestehen konnten. Zu Ostern werde von
2030 2869 3147 2921 „Glaube und Heimat“ die 36. Aufführung stattfinden; dies
2033 2913 3160 2961 sei ein sehr erfreuliches Ereignis. Zum Schlusse beantragt der
2022 2955 3157 3016 Redner, der Verein möge 10.000 K. zum Ankauf Schönherr¬
2030 3001 3155 3066 scher Werke für österreichische Volksbibliotheken bewilligen.
1998 3030 2649 3106 Dieser Antrag wird angenommen.
2125 3121 3171 3201 Direktor Weisse betont, es sei heuer zum erstenmal,
2049 3174 3178 3236 daß ihm in der Generalversammlung keine Strafpredigt ge¬
2057 3221 3171 3280 halten werde. Er dankt für die ihm gewidmeten anerkennen¬
2054 3260 3175 3313 den Worte und verspricht das Deutsche Volkstheater auch
2060 3300 3172 3353 ferner als Mittelpunkt des künstlerischen Lebens Wiens er¬
2046 3354 3177 3392 halten zu wollen; er bleibe bestrebt den Werken deutschöster¬
2042 3384 3175 3435 reichischer Autoren seine Aufmerksamkeit zuzuwenden. Es seien
2054 3425 3175 3477 an 306 Spielabenden 188 deutsche Werke, 157 Werke vater¬
2049 3467 3171 3534 ländischer Autoren und 31 Stücke reichsdeutscher Autoren auf¬
2049 3510 2340 3571 geführt worden.
2128 3524 3165 3599 Die sodann vorgenommenen Wahlen hatten folgendes
2049 3591 3165 3641 Ergebnis: In den Ausschuß wurden entsendet: Dr. Adol
2046 3633 3179 3682 Daum, Herrenhausmitglied Sektionschef Exner, Kommer¬
2049 3682 3177 3733 zialrat Moritz Pflaum, Kommerzialrat Schostal, kaiser¬
2052 3717 3175 3768 licher Rat Beschhorner, Kommerzialrat Alfred Schmidt;
2046 3755 3172 3809 in den Revisionsausschuß Generalkonsul v. Wiesenburg,
2050 3797 3175 3859 Karl Hartl, Franz Georg Bujatti; als Ersatzmänner
2042 3841 2960 3907 Norbert Schmitt, Kommerzialrat v. Harpe.
