3436 4352
235 188 1157 283 4.9. Anatol - Zyklus
379 677 1223 792 OBSERVER
485 776 1119 827 I. österr. behördl. konzessioniertes
435 817 1169 893 Unternehmen für Zeitungs-Ausschnitte
483 863 1128 932 WIEN, I., WOLLEILE 11
582 924 1027 983 TELEPHON R-23-0-43
383 1052 740 1134 Ausschnitt aus:
390 1291 511 1371 vom
328 1372 831 1465 Extrait de
1173 1394 1259 1471 22
325 1450 839 1533 Adresse
1125 1449 1330 1527 Janvier
1176 1519 1316 1590 1932
571 1515 802 1601 PARIS 8.
329 1574 452 1654 Date:
344 1655 462 1710 Signé :
539 1705 1038 1803 Avant « Anatole »
459 1790 1074 1884 au Théâtre de l'Avenue
435 1870 1126 1956 Arthur Schnitzler, mort à Vienne
398 1938 1120 2004 l'automne dernier, à l'âge de 60 ans, à
390 1982 1123 2032 été le plus célèbre des écrivains vien¬
398 2022 1122 2064 nois de la fin du 19e siècle. Dans son
398 2062 1119 2103 œuvre, il nous a conservé la Vienne
402 2099 1120 2150 d'avant-guerre, avec tous ses charmes,
405 2137 1122 2184 toutes ses grâces que l'on retrouve dans
389 2177 1126 2231 la forme même de ses pièces de théâ¬
405 2215 1122 2262 tre et, en particulier, dans Anatole,
407 2255 1126 2306 que le Théâtre de l'Avenue va donner
405 2290 1122 2358 en répétition générale ce soir ven¬
405 2326 719 2393 dredi 22 janvier.
437 2348 1128 2414 Anatole est l'œuvre qui a valu à son
402 2407 1135 2449 auteur son premier grand succès à
414 2448 1128 2491 Vienne, et lui a acquis depuis une cé¬
402 2483 1131 2538 lébrité mondiale. C'est une suite de
402 2524 1131 2575 petites scènes, traitées avec une rare
398 2564 1131 2611 délicatesse et une douce ironie, dans
396 2603 1135 2652 lesquelles on voit un homme courir
405 2639 1133 2694 vainement après l'amour, un amour to¬
407 2675 1137 2736 tal qui apaiset enfin sa soif de bonheur.
446 2716 1128 2780 Mais Anale est un amoureux in¬
407 2743 1131 2810 quiet, jamais satisfait et ses compa¬
398 2788 1134 2837 gnes d'une heure ne lui procureront
388 2833 1138 2881 que des joies éphémères et non la joie,
396 2871 1141 2925 et la paix intérieure qu'il cherche en
405 2909 520 2964 vain.
444 2914 1137 3001 Anatole sera joué par M. Louis Ray¬
402 2989 1137 3045 mond, M. Alfred Penay interpréter le
410 3024 1144 3073 rôle de Max, le confident et l'ami
414 3066 1143 3107 d'Anatole, cependant que Mmes Yvette
420 3099 1142 3149 Andrévor, Irène Hupka, Dagmar Gé¬
417 3135 1141 3190 rard et Vera Scherbane seront, chacune
414 3177 1134 3218 ave sa personnalité et son talent par¬
420 3214 1137 3267 ticuliers, les compagnes tantôt profon¬
415 3257 1138 3300 dément amoureuses, tantôt fidèles, tan¬
420 3298 1143 3343 tôt passionnées, tantôt tout simplement
414 3333 1134 3381 bonnes joueuses, mais toujours inté¬
411 3375 1144 3433 ressantes et toujours pleines de charme,
414 3410 620 3467 d'Anatole.
461 3433 1137 3493 Mlle Georgette Boner et M. Miche
398 3463 1146 3529 Tchekhoff ont mis ces tableaux en
392 3527 1149 3577 scène avec un art et une précision qui
420 3564 1148 3627 enchanteront les spectateurs parisiens.
1348 181 1711 271 box 9/4
1419 963 2075 1058 OBSERVE
1522 1049 2161 1104 I. österr. behördl. konzessioniertes
1477 1097 2212 1158 Unternehmen für Zeitungs-Ausschnitte
1527 1148 2155 1213 WIEN, I., WOLLEILE 11
1626 1201 2074 1267 TELEPHON R-23-0-43
1432 1329 1776 1410 Ausschnitt aus:
1441 1563 1555 1639 vom
1507 1716 1777 1782 Ne DE DEBIT.
1566 1771 2227 1870 L'AMI DU PEUPLE
1418 1830 1510 1898 de
1545 1861 2245 1954 142, RUE MONTMARTRE X
1410 1929 1502 2000 e
1664 1984 2144 2071 22 JANVIER 1932
1405 2121 1501 2199 ure :
1405 2230 1530 2296 ition:
1423 2288 2041 2356 LE TERME
1456 2370 2026 2452 Anatole » à l'Avenue
1441 2440 2134 2499 Arthur Schnitzler, mort à Vienne l'au¬
1418 2464 2130 2518 tomne dernier à l'âge de 69 ans, a été
1418 2512 2135 2561 un des plus célèbres écrivains viennois
1416 2543 2129 2598 de la fin du XIXe siècle. Dans son œuvre
1423 2577 2129 2624 nous a conservé la Vienne d'avan¬
1419 2615 2132 2660 guerre, avec tous ses charmes, toutes ses
1418 2652 2130 2701 grâces que l'on retrouve dans la forme
1419 2684 2131 2733 même de ses pièces de théâtre et, en par¬
1418 2715 2130 2770 ticulier dans Anatole, que le Théâtre de
1413 2741 2122 2818 l'Avenue va donner ce soir en répéti¬
1410 2778 1656 2829 tion générale.
1440 2798 2129 2862 Anatole sera joué par M. Louis Hay-
1408 2845 2119 2897 mond, M. Alfred Penay; Mmes Yvette
1408 2880 2132 2935 Andreyer, Irène Hupa. Dagmar Gérard
1414 2925 2122 2966 et Vera Scherbae, Mise en scène de M.
1413 2949 2119 3031 Michel Tchekhoff et de Mlle Georgette
1408 2984 1528 3034 Bon
1413 3004 2121 3097 Les Marionettes du Luxembourg
1434 3072 2117 3144 A la suite d'un concours entre les meil¬
1408 3125 2126 3181 leurs, MM. les sénateurs de la Questure
1403 3165 2110 3218 viennent de désigner Robert Desarthis
1407 3188 2116 3245 l'animateur de « Guignolia » au Parc
1410 3228 2116 3277 Montsouris, pour construire et diriger
1403 3261 2122 3327 le nouveau théâtre de Marionnettes du
1401 3294 1642 3338 Luxembourg.
1422 3323 2115 3391 Dès les premiers beaux jours, un im¬
1398 3361 1978 3441 portant programme sera réalisé.
2376 769 3205 909 OBSERVER
2475 889 3106 946 I. österr. behördl. konzessioniertes
2429 940 3163 996 Unternehmen für Zeitungs-Ausschnitte
2480 979 3113 1061 WIEN, I., WOLLEILE 11
2575 1047 3023 1103 TELEPHON R-23-0-43
2378 1165 2726 1261 Ausschnitt aus:
2489 1293 2764 1375 .
2638 1364 3113 1453 LE POPULAIRE
2370 1410 2508 1472 de
2604 1432 3156 1508 9. Rue Victor Masse,
2643 1551 3156 1649 22 JANVIER 1932
2402 1699 2492 1772 re:
2393 1807 2531 1883 gion
2498 1896 3035 1990 AVANT-PREMIERE
2498 1970 3059 2140 ANATOLE
2456 2115 3075 2261 de Schnitzler
2444 2267 3140 2354 C'est ce soir que le Théâtre de l'ave¬
2417 2341 3141 2402 nue donne la répétition d'Anatole, la
2411 2386 3141 2451 pièce de Schnitzler, le célèbre écrivain
2411 2427 2615 2480 autrichien.
2432 2427 3141 2512 Anatole, c'est l'amoureux inquiet,
2417 2496 3140 2554 inassouvi. Il nous rappelle ces mots du
2417 2533 3140 2604 mendiant philosophe de l'Opéra de
2426 2584 2644 2646 Quat Sous:
2459 2601 2978 2675 Oui, cours après le bonheur,
2459 2664 2934 2715 Mais ne cours pas si vite,
2456 2702 3102 2753 Car tous courent après le bonheur
2450 2746 3084 2811 Et le bonheur court derrière eux.
2452 2788 3140 2840 Ainsi d'Anatole. Il flane et cueille la
2417 2832 3148 2888 femme qui passe, s'ennuie bien vite
2417 2864 3140 2927 avec celle qu'il a conquise, en prend
2420 2908 3140 2964 une autre, la laisse, la remplace — tout
2413 2947 3146 3012 cela pour essayer vainement de trom¬
2420 2992 3002 3059 per sa soif d'amour total, vrai.
2465 3031 3144 3093 Le bonheur est derrière lui et il le
2420 3072 3142 3142 laissera pour poursuivre sa flanerie
2420 3112 3143 3163 stérile. Ce personnage désabusé, blasé,
2420 3156 3141 3205 insatisfait, évolue dans l'ancienne vien¬
2420 3191 3149 3244 ne bourgeoise, coquette, jolie comme
2426 3231 3143 3282 une fleur — insouciante comme ses fil¬
2426 3268 3148 3323 les blondes qui tourbillonnaient jusqu'à
2429 3313 3099 3368 l'ivresse dans les valses de Strauss.
2471 3345 3148 3397 Vienne de fin de siècle, Vienne d'a¬
2432 3383 3143 3444 vant-guerre, que l'on a plaisir à voir
2426 3424 3149 3475 ou à revoir, malgré tout, parce que
2429 3467 3149 3521 Schnitzler nous l'a bien conservée et
2425 3499 3143 3562 ne nous en a montré que les jolis côtés :
2426 3543 3148 3594 les rondes féminines, gracieuses autour
2429 3581 3149 3630 d'un homme qui flane au lieu de se
2434 3620 3149 3675 décider à travailler tout simplement et
2426 3658 3141 3734 à construire. — Gaston GODSCHILD
