3344 4256
573 149 714 191 cleverer
758 150 1028 191 than Arthur
343 166 1043 248 Schnitzlers Anatol diales has ever
340 216 1035 275 been written. Of course, they are
346 255 1027 315 not to be taken seriously. It is diffi¬
347 296 1037 346 cult to understand how anybody can
353 334 1030 396 But it has been done. To be sure, it
347 372 959 439 requires » Doberry type of mind.
377 416 1033 484 or sy humor, deft irony, and so¬
346 451 1037 525 phisticated insight, these dialogues are
344 509 1022 562 quite without quel. It is not merely
371 552 1037 594 the grave, almost pathetic egotiam
346 598 1033 642 of Anato himself, with his many loves.
349 623 1033 686 is in the diabolically keen way the
341 664 1033 725 characters of the girls have been drawn.
352 710 1028 774 Or, to be accurate, they have been su¬
349 746 824 800 gested rather than drawn.
370 782 1030 844 Five of the episodes were chosen by
347 833 1030 880 Winthrop Ames to open the little The¬
347 860 1027 914 are with last night. The first was
374 897 1034 958 Ask No Questions and You'll hear
346 926 1033 983 No Stories. Anatol is plagning his
346 958 1046 1010 brain by wondering whether Hilda is
359 1002 1027 1050 to him. Why not hypnotize der
346 1032 1027 1078 says Max, and find out the truth. No
346 1058 1033 1115 sooner said than done. But at that
355 1095 1033 1143 tardar. And that be,
350 1126 1033 1174 tos. Let Max have the room, then
343 1160 1028 1202 Anatol will as the important question.
347 1186 1033 1247 Max goes and Anato wakes Hilda
346 1214 574 1262 without dar¬
642 1224 824 1264 ask her.
353 1244 575 1287 Then there
641 1232 1032 1294 Episode
344 1272 1034 1323 is looking over some of trophes. He
352 1307 1042 1367 find that reminds him of Bibi.
351 1339 1036 1405 Poon child. What was to
347 1378 1027 1421 me? An episode But the never for¬
340 1411 1027 1450 get. Some women can, but not she."
344 1446 1030 1494 Bibi comes in to visit Max, des An¬
344 1470 1031 1536 toi, and cannot for the life of her
344 1498 709 1554 recollect who he is.
365 1526 1030 1579 Then again a Farewell Supper."
349 1560 1026 1621 Anato preparing to break the ad
341 1596 1022 1653 news to Mimi that the fair is finished.
340 1628 1022 1677 Mimi enters and gets to the point be¬
347 1660 1025 1712 fore Anatole much to our philander's
349 1694 1026 1750 disgust. Se, too, has found another
349 1724 1027 1779 lover. Anatol becomes more and more
347 1757 1030 1810 pique, and was unleasant ouve
350 1792 1025 1841 been boring me till I could only stay in
343 1820 1031 1871 the room with you by sitting and think¬
341 1860 1026 1917 ing of her. I've had to shut my eyes
341 1895 1031 1960 tight and think it was her wat kiss¬
373 1951 1028 2010 Dito to that, my dear," is Mimis
341 1983 708 2033 complacent answer.
365 2009 1030 2067 But that is not all says Anatol.
341 2042 1022 2102 Under the guise of a confession he
343 2077 1030 2133 boasts that he was untrue to Mimi
343 2118 1033 2173 weeks and weeks ago. Then Mimi is
346 2143 1031 2197 outrage: "You cad, she says, after
352 2181 1033 2233 all never told you that and I never
340 2207 1028 2257 would have told it you. Only a man
347 2237 1030 2289 could be so pleasant." And she de¬
347 2278 1027 2336 parts, grabbing a handful of cigars for
341 2303 621 2349 her new lover.
379 2317 1021 2387 But it is not faible to describe all
347 2369 1028 2416 the dialogues at length. Besides they
347 2407 1022 2458 are so much more delightful than any
341 2435 1027 2486 description could possibly be. The
350 2469 1027 2514 it, the adroit digs at the human
347 2499 1024 2549 egotism that lies in all of us, the com¬
344 2529 747 2577 dy of whole affai¬
776 2537 1018 2583 perfectly ir¬
347 2559 747 2606 resistible. Perhaps
776 2569 1016 2615 The wedding
353 2593 950 2635 Morning is the best one of all.
346 2623 1018 2679 is at once funnier and more pathetic
347 2662 1021 2703 than the others although there is a
352 2693 1024 2740 good deal of pathos in the sady re¬
362 2728 1017 2772 woman who might have
365 2762 1021 2819 den happy if she hadn't been quite
374 2788 628 2831 uch a coward.
406 2811 908 2866 en dialogues are
341 2856 1021 2898 mounted at the Little Theatre. The
441 2894 1024 2927 there, which is the main
447 2924 1027 2967 John Barrymore on the whole is
418 2954 1022 2998 risingly good as Anatol, although
355 2980 1015 3032 he part really needs an actor naturally
365 3014 1021 3054 rave, more experienced, and more ma¬
346 3047 1016 3096 ture. Mr. Barry more acted in the cor¬
346 3083 1020 3125 rect ein of seriousness, however, and
340 3106 1021 3161 never yielded to a temptation to bur¬
340 3136 1020 3189 lesque. Oswald Yorke was an excellent
341 3173 1021 3209 for to him. Doris Kenne was ama¬
335 3207 1018 3250 only good simi. The vulgarity; the
340 3234 1021 3284 sheer feine, but unmalignant immoral¬
341 3272 1015 3312 ity of the part she conveyed to per¬
341 3298 1018 3344 fection. Marguerite Clark gave a very
347 3333 1028 3372 clever little sketch as Hilda, though she
340 3359 1027 3405 had least of all to do. Isabelle Lee made
344 3400 1033 3448 a capital shrew of Lena. The stage
344 3427 863 3470 settings were in perfect taste.
371 3463 1025 3506 Anatol and his affairs will be an un¬
341 3488 1024 3529 mitagated delight to anybody with
349 3521 1024 3576 humor and a taste for sophisticated
346 3553 1012 3599 levity. The Granville Barker para
344 3591 1021 3632 phrase preserves to a really wonderful
344 3617 893 3659 extent the spirit of the original.
618 3645 1003 3712 LOUIS SHERTIN.
1982 510 2642 573 OCTOBER 15. 1912
1968 645 2679 774 News of the Theatres
1973 824 2694 886 Winthrop Ames ro-opened his little
1960 867 2696 939 Theatre last night for a second season
1958 917 2696 967 with a light play. It is part of Mr. Ame¬
1958 959 2699 1017 policy to sit into aesthetic channels for
1960 1000 2700 1058 the best of comedy. The net result of his
1958 1044 2675 1090 latest offering. The Affairs of Anatol
1961 1088 2702 1133 supposed to be one of Arthur Schnitzlers
1960 1124 2700 1169 best travesties, proved little more than a
1952 1167 2694 1219 display of feminine coquetry, from the
1951 1210 2698 1259 standpoint of the author, but it brought
1952 1246 2696 1282 forth John Barrymore in the best work
1952 1281 2696 1319 he has ever done. The play also awakened
1952 1317 2699 1358 the audience to the fact that Doris Kenne
1960 1345 2701 1391 can be an engaging comédienne and that
1957 1381 2697 1431 Katharine Emmet can command attention
1958 1416 2687 1475 in a human interest role in a comedy at¬
1952 1441 2127 1487 mosphere.
1991 1459 2700 1519 Anatol" is a witty, satirical work in five
1958 1507 2705 1546 episodes; each complete treating of the
1952 1546 2687 1582 man or woman in love from a different
1958 1581 2693 1618 viewpoint. To make the plot in sequence
1955 1605 2696 1649 is the reappearing figure of the lover.
1952 1642 2693 1683 He is a half-poet, halt man of the world,
1958 1676 2693 1714 who must be in love or lean to wariness.
1949 1712 2699 1744 His taste is so catholle that it embraces
1958 1744 2697 1785 the social scale. See him at the crucial
1952 1780 2702 1826 moments of five love affairs, and you have
1952 1812 2676 1849 John Barrymore, as Anatol at his best.
1979 1842 2693 1879 The varied love which he encourages
1955 1875 2694 1917 gives the author an opening for det con¬
1955 1910 2707 1947 trast between man and woman and Gran¬
1952 1944 2716 1989 ville Barker has lost nothing of the deli¬
1952 1976 2699 2011 cate situations in his translation. No bet¬
1952 2010 2693 2048 ter effervescent, nor appant character
1958 2042 2702 2079 could escape John Barrymore, and when
1955 2075 2694 2116 Marguerite Clarke, Doris Kenne, Kath¬
1955 2106 2702 2148 arine Emmet, Isabelle Lee and Gall Kane
1958 2143 2702 2186 are brought for as the five persons
1952 2171 2691 2214 in the love troubles of Anatol, the con¬
1955 2211 2699 2241 trast of feminine character needs no words
1958 2236 2577 2285 to tell of exquisite comedy work.
1988 2260 2693 2308 Anatole will blend well with the more
1949 2308 2615 2348 serious affairs of the winter season.
1976 2357 2687 2424 London, Oct. 14.— Barre first
1946 2420 2687 2459 and Pinero also ran may be said of
1952 2448 2694 2491 the eagerly awaited triple bill which
1958 2487 2690 2523 Charles Frohman presented tonight at
1952 2519 2693 2558 the Duke of Yorks Theatre Shaw's piece
1955 2548 2696 2591 was unworthy of him. Two men are
1955 2587 2694 2628 travelling around the world inopposite
1952 2620 2696 2664 directions from their wives. Each meets
1955 2651 2702 2697 the other's wife, each falls in love with
1952 2689 2693 2735 the other's wife and the quartette meet
1952 2723 2696 2768 at a sea-port hotel at the end of the
1946 2752 2687 2806 journey. First one couple, then the other,
1955 2788 2687 2830 then the quartette talk lengthily and te¬
1955 2823 2687 2870 diously and the chief point around, which
1952 2857 2687 2902 the talk centers is merely unpleasantly
1952 2893 2693 2948 suggestive of the "sin" they might have
1952 2927 2191 2978 committed.
1979 2940 2693 2998 Pineros ghost story tells of a young
1958 2998 2687 3036 widow who kept a untry in. A London
1955 3028 2694 3068 man going there by chance falls in love
1952 3062 2687 3098 but is held back by overing her talk
1955 3097 2687 3136 with a visitor. The chief part of this play
1955 3132 2687 3173 is the scene showing the widow taking
1952 3164 2687 3200 with the very flesh and blood ghost of
1955 3201 2687 3241 her late husband, who advises her how to
1952 3229 2691 3274 run her business and finally surrender
1958 3264 2684 3306 her to the London visitor. Margery
1949 3306 2688 3351 Maude, Cyrill Maude's daughter, acted
1946 3336 2290 3387 wel las the widow.
1982 3349 2687 3408 Barries Rosalind" is full of the Barre
1952 3401 2691 3449 charm and Irene Vanbruch gave a fine
1946 3442 2691 3485 performance. In the play she is found in
1945 3474 2681 3518 a country lodging, luxuriating in the free¬
1946 3509 2688 3556 dom of midde-age A photograph of her
1946 3540 2681 3580 daughter, Beatrice is on the mentelpiece
1952 3573 2681 3608 the daughter being a young star actress.
1952 3601 2687 3647 The daughters over, a young fellow of
1946 3643 2681 3683 23, appears on the scene and for a time
1952 3671 2681 3711 treats Miss Vanbruch as his idolis mother
1952 3706 2669 3744 until she tells him that she is "Beatrice
1955 3739 2272 3788 taking a holiday.
1988 3768 2682 3817 The piece finishes with her receiving a
1961 3803 2686 3847 telegram ordering a return to London to
1946 3845 2681 3888 rehearse immediately. She leaves for the
1940 3874 2666 3934 stage as a women of "forty and a bittock
1949 3907 2681 3954 and reappears, dressed in London finery,
1946 3949 2686 3999 and looking the fascinating young women
1949 3973 2690 4020 of 29 which she declares is the greatest
1949 4008 2689 4052 age for women, who are on the stage
1952 4044 2687 4094 until 60. I write my epitaph," she says
1952 4076 2421 4136 She had a good long 20."
