3484 4352
1378 162 1740 257 box 8/4
946 170 1189 279 Zyklus
262 173 808 281 4.9. Anatol
1320 1190 1685 1301 Telephon 12801.
598 1457 1703 1555 I. österr. behördl. konz. Unternehmen für Zeitungs-Ausschnitte
747 1531 1593 1645 Wien, I., Concordiaplatz 4.
973 1605 1364 1680 Vertretungen
589 1661 1693 1732 in Berlin, Budapest. Chicago, Christiania, Genf, Kopen¬
596 1687 1704 1791 hagen, London, Madrid, Mailand, Minneapolis, New-York,
684 1732 1669 1833 Paris, Rom, San Francisco, Stockholm, St. Petersburg.
994 1785 1362 1852 (Quellenangabe ohne Gewähr.
599 1809 1666 1940 Ausschnitt aus: Leipziger Tagblatt
740 1907 871 1982 9.
593 1964 795 2037 vom
467 2014 1735 2103 Prager Theater. Aus Prag wird uns geschrieben: Schnitzlers
450 2095 1743 2141 „Anatol, von dem bisher an Deutschen Bühnen nur die eine
453 2112 1733 2175 Szene aufgeführt worden ist, hat nunmehr an unserem Deutschen Landestheater
453 2160 1733 2215 eine vollständige Belebung erfähren. Es wurden gestern als volkstümliche
447 2199 1730 2246 Sonntags=Vorstellung vor vollem Hause fünf Szenen „Die Frage an das Schick¬
456 2234 1727 2295 sal", „Episode", „Denksteine“, „Abschiedssouper" und „Anatols Hochzeitsmorgen
447 2273 1733 2326 gegeben; die zwei letzten sollen bald folgen. Das Publikum war förmlich über¬
447 2307 1730 2356 rascht von dem sprühenden Humor, dem scharfen Blick und satyrischen Laune,
447 2345 1733 2397 die sich in diesem Erstlingswerke Arthur Schnitzlers ausdrückt und nahm die
450 2377 1730 2437 sämtlichen Szenen mit großem Beifalle auf. — Leo Falls Operette „Der
459 2421 1735 2475 fidele Bauer errang Sonntag bei seiner Erstaufführung im Neuen Deutschen
456 2464 1735 2512 Theater in Prag einen ehrlichen Erfolg, den sowohl der volktümlichen Einfachheit
453 2496 1699 2580 der Handlung als auch der Grazie und Ehrlichkeit der Musik zuzuschreiben ist.
519 2621 1804 2681 Die Königl. Preußische Kammersängerin Emmy Destinn gastiert gegenwärtig am
522 2674 1797 2721 tschechischen Nationaltheater. Selbst wenn sie keine große Künstlerin wäre
519 2707 1804 2758 würde sie doch enormen Zulauf haben, weil sie sich als fanatische Tschechin
519 2745 1807 2798 brüstet, die hier nicht deutsch kann. Als Königl. Preußische Kammersängerin sollte
519 2792 1807 2840 sie keinen Tschechisierungsverein unterstützen. Von Theaterdirektoren, insbesondere
519 2827 1804 2864 von Hoftheaterleitungen könnte man doch verlangen, daß sie nicht nach inter¬
528 2861 1807 2907 nationaler Kaufmannsart das Gute nehmen, woher sie es bekommen. Schließ¬
528 2894 1797 2943 lich ist es Hauptaufgabe eines deutschen und gar eines kgl. preußischen Theaters,
528 2935 1804 2988 deutsche Kunst durch deutsche Künstler darzustellen oder wenigstens durch solche
511 2970 1577 3025 Künstler, die bereit sind, sich dem deutschen Wesen zu assimilieren.
2750 442 2944 532 1908.
2035 455 2478 553 .
2062 585 2858 641 an die Expedition der „Bohemia" senden.
2066 687 2973 744 nalwirtshaus an der Lahn. Schon wie
2062 728 2984 784 der eins! Offenbar schwebte ein Geheimnis über
2069 773 2984 835 diesem Ort, und ich schwur mir, der Teufel sollte
2074 818 2981 882 mich holen, wenn ich nicht herauskriegte, welches
2069 866 2392 924 das richtige war.
2154 883 2986 951 Das nächste war das „Einzigste Wirtshaus
2070 944 2986 988 an der Lahn" — offenbar eine etwas kühne Be¬
2077 985 3000 1042 hauptung. Dann kam ein „Vegetarisches
2077 1033 2992 1083 Wirtshaus an der Lahn, eins, das vor Nach¬
2078 1068 2994 1118 ahmungen warnte, und schließlich noch sechs oder
2087 1110 3000 1165 sieben andere, deren Titel ich vergessen habe.
2074 1150 2992 1205 Wären noch mehr Häuser in Dausenau gewesen,
2077 1195 2996 1271 dann hätte es auch noch mehr Wirtshäuser an der
2080 1238 2352 1301 Bahn gegeben.
2167 1271 3000 1332 Aber da stand noch ein einziges Häuslein
2077 1322 2999 1372 etwas abseits im Gebüsch. Es war ganz mit
2087 1365 3000 1418 Reblaub überwachsen und blitzte nur so vor
2087 1412 2983 1460 Sauberkeit. „Es wird kein Wirtshaus sein!"
2080 1439 2997 1499 dachte ich. „Es sieht zu hübsch und zu nied¬
2077 1486 3007 1536 lich aus. Doch als ich näher kam, da bemerkte
2077 1536 3000 1587 ich ein blankes Schild: „Zum neuen Wirtshaus
2090 1574 3007 1630 an der Lahn“. Und am Fenster hing ein Plakat:
2101 1614 3010 1683 Soeben eröffnet. Zum Besuch ladet ein die
2077 1662 2450 1717 junge Wirtin
2175 1683 3009 1756 Und hier kehrte ich fröhlich ein und vergaß
2083 1743 3005 1797 bei der jungen Wirtin das alte, das echte, das
2083 1781 3009 1841 historische und das Originalwirtshaus. Ich weiß
2093 1826 3000 1886 jetzt, auf welche Wirtschaft das Lied gedichtet
2090 1866 3007 1939 worden ist, aber es war doch ein Stück Arbeit es
2095 1916 2377 1974 herauszufinden.
2172 1981 2983 2123 Theater und Musik.
2207 2096 2657 2205 Anatol.
2213 2164 2782 2255 Deutsches Landestheater.)
2175 2249 3012 2303 Es hat oft etwas Wehmütiges, auf die ge¬
2090 2278 3015 2345 lungenen Erstlinge eines Dichters zurückzugreifen.
2095 2334 3009 2380 Es ist darin das unausgesprochene Geständnis
2098 2377 3013 2427 enthalten: Ja, damals, als wir von ihm noch
2093 2422 3015 2474 ganz anderes erwarteten! Man muß nicht immer
2090 2461 3020 2511 auf das typische Beispiel von Halbe hinweisen.
2098 2503 3017 2551 Einen ähnlichen „Jugend“=Erfolg hatte mancher
2101 2544 3017 2596 Zeitgenössische und die Fortsetzung war ein müh¬
2111 2586 3017 2645 sames Tasten in Unzulänglichkeiten. Philipp Lang¬
2095 2628 3017 2684 mann und Georg Hirschfeld haben ein ähnliches
2095 2670 3017 2719 Schicksal. Aber Artur Schnitzler ist kein solches
2095 2711 3021 2758 Haupttreffergenie mit einmaliger Glückshand. Als
2104 2758 3021 2809 ihn seine feinfühlige, in ureigener Anschauung
2095 2798 3025 2849 wurzelnde Tragödie „Liebelei", auf der deutschen
2104 2848 3020 2890 Bühne populär machte, war er bereits ein reifer
2104 2878 3021 2931 Dichter mit dramatischen Voraussetzungen. Er
2104 2917 3023 2976 hatte seine famose Dialogstudie „Anatol ab¬
2111 2960 3025 3020 solviert, die ihn als Psychologen einer melan¬
2104 3004 3026 3057 cholisch-heiteren Dämmerwelt und als scharfgei¬
2107 3049 3021 3103 stigen Dialogkünstler beglaubigte. Und was nach
2099 3092 3023 3142 der „Liebele" folgte, war ein Steigern der ge¬
2111 3129 3028 3184 wonnenen Fähigkeiten, ein Fortwühlen in den
2107 3177 3025 3251 Geheimnissen, an welchen sein forschender Geist
2111 3217 3025 3278 gerührt hatte. Selbst das scharfe Nordlicht des
2114 3259 3026 3320 großen Skandinaviers Ibsen, in welches Schnitzler
2111 3304 3033 3362 zu lange hineingestarrt hat, schädigte nicht den
2107 3341 3031 3396 Blick des Wiener Gefühlsproblematikers und man
2107 3386 3025 3441 darf trotz seines „Einsamen Weges" hoffen, daß
2107 3426 3034 3481 er das Augenflimmern fremder Lichtstrahlen längst
2111 3473 3028 3514 überwunden hat. Eine szenische Realisierung der
2109 3511 3037 3567 dramatischen Anatol-Skizzen hat für uns heute
2115 3553 3037 3609 geradezu ein dokumentarisches Interesse für den
2114 3600 3036 3645 Werdegang eines Künstlers und wir empfinden
2114 3640 3031 3686 seine dialogisierten Proben bei aller Eintönig¬
2111 3680 3037 3731 keit der Form als die wertvolle Kleinplastik eines
2122 3723 3031 3773 für große Entwürfe heranreifenden Bildners.
2115 3768 3034 3818 Es sind die Vorläufer Schnitzlerschen Geistes
2114 3808 3036 3852 und heute, wo wir die Reversicht über das Ge¬
2119 3849 3033 3900 samtwerk des Dichters haben, macht uns die
2119 3894 3033 3934 Entdeckung seiner Eigenart gerade in der ver¬
2114 3935 3044 3977 kürzten Experimentierform besondere Freude.
2119 3975 3037 4024 Wir wissen: manche Andeutung, manches lächelnde
2122 4019 3045 4069 Spiel mit ernsten Dingen, hat der Dichter in
2122 4064 3042 4118 sich fortwirken lassen, Stimmungen, die anklin¬
2125 4104 3042 4155 gen, schwollen zu erschütterndem Lebensakkorden
