3344 4256
1325 131 1671 233 box 9/1
886 131 1153 246 Zyklus
211 126 812 259 4.9. Anatol-
1489 1297 2524 1406 vollsten Einakter aus der Reihe die „Deutete, be¬
1493 1386 2514 1456 „Agonie und die wundervoll aufgebaute Episode weg¬
1493 1425 1656 1515 gelassen.
1584 1454 2520 1549 In der Episode sagt May zu dem von einer Zirkus
1493 1521 2527 1602 reiterin verklärt schwärmenden Anatol: „Du sahst, was
1493 1582 2524 1643 nicht an ihr war. Aus dem reichen und schönen
1495 1628 2522 1695 Leben deiner Seele haft die deine phantastische Jugend
1489 1693 2522 1750 und Glut in ihr nichtiges Herz hineinempfunden, und
1493 1739 2524 1800 was die entgegenglänzte wir Licht von deinem Licht.
1495 1780 2518 1856 Und derselbe Anatol, den sein (bei Schnitzler) geistvollen
1482 1822 2524 1898 Freund so harakterisiert, gibt im Abschiedssouper vom
1486 1891 2518 1950 süßen Mädel" mit den „zerstochenen Fingern, das
1489 1943 2524 1993 „in der Stadt geliebt und in der Vorstadt geheirate
1482 1983 2514 2063 wich, folgende feinsinnige und innige Charakteristi¬
1478 2052 2522 2111 „Sie erinnert mich so an einen getragenen Wiener Walzer
1486 2096 2518 2163 — sentimentale Heiterkeit lächelnde, schall
1486 2135 2522 2222 Wehrt das ist so ihr Wesen
1482 2185 2133 2255 warm und zufrieden bei ihr.
1576 2237 2522 2311 Dieses eigentlich Wienerische; die Mischung von
1495 2292 2518 2361 Fröhlichkeit und Wehmut fehlte bei dieser Aufführung
1486 2346 2518 2398 der Anatol Auslege. Dafür wurde das Wienerische in
1486 2394 2518 2455 der Mundart zu energisch betont. Das Original
1484 2444 2518 2509 hochdeutsch geschrieben; eine Warnung, über eine leicht
1467 2485 2507 2564 underliche Färbung hinauszugehen Angel
1473 2542 2509 2603 Max wurden durch übertreibungen geistig und gesellschaft
1480 2594 2505 2664 lich tief herabgedrückt. Die außerordentliche Anna
1482 2635 2444 2701 Dialogs wird eben entstellt und veret, ne¬
1482 2692 2509 2751 Darsteller des Max Herr Wahl¬
1473 2742 2357 2794 aus, wenn er für einen und
1480 2790 2333 2849 „bückt sagt, und wenn er wohl nur über
629 2762 1182 2870 Schauspielhaus.
1473 2842 2313 2903 des Regisseurs) den buen finnische
614 2836 1445 2931 erfolge von Anhur Schnitzler. Die
416 2836 575 2916 t
1134 2890 1447 2953 tsein¬
1482 2892 2215 2953 des ersten Einakters durch ein faltiges
418 2899 557 2958 Frage
612 2931 1436 3005 Abschiedssenper. — Anatole Hoch¬
427 2942 555 3005 käufe.
1489 2944 2215 3016 eine interessante Wortgruppe, die
775 2975 1090 3047 zeitsmorgen.
1478 2988 2176 3062 hochdeutsch nicht vorkommt, abschloß.
494 3016 1439 3101 were recht lustiger Abend, aber keine Artur
1571 3025 2292 3103 Schon in der „Frage an das Schick¬
418 3088 1452 3140 Schnitzer=Frier, Den Anatol, der vorgestern gegeben
1482 3090 2176 3151 geistige Tod Anatols eine
411 3138 1443 3208 wurde, hat Artur Schnitzler nie geschrieben. Freilich
1482 3136 2133 3216 Der Anatol des Herrn Neher
418 3190 1439 3256 gibt es eine Entschuldigung, die in anderem Sinne aller¬
1480 3186 2109 3249 weil Bewußtsein um die
407 3236 2157 3330 dings wieder eine Anklage ist; man hat die drei sinne war kein intelligenter Mensch der
2588 1330 3277 1395 ästhetischen Gefühl die Komödie der
2588 1373 3280 1449 Lüge, die Illusion der Wahrheit v.
2583 1417 3277 1491 in ehrlichem Bangen vor einem ha¬
2588 1475 3293 1532 die hypnotisierte Geliebte nicht fragen
2588 1528 3282 1591 treu sei, das war bloß ein etwas beschr
2588 1578 3267 1647 allerdings recht komischer Herr, der
2581 1632 3277 1700 keit von einer seelischen Entkleidung de
2581 1678 3280 1739 Hofmannsthal muß Schnitzlers An¬
2592 1732 3262 1817 standen haben, als er dem Buche die
2583 1780 2751 1863 vorsetzte:
2779 1800 3232 1896 „Also spielen wir Theater,
2777 1865 3280 1937 Spielen unsere eigenen Stücke
2781 1917 3280 1980 Früh gereift und zart und
2773 1956 3271 2009 Die Komödie unsrer Seele,
2768 1993 3277 2046 Unseres Fühlens heut und ge
2773 2033 3277 2111 Halbes, heimliches Empfinden
2768 2074 3197 2144 Agonien, Episoden.
2664 2117 3280 2196 Auch in den „Weihnachtseinkäufen
2572 2174 3277 2242 voll feinen, pastellhaft weichen Stimm¬
2577 2231 3280 2298 von dem feinnervigen, schmerzlich¬
2588 2281 3267 2344 sinnigen Melancholiker Anatol
2579 2337 3277 2392 durchaus hinter den Kulissen. Viellei
2575 2385 3282 2450 die äußerst pauvere Ausstattung der sich
2572 2437 3280 2507 läden (mehr Schottwien als Wien) ver¬
2575 2483 3277 2553 Anatol den Ton und von der schmerz
2566 2542 3271 2592 von dem nur durch Sarkasmus (nicht
2568 2585 3273 2646 keit) kunstvoll gewürzten Dialog blie¬
2579 2638 3256 2701 in Betracht kam, wenig, sehr wenig
2564 2679 3282 2751 Gerald dagegen war ganz vornehme, mit
2575 2727 3277 2812 Dame, die alle prickelnden Spitzen des
2572 2777 3238 2860 fühlbar machte und die die
2557 2829 3275 2899 den verhaltenen Unterton der
2559 2877 3288 2949 Sehnsucht, den stillen Ernst des Entsa¬
2559 2927 3264 2992 durch Gespräch und Abschied klingen
2557 2977 3288 3051 Szene durfte, übrigens nicht, wie es
2564 3040 3280 3095 ausschwingen. Auch sie wurde mit
2555 3077 3277 3153 drücker geschlossen, wenn auch mit
2557 3127 3284 3201 wie die Frage an das Schicksal. Im
2555 3186 3284 3247 hier das Zuviel schmerzlicher als da¬
2555 3232 3280 3308 Wagen, der durch einen bis dahin bis
2557 3282 3277 3360 livierten Diener ersetzt wurde, war leich
