3436 4352
216 176 500 292 4.9.
588 188 756 265 to
1331 179 1687 281 box 9/5
586 185 1165 301 Zyklus
2883 486 2992 554 647
1638 480 1939 566 Die Nation.
535 489 706 565 Nr. 43.
1785 606 3009 682 potenter Gestaltung mit Goethe'schen Worten gewarnt. Dies
526 615 1746 699 zu veröffentlichen, ehe sie durch den wachenden Verstand
1791 676 3008 734 Buch ist „Weiße Liebe von Arthur Hollitscher) und
520 696 953 756 geprüft worden sind.
1789 722 3013 785 ist in mehr als einer Hinsicht illustrativ für das im Ein¬
639 717 1737 785 Diese Vorschrift erinnert an Newton's „Abwarten"
1785 771 2127 844 gang angeführte
520 773 1745 850 wird aber bekanntlich nicht von jedem mit gleichem Erfolge
1919 804 3008 884 Im Mittelpunkte dieses Buches steht ein solcher Fein¬
526 824 790 899 durchgeführt.
1274 841 1641 930 I. H. van’t Hoff.
1800 845 3009 921 fühliger, der ein Dichter sein will, und es nicht wird, der
1791 913 3008 966 sich schließlich sein Leben an seinen allzu zugespitzten Em¬
1791 959 3005 1013 pfindungen zerreibt. Es spricht eine klare Erkenntniß aus
1797 1007 3009 1067 diesen Blättern. Es wird oft genug hier von den Talenten
1794 1052 3011 1112 gesprochen, die todt geboren sind, von den schlummernden
1791 1094 3009 1154 Regungen, denen es an Kraft und Bewußtsein gebricht, sich
782 1100 1490 1206 Die Büßer des Gefühls.
1791 1143 3013 1205 bethätigen zu können, von den Seelen, die keine Epidermis
1791 1191 3009 1246 haben, die eine große offene Wunde sind. Und die sicherste
629 1191 1746 1291 Zarathustra spricht von den Büßern des Geistes, die
1803 1236 3011 1290 Charakterisirung der Büßer des Geistes bringt jene Stelle
663 1263 1751 1348 selbst müde werden und sprechen; ich bin nicht
523 1254 623 1333 ihrer
1800 1288 2246 1364 der Selbstbetrachtung:
512 1317 623 1407 groß
1927 1344 3009 1410 War er denn Dichter? Die klare, heitere Ruhe, die die Ereig¬
632 1333 1757 1408 Leidensbrüder von ihnen trifft man jetzt viel auf dem
1794 1408 3009 1458 nisse an sich vorbeiführen läßt, nachdem sie ihnen ihr Bestes genommen,
520 1396 1752 1459 Dornenpfad der modernen Dichtung; nicht Büßer des Gei¬
1854 1439 3017 1489 er hatte sie niemals besessen. Für die Vorgänge des Lebens hatte
535 1451 1140 1527 stes, aber Büßer des Gefühls¬
1800 1479 3013 1530 er keine Beobachtungsgabe, seine Gestalten lebten nicht, handelten nicht,
648 1487 1749 1559 Fein empfindende, hyperfeinempfindende Menschen,
1800 1521 3017 1580 sie fühlten nur und dachten. Sie hatten keine Seele, ihre Seele
529 1541 1754 1595 deren Eindrucksfähigkeit von potenzieller Erregbarkeit, die
1800 1558 3017 1613 war die seine, im Wechsel der Stimmungen — bald trüb, bald heiter,
526 1592 1754 1640 alle Impressionen mit schmerzlichster Schärfe in sich saugen,
1800 1604 3017 1663 thränenvoll heiter, rauh und zart, mystisch und positiv . . . aber wer
524 1634 1758 1687 die auf Töne und Farben, auf das minutiöseste Detail
1797 1640 3016 1711 genau zusah, bemerkte, daß es ein und derselbe Mensch war, der sich
526 1681 1748 1734 ihrer Umgebung, das Huschen einer Schleppe, das Spielen
1800 1695 3019 1740 nur auf verschiedene Weise geberdete. Seine Inspirationen, die ihm die
1791 1734 2999 1782 Worte in die Feder gaben, ihn zur Arbeit trieben: was waren sie? -
520 1723 1746 1782 der Lichtreflexe, die halbverwehte Erinnerung eines Parfums
1797 1769 3022 1832 Der Alkohol rascher Emotionen, mit der Kunst hatten sie nichts zu
528 1779 1751 1832 nervös reagiren. Menschen von aristokratischem Geschmack,
1806 1811 1940 1877 schaffen!
520 1820 1757 1879 die sich vor allem, was ihr Fühlen brutalisiren könnte,
526 1860 1754 1922 ängstlich hüten. Egoisten des Gefühls, die sich so genau
1916 1877 3019 1945 Wenn das, was hier theoretisch gesagt wird, nun in
535 1914 1752 1973 studirt haben, daß sie nur die in ihr Leben lassen, die auf
1797 1939 3023 2005 dem Buch auch wirklich voll packender Tragik ausgestaltet
526 1959 1748 2013 den Seiten dieses Gefühls zu spielen wissen. Ich liebe sie,
1800 1990 1916 2056 wäre!
532 2002 1738 2070 ihre Art ist mir verständlich, ist mir sympathisch. Ich
1905 2008 3014 2102 Aber der Dichter der weißen Liebe ist nicht stärker als
523 2064 1752 2113 würde gern mit ihnen zusammen sitzen, mit ihnen sprechen
1806 2079 3023 2144 sein armer Vetter, der Dichter, den er schildert. Er hat
526 2098 1751 2160 oder mit ihnen schweigen. Ihre Persönlichkeit, ihre Existenz
1806 2130 3016 2200 seine eigenen sterilen Hamletqualen hier zu bannen ver¬
526 2147 1754 2203 ist ein delikates Werk, das mich interessirt. Aber, leider,
1803 2173 3022 2235 sucht, und er hat sie sich nicht von der Seele herunter
537 2201 1758 2251 sie begnügen sich nicht damit, feine künstlerisch fühlende
1803 2229 3033 2294 schreiben können. Zu tief steht er eben selbst in diesen
526 2238 1754 2298 Nerven zu sein, sie wollen aus ihrem Menschenthum ein
1800 2278 1961 2331 Wirren.
1135 2284 1666 2342 nachen. Und sie dichten.
528 2288 1757 2372 producirendes Künstlerthun,
1990 2297 3016 2377 fühlt alles, aber er kann es nicht greifen, nicht
639 2337 1118 2392 Sie skizziren für den
1802 2363 3016 2428 fassen und halten. Seine Finger zittern. Er hat keine
532 2375 1751 2436 Serie Gefühle seltener und elnder Art, die man gespannt
1808 2406 3022 2468 Distanz zu den Dingen. Er skizzirte schwankende, schwäch¬
526 2419 1760 2480 und antheilsvoll aufnimmt. Beim ersten Mal überwiegt
1803 2449 3026 2524 liche Menschen, und seine Skizze wird selber schwächlich.
529 2463 1748 2520 das Interesse, kommt aber ein Verwandter des gleichen
1920 2503 3023 2561 Er leidet tief und schmerzlich, wir verstehen gerne
529 2510 1751 2568 Ordens und zeigt uns ein ähnliches Schattenspiel der Seele,
1806 2542 3019 2611 seine Leiden, aber ihm ward nicht gegeben dies zu sagen.
532 2551 1754 2618 so wird man stutzig, man wittert die Gefahr. Das ist
1806 2590 2917 2661 Und es hilflos gestammelt zu hören, scheint nur fatal.
535 2594 1752 2662 Zerfaserung, das ist ein krampfiges Ringen, das ist künst¬
1911 2635 3028 2699 Und schattenhaft und verschwommen wirkt es, wenn
535 2645 1754 2709 lerische Ohnmacht, das Gegentheil von plastisch schöpferischer
1806 2682 3028 2749 Hollitscher aus seinen Gefühlen Gestalten und Schicksale
537 2699 1757 2758 Gestaltung. Das subtile Gefühl allein thut es nicht; es
1817 2733 3031 2792 formen will. Ja er bringt ein schwer errungenes Gut, die
535 2743 1752 2797 wird zur Gnadengabe werden, wenn es sich resignirend be¬
1803 2773 3036 2840 moderne künstlerische Psychologie, in Gefahr mit seinen
537 2798 1752 2854 gnügt, das künstlerische Produziren anderer zu beobachten
1811 2826 3036 2889 Personen, die sich für komplizirt ausgeben, und doch alle
526 2835 1755 2891 und nachempfindend zu charakterisiren; es wird ein Geschenk
1803 2869 3031 2929 etikettirt auftreten. Besonders markant zeigt sich das an
535 2881 1757 2932 voll Unheil und Qual, wenn es ohne die vielen Schwester¬
1802 2918 3028 2977 der Figur der Nadeshda. Er will an ihr das Problem der
537 2929 1748 2989 spenden, die der Dichter braucht, vor allen sicher packende
1806 2959 3025 3026 Doppelliebe zeigen. Sie liebt seelisch den Dichter; ihre
543 2972 1529 3033 Schaffenskraft, sich berufen fühlt, zu produziren.
1803 3008 3020 3070 Sinne aber schreien nach einem brutalen Kraftmenschen.
657 3000 1748 3076 Im Flug nur angedeutet habe ich dies, als ich von
1797 3060 3031 3125 Das Problem ist wohl echt. Aber Hollitscher hat es nicht
531 3073 1757 3127 dem seltsamen Buch des jüngeren Wieners, Peter Alsenbergs,
1806 3100 3028 3167 bewältigt. Die changirende Wirkung der Empfindungen
572 3111 1754 3167 Wie ich es sehe") sprach. Darin sind einige weiche
1803 3151 3028 3213 zu malen, hat er nicht versucht. Er zerlegte einfach das
532 3142 1749 3215 Akkorde und ein paar Farbenstücke, die verschwimmende
1808 3193 3022 3256 Weib in eine Figur A und in eine Figur B. A funk¬
535 3202 1760 3262 Abendluft malen, zum Entzücken. Aber sie genügten nicht,
1803 3241 3031 3304 tionirt seelisch, B sinnlich. Und nun arbeitet der Apparat
532 3253 970 3312 ein Buch zu machen.
1811 3290 3028 3349 wie eine aufgezogene Maschine. Das ist keine moderne
651 3275 1754 3356 Peter Altenberg variirte die Motive seines Fühlens in
1808 3341 1942 3410 Kunst.
532 3344 1751 3407 einer unendlichen Anzahl von Daten in diesen kleinen
1916 3352 3033 3438 Das Inferno der Büßer des Gefühls ist Wien. Aber
543 3386 1754 3443 Skizzen bis zur Eintönigkeit und Abspannung. Es war
1803 3426 3020 3492 die Künstlerschaft aller dieser Wiener ist größer als die
537 3435 1751 3491 eine so auf die Spitze getriebene Subjektivität, die angrei¬
1808 3468 3022 3540 Hollitschers. Da ist der junge Leopold Andrian,") der
546 3478 1757 3540 fend und enervirend wirkte, als hörten wir eine lange Nacht
1811 3518 3025 3577 nur ein ganz dünnes Büchelchen geschrieben „Der Garten
537 3526 1762 3586 hindurch immerfort und immerfort das gleiche monotone
1811 3571 3026 3625 der Erkenntniß, voll einer etwas wirren nebulosen Philo¬
540 3579 1404 3648 Fallen des Tropfens auf ein Schieferdach.
1817 3609 3028 3676 sophie, aber voll einfacher kostbar edler Zeilen, voll weicher
645 3594 1757 3677 Auch Hermann Bahr, der feine Charakteristiker, der
1811 3654 3028 3714 melancholischer Grazie, voll offener brennender Augen,
537 3662 1763 3719 doch gewiß hinlänglich duldsam gegen das Aparte ist und
1808 3713 3031 3762 die die Erscheinungen des Lebens hungrig aufsaugen und
540 3716 1762 3768 ihm gern einen Freibrief ausstellt, hat, nachdem er Peter
1803 3748 3025 3810 voll planloser Neugier geheimen Sinnes in ihnen suchen.
537 3758 1769 3815 Altenberg freilich sehr anerkannt, bei Gelegenheit eines an¬
1916 3793 3034 3856 Hugo von Hofmannsthal, der sich seltene und feine
537 3799 1763 3856 dern Buches eines jungen Wieners, von den Gefahren dieses
1811 3838 3036 3926 Schönheiten aufzuspüren und sie mit einer geschmeidigen
537 3850 1762 3935 krankhaft gesteigerten Subjektivismus ohne den Hinterhalt
1910 3952 2306 4007 *) S. Fischer, Berlin.
648 3953 1765 4007 *) Berlin. S. Fischer. Besprochen im Magazin für Littera¬
1890 3990 2749 4069 *) München. Leipzig. Paris. Albert Langen.
537 3994 768 4068 tur Nr. 22.
