3436 4256
358 212 1314 331 4.9. Anatol - Zyklus
1476 228 1822 323 box 9/1
743 794 1221 899 (Quellenangabe ohne Liewan
437 880 1558 988 Ausschnitt aufrichter Volkszeitung
714 958 955 1047 3. 1915
445 994 590 1075 vom
491 1088 1549 1158 Stadttheater. Montag den 28. Juni:
394 1145 1542 1206 „Oesterreichischer Kleinkunstabend“; dazu „Abschieds¬
394 1194 1545 1257 super von Arthur Schnitzler. Der Theaterleitung
391 1242 1543 1310 darf das Zeugnis des eifrigsten Strebens, die Vor¬
394 1294 1546 1367 stellungen so interessant als möglich zu gestalten, ge¬
397 1342 1545 1413 wiß nicht versagt werden. Nicht nur daß sie mit
394 1390 1540 1445 neuen Stücken nicht geizt, ist sie auch sonst bemüht,
388 1444 1542 1514 den Wochenspielplan so abwechslungsreich als möglich,
388 1488 1542 1548 und damit so anziehend als möglich in Erscheinung
388 1542 1548 1606 treten zu lassen. Diesem Bestreben entsprang der
394 1584 1546 1654 „Oesterreichische Kleinkunstabend“, om vergangenen
394 1635 1548 1689 Mittwoch zweifellos ebenso, wie die seinerzeitigen
397 1686 1555 1758 Kammerspiele, und wird auf diese Weise kein Mittel
400 1736 1551 1799 unversucht gelassen, das Interesse fürs Theater zu
400 1784 1552 1841 heben und wach zu erhalten. Wenn daher der Erfolg
400 1834 1545 1886 doch zu wünschen übrig lassen sollte, so ist die Ursache
400 1882 1548 1939 davon gewiß nur in den Zeitumständen, und nicht bei
1123 1933 1553 1989 Was nun besagten
403 1936 1044 1994 der Theaterleitung zu suchen.
400 1978 1552 2045 „Kleinkunstabend anbelangt, so brachte er eine Reihe
1060 2028 1555 2089 und Deklamation, in
403 2031 1025 2097 von Solovorträgen, Gesang
400 2078 1556 2148 welche sich die Damen: Frl. Friedl Scarron, Frl.
399 2127 1553 2194 Grete Garay, Frl. Grete Schutz und Frl. Mizzi Proksch
391 2178 1562 2244 abwechselnd mit den Herren: Direktor Hugo Lischka¬
526 2286 1663 2371 Raul, Paul Kronegg, Walter Rene und Alfred Fel¬
529 2352 1676 2429 den teilten; außerdem belebte auch eine Tanznummer,
526 2399 1678 2475 ausgeführt von Frl. Grete Garay und Walter Rene,
534 2443 1678 2524 das Programm. Das Publikum unterhielt sich bei
530 2489 1679 2577 diesen Darbietungen recht gut und ließ es auch an
542 2537 1678 2619 lebhaftem Beifall nicht fehlen. Was wir indessen noch
537 2589 1689 2669 besonders hervorheben möchten, das ist die ungemein
536 2641 1678 2721 feinsinnige und diskrete Klavierbegleitung der Ge¬
546 2700 1682 2784 sangsnummern durch Herrn Kapellmeister Egon Neu¬
542 2727 1670 2819 mann. Hierin lag so viel Kunst, daß wir ganz über
548 2789 1666 2873 rascht davon waren. In Schnitzlers „Abschiedssouper
545 2829 1686 2926 lag die Rolle der Annie in den Händen des Fris.
550 2879 1664 2962 Grete Garay, welche das leichtsinnige Theatergeschöp
546 2938 1692 3015 unter deren Oberflächlichkeit doch noch etwas wie ein
552 2987 1686 3065 Kern von Ehrlichkeit schlummert, gelungen zur Dar¬
553 3025 1694 3127 stellung brachte. Den Anatol verkörperte Herr Hart¬
550 3091 1699 3161 mann-Haase, der den betrügenden und betrogenen
546 3132 1688 3219 Liebhaber nur um ein weniges zu schwerfällig ge¬
550 3176 1697 3272 staltete. Die Partie des Max ist zu geringfügig, als
553 3250 1567 3307 daß sie besonders in Betracht kommen könnte.
558 3285 1708 3362 kann also der „Kleinkunstabend“ vom vergangenen
559 3319 1697 3412 Montag im großen und ganzen als ein recht unter¬
550 3367 1699 3465 haltender bezeichnet werden, von dem nur eines zu
562 3425 1698 3530 bedauern ist: daß er kein ausverkauftes Haus ge¬
555 3498 794 3584 macht hat
715 3536 996 3622 0 .. . . . .
2140 515 3253 593 Ausschnitt aus: Karlsbader Tagblatt
2142 639 2297 694 vor:
2251 750 3222 832 Stadttheater. Freitag den 30. Juli:
2078 799 3225 851 „Bunter Kleinkunstabend. Scherz und Ernst moder¬
2078 850 3222 901 ner Autoren. Dem Zuge der Zeit und dem Ge¬
2080 895 3219 961 schmacke des Publikums nach Abwechslung Rechnung
2076 948 3219 1021 tragend gab es Freitag im Stadttheater einen Bun¬
2088 1038 3232 1111 ten Kleinkunstabend, welcher dem Ernst der Tage, wie
2088 1088 3231 1168 dem Scherze gleichmäßig gerecht zu werden bestrebt
2094 1146 3228 1209 war und in dessen Mittelpunkte der Einakter Nr. 5
2088 1188 2980 1263 auf Arthur Schnitzlers „Anatol=Zyklus
3021 1206 3227 1270 „Anatols
2098 1244 3230 1321 Hochzeitsmorgen stand. Aus dem Zyklus dieser fünf
2101 1289 3237 1364 Einakter haben wir bereits den dritten, „Abschieds¬
2098 1333 3240 1413 souper, kennen gelernt, weshalb der Wunsch, die Büh¬
2095 1384 3227 1459 nenleitung möchte doch einmal den gesamten Zyklus
2092 1431 3228 1508 an einem Abend herausbringen, gewiß einige Be¬
2089 1485 3225 1561 rechtigkeit hat. „Anatol“, welcher einen Teil, nämlich
2088 1521 3222 1600 den leichtlebigen Teil jener Jugend darstellt, der im
2086 1577 3219 1642 lustigen Dreivierteltakt die Freuden des Lebens ge¬
2085 1622 3219 1694 nießt, der so wehmütig lustig durchs Dasein schreitet,
2080 1678 3213 1746 nimmt in diesem Einakter Abschied von seiner Jung
2078 1726 3216 1788 gellenherrlichkeit, während im Nebenzimmer seine
2083 1783 3219 1848 ahnungslose Freundin Ilona weilt. Und wenn Max
2078 1828 3225 1898 dieser zur Tröstung zuflüstert, daß die Verheiratung
2086 1867 3222 1940 Anatols gar nicht so tragisch zu nehmen sei, da man
2082 1930 3230 1999 zur Geliebten ja jederzeit zurückkehren könne, weshalb
2076 1983 3219 2053 auch Ilona nur mit einem „Auf Wiedersehen" von
2078 2010 3216 2102 den Räumen, in denen Anatol haust, Abschied nimmt,
2083 2067 3215 2152 so glauben wir dieser Versicherung nicht nur aufs
2075 2123 3221 2190 Wort, sondern sind sogar fest davon überzeugt, daß
2070 2161 3213 2253 dieser Hochzeitstag im Leben Anatols nur ganz ge¬
2075 2232 3213 2291 ringe Aenderungen bewirken werde. Gegeben wurde
2076 2260 3215 2343 der Einakter von Frl. Kadelburg (Ilona) und den
2073 2320 3208 2391 Herren Hartmann-Haase (Anatol) und Karma (Max)
2069 2381 3208 2450 ganz flott und fand daher auch eine freundliche Auf¬
2078 2421 3216 2489 nahme. Umrankt war der Einakter von allerlei kaba¬
2072 2476 3211 2537 rettistisch gefärbten und zugespitzten Kleinigkeiten.
2075 2517 3213 2581 Herr Karma brachte als Einleitung des ersten Teiles
2075 2573 3213 2641 zeitgemäße Kriegsgedichte; Frl. Grete Schulz er¬
2075 2618 3215 2686 probte ihre geschmackvolle Gesangskunst an Schubert¬
2066 2662 3208 2738 liedern: „Ave Maria, „Es war, als hätte der Him¬
2066 2723 3205 2777 mel die Erde geküßt, und „Lotosblume“, während
2066 2758 3200 2828 Herr Schnepf sich uns erstmalig als im Besitze eines
2063 2816 3211 2879 angenehm klingenden Baritons vorstellte und mit
2059 2856 3199 2930 dem „Doppelgänger“ und „Ich hab' im Traum ge¬
2063 2916 3203 2983 weint, beim Publikum einen ganz guten Eindruck
2063 2955 3202 3031 hinterließ. Frl. Brahm erschien als Karlchen Mies¬
2059 3019 3199 3085 nick auf der Bühne und brachte zwei Schularbeiten
2059 3066 3199 3126 zur Verlesung; Herr Walter Renee schloß darauf die
2054 3110 3194 3184 erste Abteilung des Bunten Teils mit scherzhaften Lie¬
2054 3157 3202 3224 dern, die nur in Kabarettluft gut gedeihen. Die
2053 3213 3196 3281 zweite Abteilung des Bunten Teiles eröffnete Frl.
2054 3263 3190 3320 Scarron wieder mit kunstvoll gesungenen Schubert¬
2063 3300 3187 3378 liedern, darunter „Liebesbotschaft“ und „Heideröslein",
2048 3352 3190 3421 denen Herr Hans Trostli einige kleine Scherzlieder
2054 3399 3197 3473 folgen ließ, worauf ein Menuett, von vier Paaren
2054 3459 3186 3526 zierlich getanzt, so mächtig einschlug, daß es wieder¬
2047 3501 3193 3580 holt werden mußte. Den Beschluß bildete Herr Al¬
2059 3551 3193 3622 fred Felden mit zwei Liedern: „Jessas, nur net fort
2048 3612 3184 3678 von Wien“ und „Gott strafe England aus der Ope¬
2047 3657 3189 3724 rette „Rund um die Liebe". Die Klavierbegleitung
2054 3695 3184 3760 der Gesangsvorträge wurde bis auf Herrn Walter
2048 3749 3193 3815 Renee, der dies selbst besorgte, vom Herrn Kapell¬
2048 3803 3189 3857 meister Bruno Pleier durchgeführt, die, diskret und
2048 3843 3190 3911 kunstverständig in ihrer ganz besonderen Art, die
2043 3894 3196 3992 vollste Anerkennung verdient. Das Haus war leider
2041 3942 2464 4022 nur schwach besucht.
