3436 4352
377 156 1185 205 er verungen
383 186 1185 248 der aus dem Gefängnis vorgeführte Herr
383 239 1187 295 Muth nicht vorgebracht hätte, daß es
374 274 1185 362 schließlich „Logen in hunderten Lokalen
383 329 1189 395 gäbe, Logen mit und ohne Vorhang, ja,
381 381 1183 440 daß man in eingeweihten Kreisen sogar
381 426 1189 489 von der Erfindung von Jeparées munkle,
381 473 1187 536 und daß der Wirt bei bestem Willen
377 520 1183 587 nicht jedem Logenpaar eine Gouvernante,
377 571 1183 638 nicht jedem Separéebesucher eine An¬
381 612 1183 677 standsdame beigeben könne. Hier näm¬
383 661 1183 722 lich wird der Fall zu einem Wiener „Be¬
381 716 1187 771 lang, zu einer höchst wienerischen An¬
383 769 1183 855 gelegenheit, ja zu einem Wiener Frem¬
377 804 784 894 denverkehrs problem.
424 839 1189 921 In allen Ländern der Welt nähren sich
383 900 1191 976 Fremdenverkehr und Film von gewissen
383 949 1189 1011 klischechaften Vorstellungen. In Holly¬
383 990 1191 1066 wood drehen ausgewanderte Urwiener
381 1060 1191 1111 Heurigentüme, die von einer fürchter¬
387 1091 1193 1162 lichen Unkenntnis der Heurigenwelt
385 1146 1185 1220 zeugen — in der klagen Erkenntnis, daß
385 1191 1191 1260 man sich in USA eben vom Heurigen eine
383 1238 1191 1312 gewisse Vorstellung gemacht hat und daß
387 1285 1193 1357 man überaus beleidigt wäre, eines Besse¬
385 1338 1193 1412 ren belehrt zu werden. Auch die Frem¬
385 1379 1195 1447 den haben leider Klischeevorstellungen,
385 1428 1191 1488 Phantasieschablonen, und eine kluge
385 1477 1193 1539 Fremdenverkehrswerbung hat allen An¬
387 1527 1193 1586 laß, die Schnitzlersche Welt, die zu der
385 1572 1193 1633 Wiener Welt des Auslandes geworden
387 1614 1193 1684 ist, diese, meine halben, nogene und
383 1670 1191 1731 unwirkliche Schnitzlersche Welt der
818 1715 1191 1786 an den
385 1766 1191 1844 mentalitäten, der leinen Gespräche im
385 1815 1189 1878 Halbdunkel eines Se, vées, des ver¬
385 1862 1195 1921 stohlenen Händedrucks hinter einem
387 1905 1193 1968 dunkelroten Plüsch vorhang — der Hüter
387 1956 1193 2022 des Fremdenverkehrs hat allen Grund,
385 2001 1193 2079 diese Schnitzlersche Welt unter Denk¬
385 2056 806 2130 malschutz zu stellen.
428 2071 1195 2163 Das Separée spielt in der altösterrei¬
385 2144 1197 2232 chischen Geschichte, also in der Ge¬
385 2189 1193 2294 schichte der großen Habergerzeit
385 2237 1068 2298 Österreichs, eine gewaltige Rolle
391 2294 1199 2361 den Separées des Hotels Altösterreich
385 2333 1193 2415 der Anna Socie trafen sich die Herr¬
387 2382 1193 2458 scher halb Europas, hier servierte Ober
391 2435 1201 2496 Wagner dem Kronprinzen Rudolf und
393 2478 1193 2558 Johann Orth es war zu jener Zeit des
391 2531 1195 2589 aristokratischen Liberalismus nicht üb¬
391 2570 1191 2629 lich, Vorhänge zu luften, die man zuge¬
387 2625 1193 2676 zogen, Türen aufzureißen, die man ver¬
393 2674 1185 2734 sperrt hatte. Das „vivre et laisser vivre
393 2722 1193 2779 das Leben und Lebenlassen war ein echt
391 2769 1199 2830 österreichischer Grundsatz, und ein
399 2807 1199 2867 Grundsatz, der Wien auf der ganzen
391 2863 1203 2922 Welt populär gemacht hat. Man hegte
393 2904 1199 2967 einen tiefen Abscheu gegen Schnüffelei,
403 2959 1199 3020 erotisches Arretieren und Ordnungs¬
399 3006 1197 3065 strafen des Sexuallebens, und in dem
405 3055 1193 3125 1852 erschienenen Strafgesetzbuch
397 3106 1193 3178 ist für das Verbrechen des „Unter¬
399 3159 1207 3215 schleifs zur Unzucht von Seite der
397 3194 1189 3262 Gast- und Schankwirte nur eine Geld
397 3235 1193 3303 strafe von 25 bis 200 Gulden ausgesetzt
391 3290 1187 3352 So paradox es klingen mag: dieses Zu
393 3342 1193 3401 lassen von Logen mit und ohne Vorhang
393 3389 1209 3450 von Nischen, müchglasumschlossenen
1244 2224 2042 2300 Kabinen und Separées war schamhafter
2087 2220 2476 2306 keine „Weinlogen
2572 2239 2897 2302 nicht weil man
1248 2292 2044 2345 und diskreter als das Hineinleuchten in
2087 2277 2883 2347 sittlicher, sondern weil man unsittlichen
1244 2343 2050 2404 jedes Extrazimmer einer Weinstube. Daß
1248 2382 2036 2439 es heute noch, wie eh und je, Stunden¬
2128 2353 2887 2453 Man wird schon Grund gehabt haben,
1244 2425 2042 2492 Hotels gibt und Absteigequartiere, ist ein
2093 2435 2889 2486 wenn man die Herren Senior und Junior
1248 2476 2044 2537 offenes Geheimnis. Warum also dulden
2089 2482 2889 2529 und Selberherr eingesperrt hat. Aber man
1238 2529 2038 2578 und zulassen, was hinter der versperrten
2093 2529 2889 2584 will auch annehmen, daß es ungewöhn¬
1248 2574 2034 2634 Türe eines schmutzigen, vorstädtischen
2095 2576 2891 2627 liche Dinge gewesen sind, die sich das
1244 2619 2042 2697 Stundenhotels geschieht und verhindern,
2101 2623 2889 2681 gastwirtliche Kleeblatt zu Schulden
1244 2668 2036 2724 was sich — weit Harmloseres — hinter
2087 2670 2889 2740 kommen ließ, daß tatsächlich der Absatz
1248 2709 2038 2781 einem nur flüchtig zugezogenen Vorhang
2095 2711 2871 2779 a) des § 512 von den „Schanddirnen
1242 2758 2042 2836 abspielen mag? Warum vergröbern und
2087 2764 2883 2820 und ihrem „unerlaubten Gewerbe zu
1244 2801 2050 2877 verpobeln, was gerade in Wien so sul
2093 2807 2889 2867 Recht bestand. Denn man will nicht
1248 2848 2044 2910 und fein gewesen? Ob das Separée eine
2093 2852 2883 2920 glauben, daß in dieser Zweimillionen¬
1248 2906 2048 2967 Wiener Erfindung ist, weiß ich nicht in
2095 2908 2887 2967 stadt schon jede Frau eine „Schand¬
1248 2957 2044 3010 andern Städten spielt sich das Liebes¬
2093 2955 2889 3020 dine, wie es im Gesetz, oder eine
2093 3004 2893 3061 „Hübschlerin, wie es im alten Deutsch
1248 2992 2056 3059 spiel sicher nicht in Separées ab, ucht
1248 3051 2048 3106 verhalten und leise, da geht kein zarter
2087 3051 2883 3114 heißt, wird, wenn sie eine Stunde lang
1248 3098 2040 3155 und diskreter Kampf mit allen aufge¬
2089 3098 2885 3149 ein Paar, Gläser Wein hinter einem zu¬
1248 3143 2038 3200 zogenen Registern, in anderen Ländern
2099 3141 2887 3209 gezogenen Vorhang trinkt, nicht
1248 3186 2038 3256 gibt es nichts zwischen dem Bierlokal,
2089 3192 2889 3264 glauben, daß jeder Wirt zu einem
1248 3247 2044 3305 wo man resche Kellnerinnen belästigt,
2087 3243 2885 3313 „Unterhändler unerlaubter Verständ¬
1248 3290 2038 3346 abtätschelt und kneift und dem Stunden¬
2089 3280 2816 3356 nisse“ — 30 heißt es im Absatz c)
1248 3337 2036 3393 hotel, wo man sich im Dunkel ein¬
2089 3329 2885 3389 wird, wenn er seine Weinstube nicht als
1248 3382 2889 3452 schleicht. In anderen Städten gibt es übersichtliche Turnhalle haut, nicht
2947 2214 3354 2302 glauben, daß ein ge¬
2934 2294 3356 2351 Rascheln eines Klei¬
2938 2335 3315 2398 lachen schon als
2938 2382 3356 2449 sonen“ bezeichnet u
2928 2433 3346 2498 sich Absatz b) des
2973 2474 3354 2543 Es geht keinesweg
2928 2519 3358 2591 nate des Herrn Muth
2934 2568 3354 2638 Monat des Herrn Mi¬
2932 2619 3354 2689 drei Wochen des H.
2938 2664 3350 2736 geht bloß darum, da¬
2934 2715 3356 2781 Unsittlichkeit, die Ind
2938 2760 3356 2834 beginnt, wo man ei¬
2928 2807 3360 2887 zuzieht. Sondern de
2926 2861 3123 2930 liftet
2930 2988 3350 3076 ALLGEMEINE VERSCHE
2928 3204 3350 3276 Zusammenschluß von Phönig¬
3241 3264 3325 3315 1860
2928 3268 3096 3317 Gegründet
2932 3286 3360 3356 Direktion und General-Repri¬
2973 3344 3356 3376 Wagner-Platz 5, Alserplatz
2932 3356 3356 3415 Uebernahme sämtlicher Scha¬
3045 3405 3356 3462 kulantesten Bedingu¬
