3484 4256
397 157 926 268 4.9. Anatol
953 165 1331 290 Zyklus
1517 165 1887 292 box 8/5
960 1102 1433 1219 Von Schnitzler
958 1201 1140 1284 Anatol
1029 1256 2268 1321 chtzehn Jahre lang hat man irgend einem dramatischen Nah¬
1119 1321 2263 1381 rungsmittel, von Schnitzler oder sonstwem, den einen oder
981 1362 2271 1443 den andern Anatol-Akt vorausgeschickt, um den Appetit zu
966 1428 2267 1513 reizen, oder hinterhergeschickt, um die Verdauung zu befördern. Kein
973 1475 2262 1558 guter Gedanke, plötzlich eine ganze Theatermahlzeit mit dem Anatol¬
981 1532 2270 1608 Zyklus zu bestreiten. Zum Schluß war einem so flau, daß man viel
978 1584 2267 1659 für ein Stück Kommißbrot gegeben hätte. Dabei ist unverständlich,
973 1646 2270 1706 daß Brahm sich diesen Verlauf nicht selbst, daß Schnitzler ihn nicht vor¬
973 1693 2270 1769 hergesagt hat. Auf unsern deutschen Bühnen probiert ein jeder, was
974 1749 2270 1819 er mag, wenn es auch nur die entfernteste Aussicht auf Erfolg hat.
981 1801 2270 1879 Daß also von einem Dichter dieses Ranges, einem Autor dieses Markt¬
978 1860 2267 1926 werts eine Serie heiterer kleiner Stücke, die seit einem halben Menschen¬
974 1913 2267 1980 alter vorliegt, niemals im Zusammenhang gespielt worden ist: dieser
981 1960 2271 2028 Tatbestand allein und die Einsicht in die Berechtigung dieses Tatbestandes
978 2020 2270 2098 hätte alte Praktiker von dem Experiment abhalten sollen. Erfreulicher¬
978 2064 2273 2138 weise hatte das Experiment nicht sieben, sondern wenigstens blos fünf
984 2134 2278 2200 Teile. Davon ist der vierte Teil ganz, der zweite halb mißglückt, ist
984 2182 2271 2250 der erste Teil leidlich, der fünfte genügend und der dritte völlig geglückt.
978 2236 2270 2304 Diesen dritten Teil — das Abschiedssouper — haben ungefähr sämt¬
987 2296 2281 2359 liche deutschen Bühnen gespielt. Um zu beweisen, daß sie weise daran
987 2339 2276 2433 getan haben, brauchte das Lessingtheater wirklich keinen besondern
984 2408 1415 2477 Abend zu veranstalten.
1072 2421 2279 2518 Was im Laufe dieses Abends immer mehr ermattet und verdrießt,
986 2500 2267 2571 ist die Einförmigkeit seines Inhalts. Anatol wird fünfmal von der
987 2557 2279 2628 selben Seite gezeigt. Wenn er weiter keine Seite hat? Eben darum
984 2613 2279 2683 reichte es aus, ihn einmal von dieser Seite zu zeigen. Er ist ein
984 2669 2283 2732 homme à femmes, der vielen Frauen unwiderstehlich ist, und dem alle
984 2720 2276 2792 Frauen unwiderstehlich sind. Was heute schon nicht mehr das ganze
986 2776 2275 2852 Leben der Frau ausmacht, macht noch das ganze Leben dieses Männ¬
984 2829 2279 2896 chens aus. Schnitzler selbst ist längst über den Typus hinausgewachsen.
994 2883 2283 2956 Die Eheleute in seinem Zwischenspiel sind Erotiker bis über die
991 2943 2283 3017 Ohren; zugleich sind sie geniale Musiker, die Frau nicht minder als
982 2991 2283 3063 der Mann. Anatol aber verrät mit keiner Silbe, ob er eine menschen¬
984 3051 2283 3118 ähnliche Existenz führt, geteilt zwischen die verschiedensten Interessen,
994 3103 2283 3181 eine Existenz, in der die Liebe ihren Platz hat und nicht alles beherrscht.
987 3158 2283 3220 Er kennt nur einen Gesprächsgegenstand: die Liebe. Himmel und
991 3205 2286 3285 Erde bewegen sich für ihn nur um einen Pol: die Liebe. Er ist sich nur
2176 3296 2279 3392 1261
