3436 4256
263 243 1221 336 4.9. Anatol - Zyklus
787 1610 1026 1684 „Anatol.
708 1670 1118 1742 Von Arthur Schnitzer.
726 1721 1094 1806 Kammerspiele.
322 1776 1496 1843 Arthur Schnitzlers Früh= und Erstlingsbräuchen vom Liebeln des
322 1847 1501 1894 braven Jünglings Anatol — schier dreißig Jahre sind sie alt — sahen
325 1887 1499 1952 am Freitag abend in den Kammerspielen ein bißchen schwindsüchtig
313 1940 1502 2004 drein. Versunkene Glocken. Krieg und Revolution haben tiefe Klüfte
325 1987 1501 2047 aufgerissen zwischen den Wiener Literaturidealen von 1890 und den
322 2035 1498 2092 Zielen und Idealen, die man heute bei den so arg veränderten Um¬
331 2084 1495 2150 ständen für unsere Dichter wohl gern aufstellen möchte — eigentlich
322 2131 1501 2184 aufstellen müßte. Die Kinder von Anatols Geist, seine Drächen und
325 2183 1492 2236 Dänichen, sind heute jedenfalls die allerüberflüssigsten Einwohner
322 2230 1485 2299 Deutschlands, und ihre Freuden und Leiden brauchten uns am wenig
325 2285 980 2341 sten zu kümmern und zu interessieren.
342 2326 1498 2393 über den Abend ist gar zu wenig zu sagen. Erika v. Thellmann,
316 2388 1498 2440 Margarete Christians, Margarete v. Bucovics, Stelle Arbenina spielten
319 2434 1498 2495 vier Variationen des kleinen süßen Mädels, wie sie im Reigen von
319 2483 1501 2542 51—101 durch die bewegliche Seele Anatols hingleiten. Jede be¬
325 2533 1501 2594 eiferte sich, ein anderes neues Gesicht ein zu zeigen und eine Toilette
325 2583 1492 2640 aus Beckers Wiener Modehaus zu mannequinieren. Und Lina Lossen
322 2628 1501 2688 spielte sogar die Dame, neidisch auf solches Glück. Man fühlte sich
328 2679 1498 2733 immer wieder als Begnadigter, Lina Lossen auf der Bühne zu sehen;
325 2734 1496 2807 viel zu selten, ach zu selten wird's einem zuteil, und ein seelischer
325 2774 1250 2850 Ton zitterte selbst an diesem Abend durch das Haus.
356 2824 1491 2897 Anton Edthofer muß den Anatol aus den grauen Monotonien noch
322 2881 1496 2944 ein bißchen herausbringen und neben dem nainen harmlosen Jüng¬
316 2934 1498 2993 ling auch den gewaltigen Herzensbrecher und Bonvivant ein wenig
322 2983 1491 3036 herauskehren. Würdig und gespaßig sah Hermann Thimig mit
319 3028 1377 3095 goldener Brille als Mentor Schnitzlerscher Lebenskunst drein.
1257 3073 1458 3138 Julius Karl
1378 235 1735 339 box 9/3
1834 2026 2097 2141 „Anatol.
1545 2097 2397 2197 Neuenstudierung in den Kammerspielen.
1612 2169 2397 2239 in Arthur Schnitzer=Abend — nicht
1559 2230 2387 2274 weniger als fünf Einakter des „Reigen=Dich
1559 2261 2397 2314 te alle auf, den gleichen Ton gestimmt, nach
1551 2298 2400 2360 den Namen des „Helden" „Anatol“ genannt.
1562 2348 2397 2391 Einer dieser Einakter betitelt sich „Episode-
1559 2375 2397 2437 sie könnten alle so heißen, denn sie behandeln alle
1559 2416 2401 2490 nur Episoden aus dem Leben des vielgeliebten
1562 2459 2400 2515 Anatols. Besonderen Reiz bekam die Ausfüh¬
1562 2496 2397 2549 rung dadurch, daß man in jedem Stückchen auch
1562 2542 2397 2588 immer ein neues, weibliches Wesen zu sehen be¬
1562 2575 2399 2631 kam — so wie es einst im Leben dieses Mannes
1565 2616 2066 2678 wirklich gewesen sein konnte.
1621 2628 2385 2708 In der „Frage an das Schicksal
1567 2687 2404 2745 spielte Erika von Thellmann die süße Coco,
1562 2728 2407 2784 die hypnotisiert wird und in der Hypnose (in der sie
1567 2765 2410 2829 sogar ihr wirkliches Alter gesteht) verraten soll,
1562 2813 2409 2861 ob sie Anatol immer treu gewesen sei, seitdem
1565 2845 2409 2909 sie ihn liebt. Doch — er wagt die Frage nicht
1562 2891 2412 2943 an sie zu richten, will weiter an sie glauben. In
1562 2923 2406 2983 den „Weihnachtseinkäufen", dem zwei¬
1565 2963 2410 3011 ten Einakter, gab Lina Lossen die elegante
1567 3002 2410 3052 Dame, die ebenso lieben könnte, wie das Vor¬
1565 3040 2410 3089 stadtmädel, doch nicht den Mut dazu gefunden
1565 3082 2410 3129 habe“ — wie sie sagt. Hier waren ein paar
1570 3120 2406 3170 schöne Akkorde angeschlagen worden — man be¬
1567 3159 2415 3207 dauerte es, daß die Melodie nicht weiterklana.
1562 3206 2415 3247 der Vorhang so bald fiel. Im sattsam bekannten
1567 3230 2413 3290 „Abschiedssouper war es Margarethe
1565 3280 2412 3332 Christians, die den dritten Mädchentypus
1562 3314 2413 3383 zeichnete, das übermütige, lustige Ballettmädel
1565 3355 2409 3403 Annie. In der „Episode", einem Liebes¬
1565 3388 2410 3435 idyll, das nur zwei Stunden gedauert, gab Mar¬
1565 3429 2409 3487 garethe von Bukovics die reisende Schau¬
1565 3477 2418 3521 spielerin, die beim Wiedersehen mit Anatol keine
1559 3502 2434 3561 Ahnung mehr von seiner Existenz hatte, ihn mit
2444 2002 3286 2079 einem Herrn aus Petersburg verwechselte, obwohl
2444 2054 3284 2112 er in dem Glauben gelebt hatte, daß er ihr für
2444 2101 3292 2152 immer unvergeßlich sein müsse. Und endlich in
2450 2129 3284 2190 „Anatols Hochzeitsmorgen" tobte sich
2441 2165 3283 2227 Stella Arbenina als leidenschaftlich¬
2444 2209 3284 2254 rassige Geliebte aus, die nur durch das Da¬
2444 2248 3284 2308 zwischentreten des Freundes Max so weit ge¬
2449 2285 3292 2344 bändigt werden konnte, daß Anatol im letzten
2447 2328 3298 2387 Augenblick zu seiner Hochzeit entfliehen konnte.
2509 2363 3293 2425 Diesen Freund Max, der auch in den meisten
2456 2404 3292 2462 andern Stücken auftrat, gab Hermann Thimig
2453 2441 3290 2498 mit Humor und Verständnis für jegliche Si¬
2453 2480 3296 2536 tuation. Verwunderlich nur, daß er der Freund
2459 2526 3302 2570 dieses Anatol sein konnte, dieses Menschen, der
2464 2566 3292 2620 jedem andern männlichen Wesen mit seinen
2453 2594 3304 2644 ewigen Weibergeschichten auf die Nerven gefallen
2467 2634 3298 2687 wäre. Anton Edhofer gab ihn, wie es das
2467 2672 3298 2739 Stück verlangte, begeistert, blasiert, sentiment,
2456 2718 2804 2787 erbost oder komisch.
2512 2727 3298 2802 So hatte der Abend einen guten Klang, und
2459 2787 3296 2841 das für solche Liebeleien noch interessierte Publi¬
3133 2826 3283 2879 E. Gr.
2464 2830 2935 2884 kum amüsierte sich köstlich.
