3436 4256
1345 230 1696 335 box 8/6
887 227 1156 347 Zyklu-
224 221 856 360 4.9. Anatol-
1626 1645 2179 1765 Häfen vombardieren wird.
344 1655 1610 1759 Man muß nur diesen Universitätsprofessor Griselius auf sich wirken
1961 1708 2485 1803 In Tripolitanien.
347 1727 1598 1816 lassen, der an Lottchens 20. Geburtstag das Töchterchen „aufklären
357 1768 1607 1847 möchte, damit es nicht zu seinem eigenen Schaden unwissend in die
1787 1737 2880 1847 Tripolis 17. Nov. (Agenzia Stefani.) Das schlechte
354 1809 1607 1898 seiner schon winkende Ehe hineintritt“ und der sich vergeblich ab¬
1629 1809 2883 1898 Wetter dauert zu Lande wie auch auf dem Meere an, sodaß
354 1860 1598 1936 müht, wenigstens auf Seite des ganz verwirrten Bräutigams in spe¬
1636 1866 2889 1951 Kriegs= und Handelsschiffe die Reede verlassen und die
354 1901 1604 1977 des Privatdozenten Dr. Appel die notwendigen Vorkenntnisse au
357 1907 2883 2030 dem erwähnten heiklen Gebiete zu finden. Was ihn umso bestürzter hohe See aufsuchen müssen. Auf der Ostfront kam es zu
360 1961 2889 2071 macht, als Dr. Appel doch Zoologe ist! (Allerdings nur mit den einem Zusammenstoß, bei dem einige Schüsse gewechselt wur¬
360 2008 2889 2119 Spezialstudien der Borkenkäfer.) Bis dann Lottchen, das so unden. Die italienische Artillerie brachte eine Kamelkarawane,
1645 2052 2895 2134 die die Küste von Osten nach Westen durchzog, durch ihr
360 2078 1617 2160 wissende Kind, selbst die Situation dadurch rettet, daß sie erzählt, sie
2163 2103 2899 2169 Die Patrouillen, die andauernd
1639 2128 2131 2194 Feuer in Unordnung.
363 2125 1610 2207 habe, um einmal im Falle einer Nichtverheiratung selbständig sich
1642 2153 2899 2236 die Dase durchstreifen, entdeckten an verschiedenen Stellen etwa
360 2176 1617 2254 betätigen zu können, einen — Hebammenkurs durchgemacht und so¬
1636 2194 2899 2292 zehntausend Patronen, Zahlreiche andere Patronen explodier¬
363 2210 1617 2299 eben das Schlußexamen glänzend bestanden. „Junger Mann", meint
1645 2242 2892 2330 ten bei der Verbrennung eines großen Haufen Unrat. Die Ar¬
363 2261 1617 2349 nun Professor Griselius, durchaus über Lottchen beruhigt, zu dem
1648 2286 2899 2400 beiten, besonders die zur Unterbringung der Truppen, dauern
363 2302 1613 2403 glücklichen Bräutigam, „junger Mann, damit ist die Sache allerding¬
366 2374 745 2444 wesentlich anders.
1648 2371 1746 2447 fort.
1781 2355 2895 2466 Tripolis, 18. Nov. (Agenzia Stefani.) Die türkischen
436 2368 1613 2475 Wie eine richtiggehende Biertisch-Anekdote ist das ganze Stück
363 2441 1617 2513 chen Ludwig Thomas nur um dieses schreienden Witzes wegen da
369 2438 2899 2554 über den der Vorhang sofort sanft errötend fällt, während das Pub=Stellungen sind durch Ueberschwemmung des Medschenin¬
1655 2479 2892 2564 flusses stark gefährdet. Die Türken versuchten den Lauf der
369 2520 1617 2605 likum in den mit Recht so beliebten Lachsturm ausbricht. Sonst dar
1651 2532 2902 2608 Flusses in der Richtung er italienischen Verschanzungen abzu¬
369 2564 1620 2640 man von dem Dramatiker Thoma nicht viel verlangen, der aus den
379 2570 2905 2690 Jargon des „Lieber Simplizissimus hier nun einmal nicht heraus leiten. Die Gefahr wurde aber durch Sappeure und Genietrup¬
366 2640 2188 2734 kommt und damit nicht mehr gerade sehr originell ist. Aber das pen rechtzeitig abgewendet.
1721 2633 2899 2744 h Tripolis, 18. Nov. Am Sonntag früh wurde die Be¬
366 2700 1582 2775 Lachen hat er nun einmal doch in seinem Geleite, und hatte es a
1651 2709 2902 2791 satzung von ceraschat von 20 türkischen Infanteristen ange¬
369 2741 1623 2823 gestern, wo der Professor des Herrn Dapper sehr drastisch war und
1651 2747 2908 2839 griffe, die wurden zurückgeschlagen. Die mehrere Kilo¬
376 2788 1607 2864 Herr Rex als Privatdozent wieder eine gute Charakteristik bot.
1655 2791 2905 2870 meter ernte Dase Ain Zara wurde von italienischer Artillerie
445 2826 1629 2902 Die kluge Professorsfrau, die da meint, daß ein einziger Früh¬
1655 2835 2905 2918 beschossen, doch ohne Erfolg. Zurzeit sind alle sechs Aero¬
379 2867 1623 2943 lingstag von selbst die Aufklärung der jungen Mädchen besorgt, wurd
373 2899 2131 2990 durch Frau Pix vertreten. Sie und Frl. Frauendorfer als plane unbrauchbar.
1724 2911 2914 3003 Am Sonntagmittag sandten die Italiener sechs vornehme
382 2946 1626 3034 sehr gut gespielte Schwester des Professors und Frl. Holm als ein
1655 2971 2918 3044 tripolitanische Bürger mit Seiman Bey als Sprecher zu den
382 2993 1626 3072 herziges Lottchen, dessen harmlose Aufgeklärtheit als staatlich geprüft
1655 3009 2918 3094 Araber hinaus, um mit ihnen zu verhandeln. Sie brachten
379 3047 1626 3129 Hebamme durchschlagend wirken mußte, dazu Frl. Genter in de
1651 3053 2905 3135 als Antwort wörtlich folgendes: „Für uns ist nebeneinander
379 3082 1528 3180 guten Charge als Dienstmädchen gaben das Stück sehr amüsant.
458 3107 2510 3208 Die Regie aller drei Einakter führte Herr Kienscherf, der nicht Platz. Wirsterben oder Ihr!"
1727 3110 2911 3214 h Tripolis, 18. Nov. Das auf dem italienischen
376 3164 1629 3249 nur auf ein flotteres Tempo hätte sehen müssen. Im Anatol=Stü=
382 3170 2918 3306 machte die Straße mit den Auslagen der Weihnachtsgeschäfte — wohl inken Flügel kürzlich gewonnene Kilometer Terrain ist am
1661 3224 2918 3303 Sonntag mittag nach längerem Gefecht von den Türken zurück¬
379 3268 1345 3360 eine Arbeit Albert Wolfs — einen hübschen Eindruck
1648 3265 2943 3363 erobert worden, weil die Italiener bei ihrem Vorrücken eine
1329 3290 1610 3372 Albert Herzog.
2895 1613 3069 1708 dere
2899 1699 3056 1752 Rheinkl
2905 1743 3053 1793 Salama
2908 1787 3063 1838 Traine
2955 2327 3300 2466 kais. Juni
2962 2444 3300 2513 Größtes Spezialge
2959 2491 3303 2558 stoffen, Passement
2962 2539 3300 2618 schuhen, Strümpfe
3066 2583 3296 2649 Ständiger
2952 2602 3296 2693 Blusen, U
2996 3170 3293 3265 Antiseptische
