3296 4224
1288 212 1629 311 box 8/6
166 224 1101 323 4.9. Anatol - Zyklus
1312 807 1590 893 Telephon 114
768 872 1313 1048 OBSER
715 1020 1654 1100 Unternehmen für Zeitungs¬
807 1073 1454 1140 Ausschen Bibliographie.
789 1125 1498 1207 Wien, I., Concordiaplatz 4.
1004 1204 1282 1270 Vertretungen
619 1233 1659 1307 Brüssel, Budapest, Chicago, Clevelandt,
606 1295 1659 1348 Genf, Kopenhagen, London, Madrid, Mailand, Minneapolis,
606 1334 1667 1391 New-York, Paris, Rom, San Francisco, Stockholm, St. Peters¬
995 1374 1274 1426 burg, Toronto.
953 1395 1310 1473 alors sans doute,
704 1452 949 1544 aus
765 1521 942 1586 1911
824 1699 1561 1834 Kleines Feuilleton.
732 1826 1731 1901 Frankfurter Schauspielhaus. Eine Reihe von
619 1868 1737 1936 Fünfminuten=Dramen: — das ist unser Leben. Es scheint,
622 1912 1724 1961 wir haben nicht die Zeit mehr, großkomponierte, weit und hoch
620 1957 1735 2006 geschwungene Tragödien, recht nach der Regel mit Auftakt,
622 1994 1735 2045 Steigerung, Kampf, Ermatten und neuem Kampf, mit Ta¬
622 2031 1731 2088 und Sieg, zu erleben; wir begegnen uns in Trubel und Tau¬
622 2068 1737 2120 mel, Ameisen des Großstadtpflauers, wir tauschen für Augen¬
622 2112 1737 2152 blicke — die Uhr in der Hand — gleichgültig klingende Worte,
627 2149 1741 2202 schon scheiden wir lächelnd, indes: ein leiser Nadelstich den
619 2190 1727 2241 Schmerzes läßt, dem Dolchtich in der großen Tragödie gleich
624 2223 1738 2273 uns plötzlich spüren, daß eben in unserem Leben ein Drame
627 2265 1737 2326 gespielt hat, — fünf Minuten lang. Noch trauern wir ihm
630 2302 1734 2354 zwei Minuten nach, — dann weiter, weiter!.. Der Dichter,
630 2343 1731 2392 der vor bald zwanzig Jahren uns den Anatol-Zyklus
622 2379 1731 2425 als sein seltsam reises Erstlingswerk geschenkt hat, kannte
624 2421 1734 2464 unser Lebenstempo und wagte es, den knappen, kurzatmigen
627 2457 1731 2506 Rhythmus dieser Tage der strengsten, größten Form der dich¬
624 2493 1727 2539 tenden Kunst, dem Drama, aufzuzwingen. Und er durfte es
627 2530 1737 2584 wagen. Da trifft dieser „leichsinnige Melancholiker Anatol
630 2573 1731 2624 zwischen Fiakerlärm und Schaufensterglanz eine mondän
627 2608 1727 2668 Frau, sie plaudern ein paar Minuten, sie fragen wie schei¬
633 2648 1732 2702 gend ein nach dem Leben des andern, und wie sie aus¬
627 2680 1731 2744 einandergehen, bleibt über dem Platze im Grau des Winter¬
624 2728 1731 2772 abends eine dunkle Trauer hängen: Wir sahen eine kleine
633 2767 1737 2813 Tragödie, besser, wir litten tief den Schmerz mit, daß unserm
624 2801 1739 2850 Leben der Mut zum großen Erleben, zur großen Tragödie
624 2845 1738 2898 fehlt. Doch noch etwas bleibt: Ueber dem Lichterprunk des
633 2882 1734 2927 Stadtzentrums leuchtet von der Vorstadt her die Lampe einer
624 2921 1739 2967 hohen Mansarde, leuchten die blanken Augen eines lieben,
633 2960 1737 3010 süßen Mädels, das nichts von Lebensfeigheit, von komplizier¬
624 3001 1731 3045 ten Konflikten weiß, das die Liebe nur als ein einziges star¬
630 3038 1734 3089 kes Gefühl kennt: man hat es, oder man hat es nicht, und hat
624 3075 1734 3119 man's, so zeigt man's. Wunderbar, wie hier über die zwe¬
633 3114 1737 3167 mondinen Gestalten, den Mann und die Dame von Welt, die
622 3151 1731 3207 holde Figur des süßen Mädels emporwächst, die gar nicht leib
633 3197 1737 3247 haftig erscheint; wo der geistfunkelnde, mit halben Worten
630 3235 1734 3286 spielende Disput der Beiden in nichts zerfallen muß vor den
630 3274 1727 3321 einen Wort des Mädchens, das den Anatol wie eine Melodi¬
633 3303 1737 3358 begleitet: „Ich bin so froh, daß ich dich wiederhab ... Wenn
637 3353 1724 3401 endlich Frau Gabriele ihre Blumen dem Mädel schickt, wie
630 3391 1731 3437 täten gern einen Haufen Veilchen hinzu; nie hat Arthu
630 3427 1724 3479 Schnitzler den ewigen Typus des liebenden Mädchens au
627 3470 1731 3516 dem Volke keuschen und — dankbarer verherrlicht, als hier
633 3509 1725 3557 wo es selbst nicht dabei ist. Dieses ist der Einakter „Weih
624 3547 1727 3613 nachteinläufe — die reinste, zarteste Dichtung de
606 3621 1710 3686 Chilus, doch stark genug für die Bühne. Mehr nur ein Auf¬
603 3670 1713 3719 takt, wiegt auf den Brettern die „Frage an das Schick¬
610 3709 1710 3766 sal fast zu leicht. Es ist natürlich die große Frage aller
608 3749 1712 3808 Liebe, die ventiliert wird: ob sich „wirklich treu sind. Das
606 3785 1710 3837 heißt, die Untreue des Manne wird mehr oder minder sozu¬
612 3833 1710 3879 sagen als Naturgesetz a priori angenommen; Untreue der
615 3865 1714 3918 Frau — soll auch nicht gerade wider die Natur sein. Nur tut
606 3905 1713 3967 es weh, dies aus dem Munde der geliebten Frau selbst bestä¬
609 3947 1707 3999 tigt zu hören. Sehr fein, wie von den zwei Männern die
606 3989 1706 4039 geplante Frage an das hypnotisierte Mädchen hin und her
615 4025 1707 4086 gewendet und zugespitzt wird und wie Anatol sie endlich doch
603 4068 1710 4121 nicht stellt, aus Furcht vor der Antwort. Aus Furcht vor kla¬
609 4103 1717 4159 ren Entscheidungen — an der wir alle leiden (an der schon
601 4135 1682 4188 Goethe gelitten). Aber im wohlbekannten „Abschied
1766 3596 2867 3685 de Regie und dem künstlerischen Beistand des Herrn
1762 3671 2868 3719 Soldenhoff, in einen sehr aparten Rahmen gestellt wor¬
1766 3710 2866 3760 den hinter dem lichten Vorhang, der zwischen einem ver¬
1762 3744 2864 3794 engerten Bühnenrahmen von grauem, schwarz=gesäumten Lei¬
1759 3792 2866 3831 nen sich teilte, taten sich intime Räume in gewählten Farben¬
1766 3831 2861 3875 tönen auf, und die Straßenszene mit den Silhouetten zweier
1759 3863 2859 3921 beschneiter Bäume und dem nur angedeuteten bunten Glanz
1762 3909 2859 3950 der Schaufenster hatte Stil und Stimmung. Daß Herr
1762 3948 2864 3993 Lengbach sozusagen ein geborener Anatol ware, wußte man
1766 3988 2866 4036 schon, seit er den Dr. Jura in Bahrs „Konzert, so überlegen
1766 4025 2867 4082 gespielt und gesprochen; in den Trios dieser fünf Szenen
1764 4068 2866 4117 spielte er die erste Violine in allen Lagen gleich fein und be¬
1769 4106 2859 4151 schwingt, ganz lebendiger Mensch in der Wehmut wie im
1753 4144 2764 4184 Lachen der Liebe. Den Cello=Part warmen Humors, w
