3248 4256
97 142 660 247 4.9. Anatol
675 140 914 248 Zyk
788 213 878 247 .
223 599 1000 701 „OBSERVER
304 700 956 753 I. österr. behördl. konzessioniertes
283 759 991 812 Unternehmen für Zeitungs-Ausschnitte
341 798 932 876 WIEN, I., WOLLEILE 11
410 862 854 915 TELEPHON R-23-0-43
223 990 576 1060 Ausschnitt aus:
247 1068 923 1166 Kleines Blatt, Wien,
443 1170 808 1261 16.10.1933.
223 1224 347 1284 vom
222 1464 1080 1567 Zwei Abende der Volkshochschule.
274 1527 1087 1603 Zwei aufeinanderfolgende Abende waren in
217 1596 1089 1636 der Volkshochschule auf dem Ludo-Hartmann¬
223 1634 1078 1682 Platz dem Vergnügen gewidmet. Der erste war
223 1679 1078 1730 der „Anatol“=Zyklus Artur Schnitzlers,
223 1720 1089 1775 gespielt vom „Freien Studio. Die besondere
217 1760 1078 1813 Atmosphäre dieser spielerisch gedankenvollen
223 1804 1076 1871 Szenen zu treffen, ist für jedes Schauspiel¬
214 1848 1083 1891 ensemble ein gewagtes Experiment, das hier gut
217 1878 1079 1948 gelungen ist. Die Gestalten des Anatol und des
216 1928 1068 1985 Max wurden von den Herren Rudolf Stein¬
207 1968 1071 2023 böck und Hans Leo Reich elegant und glaub¬
217 2014 1072 2067 würdig verkörpert. Fräulein Edith Raab als
214 2059 1080 2109 das Wiener süße Mädel und auch die Damen
217 2096 1076 2158 Scott und Heß zeigen viel Begabung. Den
216 2143 1066 2204 Prolog Hoffmannsthals, der dem Zyklus voran¬
218 2198 1070 2247 geht, sprach Herr Reich mit schöner Empfindung.
217 2230 1068 2278 Den zweiten Abend bestritt mit russischer Volks¬
211 2265 1074 2335 musik ein Donkosakenchor unter Leitung
211 2320 1067 2364 von Professor Maxim Orloff. Die Aus¬
216 2359 1068 2422 führenden waren, entgegen der allgemeinen An¬
211 2397 1062 2459 nahme, daß ein Kosakenchor nur aus Männern
216 2441 1072 2509 bestehen müsse, ein gemischtes Ensemble aus
216 2481 1067 2547 Männern und Frauen, das in der süßen
210 2528 1066 2587 Melancholie der russischen Musik und in ihrer
207 2574 1066 2627 ausgelassenen Fröhlichkeit prachtvoll klang. Der
211 2616 1063 2671 Leiter Orloff mit seinem drolligen Deutsch faßte
217 2653 1062 2715 Fühlung mit dem Publikum und ließ nach den
217 2702 1069 2765 Gefangen und Tänzen zum Schluß sogar von
218 2744 1069 2816 seiner Truppe zu Ehren Wiens ein deutsches Lied
217 2784 329 2840 singen.
743 3322 910 3427 K.
259 3490 1045 3583 — In der Volkshochschule Ottakring, Ludo art
185 3561 1036 3622 mann=Platz 7, gelangen Samstag, den 1. d., ½8 Uhr
184 3597 1036 3658 abends drei Stücke aus Schnitzlers „Anatol
178 3629 1043 3684 und der Einakter „Literatur zur Aufführung. Spiel
187 3662 1055 3731 leitung Regisseur Leo Reich. Karten Volkshochschul¬
178 3705 686 3786 und Lanyi, Kärntnerstraße 44.
1214 145 1566 241 box 9/4
2110 1418 2521 1510 ESERVER
2240 1494 2626 1581 zer
2075 1546 2531 1653 Telefon 2.43
2012 1652 2107 1740 .
2142 1657 2530 1772 Tagblatt, Pressburg
2168 1793 2364 1890 33
1916 1804 2036 1887 —
1727 1884 2573 1978 Schnitzlers „Anatol in der Burg¬
1744 1960 2371 2057 te besetzung.
1790 2024 2593 2106 Das Ereignis der nächsten deutschen
1733 2094 2590 2159 Vorstellung ist eine Schnitzler-Feier durch
1731 2142 2593 2206 die Aufführung seines „Anatol. Bekannt¬
1727 2187 2593 2232 lich ist dieses Jugendwerk des Wiener Dich¬
1724 2233 2593 2294 ters nicht nur der entscheidende Erfolg sei¬
1727 2276 2591 2335 ner Laufbahn, sondern auch der unvergäng¬
1725 2315 2593 2370 lichste Wert seines Schaffens. Hier, in der
1727 2364 2579 2422 Figur des leise wehmütigen Wiener Le¬
1722 2410 2590 2458 bensgenießers und seines etwas fester zu¬
1725 2458 2586 2506 greifenden Freundes Max, um die sich eine
1724 2494 2592 2553 Reihe füßer Mädel“ dreht, hat Arthur
1726 2537 2585 2600 Schnitzler jene Gestalt und jenes Mi¬
1725 2576 2587 2636 lieu geschaffen, das eigentlich durch alle
1733 2625 2587 2689 seine Werke zieht. Das seine Werk erlebte
1716 2668 2580 2736 im vorigen Jahre durch die Neuinszenie¬
1722 2715 2587 2762 rung des Burgtheaters eine wahre Wieder¬
1715 2764 2578 2821 geburt; auch hier spielt die Titelfigur Raoul
1707 2807 2587 2850 Aslan, der ideale Verkörperer vornehmer,
1707 2849 2579 2911 wehmütiger Gestalten, sein Freund ist
1716 2896 2573 2948 Emmerich Reimers. Die Frauengestal¬
1710 2937 2582 2990 ten der Dichtung spielen Ebba Johann¬
1716 2979 2593 3053 sen, Maria Kramer und Annie Hart¬
1706 3025 1881 3077 mann.
1771 3070 2575 3142 Serie weiß, die Plätze der Stammsitz¬
1706 3119 2573 3187 abonnenten dieser Serie werden bis heute
1707 3159 2567 3223 17 Uhr, zurückbehalten. Theatervereiner¬
1700 3215 2424 3301 mäßigungen und Gutscheine gültig.
