3436 4224
296 152 722 244 4.9. Anat
435 1492 583 1659 sen.
214 1492 383 1668 Au
210 1653 367 1720 dertafel.
217 1748 586 1822 wie der Weltkrieg,
206 1822 586 1888 in die Pforten Ru¬
237 1859 581 1927 geistigem Gebiete
206 1916 578 1990 sacht. Es wäre dop¬
203 1970 593 2041 lange geistige Leben,
209 2020 581 2085 ahmen einer nüch¬
209 2070 584 2140 hätte das Volk der
203 2119 583 2190 Platz in dieser Sta¬
207 2174 584 2246 beanspruchen. Es
209 2227 589 2296 ber auch tatsächlich
232 2274 586 2348 doch eine Frage.
223 2326 589 2397 die Centralmächte
209 2370 593 2449 such würde nur mit
217 2428 587 2501 enden. Anders auf
217 2481 589 2543 nur die Auslagen
209 2535 584 2595 elt es da von leich¬
214 2585 599 2660 Geschmack der gro¬
203 2638 600 2708 chten, in der Tiefe
211 2687 596 2761 in dem mehr oder
211 2740 596 2807 schnitteser in wei¬
203 2789 593 2860 haue sich aber auch
211 2844 594 2916 so der höchsten dra¬
211 2898 599 2953 mäniens an: neben
209 2947 599 3014 den Wo bleiben die
209 2999 592 3067 sterreich und Jung¬
201 3049 596 3120 harakterköpfen? Wo
206 3099 606 3172 ptmann und Wede¬
203 3156 600 3224 ben? Der eine Ver¬
211 3201 611 3278 eidelberg" scheiterte
214 3256 608 3324 Studenten. Seine
204 3317 605 3389 gutsche Autoren auf¬
1417 146 1769 250 box 9/2
961 154 1214 266 Zyklu-
787 151 923 266 1
627 1479 1809 1566 zuführen: die Leitung des vornehmsten Kunstinstituts des
626 1541 1769 1612 Landes beugt sich stumm diesem Willen! Sapienti sat!
717 1590 1806 1649 Was die Leitung eines solchen Kulturinstituts es nicht
628 1641 1811 1714 als ihre höchste und schönste Aufgabe zu betrachten, neben
627 1695 1807 1766 der selbstverständlichen Pflege einheimischer Autoren, die
627 1751 1807 1810 natürlich stets den ersten Platz zu beanspruchen haben wer¬
633 1792 1810 1865 den, Rumänien mit all den Werken — gleichwie welcher
631 1848 1810 1916 Nation — bekannt zu machen, die als die dramatischen
642 1899 1810 1962 Gipfelpunkte der betreffenden Länder anzusehen sind oder
639 1948 1811 2023 die in dem geistigen Leben des betreffenden Landes einen
642 1999 1816 2067 Wendepunkt oder eine Etappe darstellen? Wo bleiben da
639 2051 1813 2125 die deutschen Werke? Wir halten die Leitung unseres Na¬
637 2100 1816 2171 tionaltheaters für viel zu intelligent, um nicht überzeugt
642 2165 1817 2226 zu sein, daß die verantwortlichen Faktoren die Werke eines
639 2203 1816 2282 Schnitzler, Hauptmann, G. v. Hofmannsthal u. a. nicht für
645 2273 1807 2320 mindestens für so bedeutend halten wie diejenigen von Be¬
639 2310 1794 2384 taille, E. Bernstein und Consorten. Warum also die Bo¬
639 2367 1275 2438 kottierung deutscher Werke??
735 2397 1746 2480 Es war daher ein äußerst glücklicher Gedanke der
645 2464 1726 2533 dertafel, an ihrem Theaterabend Werke von Arthur Sc
643 2508 1701 2576 ler zur Aufführung zu bringen und damit das Ve¬
645 2580 1695 2635 zu haben, diesen Autor zum ersten Male in Rumän
657 2620 1664 2682 die Oeffentlichkeit einzuführen. Die Wahl war auf
654 2666 1672 2731 akter aus dem Anatol-Cyclus gefallen: „Die Frage
654 2715 1675 2798 Schicksal" und „Antols Hochzeitsmorgen". Der äuße
654 2770 1674 2832 wurf der Stücke ist, wie bei Schnitzler ja fast im
1735 2820 1822 2889 rier¬
657 2820 1671 2887 möglichst einfacher. Seine Stärke besteht in der kon
1742 2873 1825 2925 bon
651 2876 1664 2940 ten Gestaltung, in der geistreichen an gut geprä¬
1699 2918 1825 2993 nteres¬
654 2931 1659 2992 mots reichen Sprache und in der psychologisch stet
1690 2978 1834 3042 braucht
657 2990 1659 3046 sierenden Durchführung. Schnitzler ist Arzt. Man
1698 3024 1834 3092 Aerzte
662 3026 1640 3098 sich ja nicht den Trugschluß zu eigen zu mache
661 3074 1834 3153 sind gute Psychologen. Dichter müssen gute / chologen
665 3132 1840 3203 sein: also müssen Dichter Medizin studieren! Aber es ist
660 3181 1834 3253 immerhin kein Zufall, daß eine ganze Reihe jüngerer Au¬
660 3238 1108 3298 toren Mediziner sind!
744 3281 1863 3372 Je einfacher und psychologisch tiefer, desto schwieriger
1857 1462 3026 1538 die Darstellung. Herr J. Christjak als Regisseur zeig¬
1857 1511 3033 1587 te seine Kunst schon in den überraschend schönen und ge¬
1862 1565 3034 1640 schmackvollen Aufbau der Szene Auch als Spielleiter hat
1857 1619 3034 1684 er es verstanden, die jungen Künstler in die Geheimnisse
1866 1670 3039 1743 zielsicheren Spieles einzuführen und damit hauptsächlich zu
1863 1718 3040 1783 dem Gelingen des Abends beizutragen. Anatol fand in dem
1862 1772 3031 1845 vielseitig begabten Herrn A. Benedikt eine ausgezeich¬
1863 1820 3040 1899 nete Verkörperung. Sowohl im ersten Stück in dem wa¬
1871 1878 3043 1948 genden Zweifel an der Treue seiner Geliebten wie in der
1863 1933 3040 1992 tragikomischen Verzweiflung an seinem Hochzeitsmorgen
1872 1980 3042 2054 fand Herr Benedikt die rechten Töne. Einen guten Partner
2128 2029 3037 2103 hatte Herr Benedikt in Herrn Fr. Aisin¬
1934 2041 2053 2107 Max
1871 2082 3046 2147 mann, der mit sicherer Gestaltungskraft seine Rolle for¬
1872 2132 3043 2194 und der sich mit Herrn Benedikt zu einem gutspielenden
1875 2193 3048 2252 Freundespaar ergänzte. Die Damenrollen lagen in den Hän¬
1872 2237 3043 2296 den von Frl. Gr. Fischer und H. Benedikt. Frl. G. Fischer
1872 2285 3046 2354 wor in Spiel und Sprache vorzüglich; wir hoffen, Frl. Fi¬
1887 2351 3049 2403 scher noch einmal in einer größeren Rolle zu begegnen, wo
1875 2394 3052 2452 der jungen Dame mehr Gelegenheit gegeben ist, ihr Können
1869 2438 3049 2514 zu zeigen. Frl. Benedikt als Ilona hatte — allerdings
1875 2492 3052 2548 auch schon durch die interessante Rolle — wohl den stärk¬
1882 2543 3052 2613 sten Erfolg des Abends. Die junge Dame traf den Ton
1875 2592 3057 2657 der Frauen, welche beißen, wenn sie lieben, ausgezeichnet.
1884 2648 3055 2711 Es ist wirklich eine Freude konstatieren zu können, daß in
1884 2699 3058 2770 Frl. Benedikt offenbar ein schauspielerisches Talent ersten
1884 2755 2966 2835 Ranges den ersten Schritt auf die Bühne getan hat.
1971 2801 3061 2879 Ueberhaupt läßt sich erhoffen und wünschen, daß die
1887 2851 3064 2928 ausgezeichnete Künstlerschaar, die ein zahlreiches Publikum
1887 2904 3061 2965 am Samstag fesselte, uns noch öfters Gelegenheit giebt, uns
1881 2962 3067 3034 ihrer schönen Kunst zu erfreuen; denn mit guten Auffüh¬
1884 3011 3068 3074 rungen gediegener dramatischer deutscher Litteratur ist hier
1887 3058 3064 3119 in Rumänien eine Kulturmission zu erfüllen und die Deut¬
1896 3114 3058 3178 schen haben noch nie versagt, wenn es galt, ideale Aufga¬
1887 3176 2535 3234 ben zu erfüllen. Auch hier gilt
2002 3219 2629 3290 The Germans to the front
