3436 4352
1388 191 1734 287 box 9/5
266 194 1228 309 4.9. Anatol - Zyklus
627 414 1374 605 Badgasten
608 654 1013 765 Heilkräftigste
608 745 1394 848 Radiumiherme der Welt
842 844 1391 938 Verlangen Sie Prospekte
839 920 1394 1004 von der Kurkommission!
859 1076 1367 1217 OBSERVER
853 1198 1391 1277 Erstes österreichisches be¬
848 1256 1389 1328 hördlich konzessioniertes
857 1306 1156 1374 Unternehmen
848 1353 1395 1444 für Zeitungsausschnitte
623 1395 887 1497 WIEN, I.,
621 1459 1395 1559 Wollzeile 11. Telephon R 23-0-43
609 1613 1428 1728 Ausschnitt aus mit Wien
931 1680 1235 1757 la
922 1721 1355 1861 15.02.1935
562 1830 1521 1937 Theater hinter Stacheldraht.
559 1903 1537 2015 Ein Vortrag des Burgschauspiele Karsten.
493 1979 1642 2055 Im großen Uraniasaal hielt am Montag Burgschauspieler
460 2042 1640 2100 Julius Karsten inen Vortrag: „Theater hinter Stachel¬
447 2097 581 2166 draht.
487 2136 1640 2197 Zweieinhalb Millionen Soldaten der Mittelmächte waren
448 2181 1639 2248 während des Weltkrieges in dem riesigen Gebiet des europäi¬
457 2241 1646 2297 schen und asiatischen Rußland durchschnittlich vier bis sechs
457 2284 1640 2344 Jahre in 232 Lagern kriegsgefangen und dort zumeist einer
463 2332 1643 2389 schrankenlosen Willkür überantwortet. Es war daher kein
454 2384 1643 2438 Wunder, daß bald der Wille und die Kraft erwuchsen, die von
448 2430 1642 2484 der Umwelt hermetisch abgeschlossene, mit Stacheldraht um¬
457 2480 1645 2536 zäunte Gefangenschaft, auch mit den Waffen des Geistes, dem
454 2523 1643 2577 Rüstzeug überlegener Kultur, zu bekämpfen. Gegen das
454 2572 1648 2623 drohende Gespenst der „Stacheldrahtkrankheit" als Folge der
457 2616 1643 2681 Einsamkeit, des Leides, der Ungewißheit über die Angehörigen,
457 2669 1640 2720 der eigenen Zukunft sowie Dauer der Gefangenschaft gab es nur
451 2716 1642 2777 ein Mittel, Arbeit und Zerstreuung. So entstanden bald Kurse,
451 2765 1634 2828 Vorträge, verschiedene musikalische Veranstaltungen und schließ¬
454 2808 1643 2874 lich das Kriegsgefangenentheater. Und gerade letzteres war ganz
457 2862 1646 2914 besonders geeignet, auf die seelische Wandlung der Kriegs¬
457 2911 1645 2976 gefangenen einzuwirken, denn es lenkte die Empfindungen auf
454 2970 1642 3020 einen neuen Gegenstand und damit die Aufmerksamkeit der
463 3013 1643 3073 schwer bedrückten, oft einander überdrüssigen Kameraden auf
457 3058 1294 3111 eine neue, fremde, auf eine dramatische Welt.
484 3088 1640 3158 Karsten erwähnte als persönliches Erlebnis für viele das
454 3153 1643 3213 Offizierstheater von Nowo-Nikolajewsk, das mit Schnitzlers
463 3204 1642 3255 Einakterzyklus „Lebendige Stunden eröffnet werden sollte.
457 3247 1625 3309 Da fehlte ihm für den zweiten Einakter „Die letzten Masken
457 3297 1643 3355 der passende Darsteller des lungenkranken Schauspielers
454 3342 1643 3412 Florian Jackwerth. Nach langem Suchen fand Karsten endlich in
454 3394 1643 3449 einem benachbarten Lager das, was er brauchte. Eine dürre Ge¬
460 3448 1640 3503 stalt mit bleichem, abgezehrtem Gesicht, unrasiert, die großen,
460 3492 1634 3555 glühenden Augen beschattet von einem wirren, schwarzen Haar¬
457 3539 1643 3609 schopf, war sein Mann. Obwohl durch die Gefangenschaft schwer
463 3598 1639 3651 erkrankt, wurde dieser Kamerad später einer der besten Schau¬
454 3637 1640 3693 spieler. Aus dem tagelangen Dahinbrüten wandelte er sich nach
460 3685 1640 3742 seinen ersten Erfolgen zu einem der eifrigsten Mitarbeiter auf
454 3734 1643 3788 allen Gebieten. Aber auch die andern Darsteller wußten sich aus
454 3781 1643 3833 Neid und Kleinlichkeit, aus Streit und Mißtrauen emporzu¬
460 3830 1640 3884 ringen, und es bleibt bewunderungswürdig, daß sich die mensch¬
460 3882 1640 3941 liche Seele trotzdem ausschwingen konnte, zu einer Höhe der
457 3929 1643 3984 Kunst, wie gerade die Kriegsgefangenentheater sie erreicht
462 3970 1646 4033 hatten. Von diesem Standpunkt aus gesehen, war das „Theater
454 4024 1652 4078 hinter Stacheldraht“ eine segensreiche Wohltat zu nennen, da
457 4067 1651 4133 es manchem Unglücklichen, der dem sicheren Elend und Siechtum
454 4118 1017 4200 verfallen wäre, neues Leben
1062 4126 1376 4200 allen geb.
