3392 4256
223 165 639 250 4.9. Anat
1005 154 1137 230 lu¬
1343 156 1692 243 box 8/7
2290 60 2566 129 Burg, T.
2214 112 2639 182 (tuellenangabe ohne Gewähr
1904 174 2245 255 Ausschnitt aus:
2053 254 2782 389 23 The Observer, London
1900 305 2018 362 vom
2287 344 2512 422 VOL.
2021 461 2718 520 VIENNESE DIALOGUES AT
2062 508 2687 582 THE LITTLE THEATRE.
2014 600 2760 660 Miss Lillah McCarthy opened her season at
1970 648 2757 714 the Little Theatre last night with a series of
1973 692 2754 743 one-act sketches or dialogues adroitly para¬
1976 741 2763 789 phrased from the German by her husband,
1970 776 2770 828 Mr Granville Barker, and rendered by him
1970 819 2769 871 as their chief interpreter. Three of these,
1979 859 2769 909 Ask no Questions and You'll hear no
1975 899 2772 953 Steier. A Faroweil Supper and "The
1978 939 2769 1008 wedding Morning, have been recently dis¬
1982 988 2777 1039 cusel on their presentation during the last
1976 1022 2775 1067 ment at the Palace Theatre. To them are
1990 1066 2781 1122 now added Christmas Present and
1989 1095 2772 1136 An Episode, precisely similar in the airy
1984 1132 2773 1172 tone of their flippant cynical wit, and not
1982 1163 2775 1218 very different in their degree of dramatic
1973 1200 2183 1266 significance.
2011 1224 2766 1284 Anatol, as has already been discovered
1982 1253 2772 1317 from his proposed inquiry into the fidelity of
1982 1307 2772 1352 one of his lady-loves, from his farewell feast
1982 1341 2776 1385 with a second whom he means to discard for
1982 1373 2776 1422 a third, and from his troubles with a fourth
1982 1410 2776 1454 on the morning of his marriage with a fifth,
1984 1447 2780 1495 is a young man who loves not wisely nor too
1987 1475 2785 1532 well, but too numerously for his own comfort
1973 1515 2775 1554 or for our edification. His professional philan¬
1987 1551 2778 1602 dering, however, is treated by the Viennes
1987 1583 2776 1633 author. Arthur Schnitzler so light a
1987 1617 2783 1669 touch that it never seems quite so shocking
1990 1652 2782 1695 as perhaps it ought to be in its real signifi¬
1982 1687 2782 1740 cance. There is so much persiflage about his
1982 1717 2782 1769 succession of affairs with his Hildas and Bibis
1982 1756 2791 1797 and Mimis that they are artfully made to
1982 1791 2788 1835 appear to mean nothing in particular, except
1993 1825 2785 1872 subjects for philosophic discussion between
1986 1860 2776 1910 him and his helpful friend, Max. For
1993 1896 2785 1948 wonder Max does not figure in the first of
1993 1927 2788 1977 the two novelties presented yesterday even¬
1987 1961 2788 2018 ing, "A Christmas Present, which is a
1987 1996 2788 2045 shredly written duologue between Anatol
1993 2034 2788 2081 and Gabrielle, a young wife, with whom he
1987 2073 2788 2115 flirted before her marriage and whom, on
1993 2103 2798 2155 their chance meeting, he now consults as to
2002 2137 2794 2183 the gift which he wants to buy for a dear
1999 2174 2797 2222 little girl of a different stamp. In An
2002 2204 2803 2252 Episode, the other new trife, Max is to the
1999 2244 2797 2290 fore once again to help his friend sort out
1993 2278 2800 2327 the letters and locks of hair and faded flowers
1992 2312 2798 2359 which are the tokens of light loves of days
2002 2346 2798 2400 gone by. There is plenty of a genuine, if not
1993 2388 2795 2433 quite agréable, humour about this, as well
1993 2416 2798 2466 as about Anatolis disappointment at finding
1993 2459 2795 2501 himself completely forgotten by one of the
1999 2489 2805 2536 episodical heroines whose memory he had
1987 2523 2798 2571 cherished with his most meretricious romance.
2033 2554 2800 2605 In A Christmas Present, Mr. Barker, as
1999 2595 2798 2647 the wholesale loyer, was excellently supported
2002 2630 2803 2670 by Miss Katherine Pole, an actress of whom
2005 2662 2800 2712 London has seen little since she figured in
1999 2699 2800 2748 melodrama at the Princesses some seven or
1996 2730 2803 2775 eight years ago. Miss Pole gave a hint
1984 2766 2804 2820 of feeling more sincere than any gener¬
1993 2802 2800 2862 ally aroused by Anatol to Gabrielles
1999 2837 2800 2880 message to the dear little girl whose
2002 2871 2798 2918 happiness she thinks, poor misguided lady!
1999 2906 2809 2963 might have been hers if she had not been
1999 2944 2804 2999 a coward." To the oblivious Bibi of An
1999 2981 2800 3028 Episode Miss Dorothy Minto imparted
2001 3017 2800 3072 sprightliness if no particular sense of character,
1999 3052 2804 3110 while here as elsewhere, the judicions support
2001 3094 2803 3141 of Mr. Nigel Playfair as Max, the
1999 3126 2805 3171 cold blooded, easy chair philosopher, was in¬
2005 3151 2804 3199 valuable. In the other sketches Miss Lillah
2005 3191 2800 3240 McCarthy, Miss Alice Crawford and Miss Ger¬
2005 3227 2800 3270 trude Robins successfull repeated their former
2014 3261 2805 3305 impersonations. As to Mr. Granville Barker,
2005 3298 2808 3349 he plays Anatol throughout with agreeable
2011 3333 2801 3375 lightness, and with an earnest effort to
2004 3372 2803 3425 indicate the consummate conceit of a gay
2005 3406 2800 3463 dog who is not really quite so gay as
2304 3435 2811 3497 If he hardly suggests
2005 3439 2227 3491 he thinks.
1999 3475 2803 3522 the smartness of the seductive swell
2008 3509 2798 3546 whom he imagines himself to be this is per¬
2005 3541 2803 3592 haps just as well. One does not want, at any
2005 3580 2806 3635 rate, for a mixed London audience, too much
2014 3612 2809 3658 realism in these witty romances of fast life
2436 3650 2800 3703 evidently thoroughly
2004 3650 2373 3707 in Vienna. What
2005 3669 2801 3736 enjoyed last night was less the not too con¬
2011 3716 2801 3772 vincing characterisation than the bright,
2005 3758 2803 3804 natural dialogue which caused frequent burste
2005 3792 2801 3836 of laughter to punctuate the evening's novel
2005 3830 2800 3888 and rather daring entertainment. This latest
2005 3864 2795 3917 experiment at the Little Theatre started
2011 3899 2808 3947 therefore, with the promise of what may be
2014 3933 2807 3989 described as a fashionable drawing room
2005 3979 2148 4025 success.
