3436 4352
1354 163 1707 247 box 9/4
873 166 969 240 Z
1017 167 1175 236 lus
491 173 756 246 Anatol
231 172 496 261 4.9.
604 477 940 554 Fondé en 1879
1625 510 1955 594 Fonde on 1879
323 496 1133 696 ARGUS de la FASSE
1434 623 2131 750 ARGUS de la PRESSE
521 685 997 780 Voit out
1547 730 2032 815 Voit Tout
408 752 1131 823 LES PLUS ANCIENS BUREAUX DEXTRAITS DE PRESSE
1438 799 2154 874 LES PLUS ANCIERS BUREAUX DEXTRAITS DU PRESSE
410 822 1137 891 37, rue Bergère, PARIS (9e)
1434 874 2156 951 37. Rue Bergère, PARIS (9e)
497 1000 773 1080 Ne DE DEBIT.
1533 1043 1813 1133 N. DE DES
666 1054 1253 1165 COMMEDIA
295 1124 506 1202 Extrait de
1690 1147 2171 1233 PARIS-MID
571 1183 1549 1263 150, AVENUE DES CHAMPS-ELYSEES VIII
290 1236 461 1300 Adresse
1656 1221 2229 1317 RUE ROYALE, 2. VII.
1339 1277 1499 1344 Adresse
702 1295 1214 1396 22 JANVIER 1932
296 1328 409 1398 Date
1586 1314 2098 1446 26 JANVIER 1932
1342 1373 1466 1457 Dete
297 1404 514 1491 Signature
1351 1480 1550 1554 Signature
301 1505 524 1594 en
1351 1583 1541 1638 ende
692 1639 1160 1717 Avant « Anatole »
1446 1674 2116 1759 THEATRE DE L'AVENUE
604 1707 1200 1798 au Théâtre de l'Avenue
1463 1763 2097 1885 ANATOLE
576 1801 1271 1879 Arthur Schnitzler, mort à Vienne
545 1862 1263 1908 l'automne, à l'âge de 60 ans,
1526 1860 2026 1947 Cycle en cinq tableaux
542 1907 1263 1948 été le plus célèbre des écrivains vien¬
1543 1921 2002 1987 d'Arthur Schnitzler
542 1946 1263 2000 pois de la fin du 19e siècle. Dans son
1544 1969 2002 2033 Traduction française
539 1978 1269 2036 ceuvre, il nous a conservé la Vienne
542 2017 1265 2069 d'avant-guerre, avec tous ses charmes,
1406 1997 2143 2086 de Maurice Réron, M. Vaucaire
539 2056 1269 2104 toutes ses grâces que l'on retrouve dans
1557 2064 1988 2143 et Suzanne Clauser
539 2095 1275 2142 la forme même de ses pièces de théâ¬
542 2137 1267 2182 tre et, en particulier, dans Anatole,
1443 2129 2135 2190 Anatole est un jeune Viennois, dans
548 2176 1274 2217 que le Théâtre de l'Avenue va donner
1410 2174 2131 2227 la Vienne d'avant-guerre. Il a un ami
1410 2217 2135 2268 Max, qui l'accueille toujours avec beau¬
547 2211 1265 2279 en répétition générale ce soir ven¬
1410 2250 2140 2301 coup d'indulgence et un peu d'ironie. Et
545 2248 862 2301 dredi 22 janvier.
1406 2278 2140 2330 il a surtout des amours innombrables.
584 2285 1277 2333 Anatole est l'œuvre qui a valu à son
1440 2317 2134 2360 Anatole apparait, dans une suite de
548 2323 1274 2369 auteur son premier grand succès à
1407 2349 2140 2394 petits tableaux charmants, toujours
554 2363 1277 2431 Vienne, et lui a acquis depuis une cé¬
1407 2385 2137 2434 amoureux ou ex-amoureux de Cora, de
545 2405 1277 2458 lébrité mondiale. C'est une suite de
1410 2417 2134 2461 Gabrielle, de Bianca, d'Annie, d'Ilona.
1438 2453 2134 2487 Le Souper d'adieu réunit Max, Ana¬
552 2445 1275 2496 petites scènes, traitées avec une rare
1414 2481 2128 2521 tole et Annie. Anatole a décidé de rom¬
548 2485 1269 2525 délicatesse et une douce ironie, dans
1414 2519 2134 2559 pre avec Annie et depuis quinze jours il
545 2524 1277 2565 lesquelles on voit un homme courir
1404 2554 2140 2587 l'invite tous les soirs à un magnifique
547 2563 1271 2605 vainement après l'amour, un amour to¬
1404 2584 2134 2622 souper d'adieu ; mais il n'a pas encore
539 2597 1278 2653 tal qui apaiset enfin sa soif de bonheur.
1412 2622 2134 2664 ose lui signifier leur rupture. Ce soir il
584 2637 1277 2685 Mais Anatole est un amoureux in¬
1410 2652 2134 2691 a amené avec lui son ami Max pour se
548 2663 1277 2724 quiet, jamais satisfait et ses compa¬
1410 2682 2140 2725 donner du courage. Or, Annie arrive avec
1404 2709 2153 2755 une bonne heure de retard et ses pre¬
545 2721 1283 2763 gnes d'une heure ne lui procureront
1407 2752 2118 2786 mières paroles sont pour annoncer
538 2761 1280 2808 que des joies éphémères et non la joie,
1410 2783 2131 2822 Anatole qu'elle ne l'aime plus, qu'elle
548 2792 1295 2844 et la paix intérieure qu'il cherche en
1412 2819 2131 2862 en aime un autre et qu'elle reprend des
554 2829 656 2885 vain.
1404 2851 2134 2892 demain sa liberté. Fureur d'Anatole qui
587 2840 1283 2918 Anatole sera joué par M. Louis Ray¬
1404 2883 2140 2931 veut quitter Annie, mais qui n'entend
552 2905 1283 2948 mond, M. Alfred Penay interpréter le
1403 2913 2134 2976 pas qu'Annie le quitte. Max assiste,
1410 2952 2110 2989 amusé, au revirement subit d'Anatole.
554 2948 1283 2988 rôle de Max, le confident et l'ami
1434 2973 2140 3019 La frousse, Episode, Les achats de
554 2978 1286 3023 d'Anatole, cependant que Mmes Yvette
1410 3007 2131 3056 Noël, Le Matin du Mariage, sont aus
558 3023 1283 3072 Andrévor, Irene Hupka, Dagmar Gé¬
1404 3052 2143 3089 pleins de fantaisie, de jeunesse, de
560 3057 1283 3122 rard et Vera Scherbane seront, chacune
1404 3083 2131 3130 spontanéité. Une ironie légère et ten¬
554 3088 1326 3147 ave sa personnalité et son talent par¬
1407 3123 2140 3156 dre joue à travers ces petits tableaux, a
552 3135 1325 3175 ticuliers, les compagnes tantôt profon¬
1404 3148 2140 3206 la grâce un peu précieuse et comique à
554 3174 1289 3222 dément amoureuses, tantôt fidèles, tan¬
1404 3183 1573 3236 la fois.
1438 3198 2134 3256 Les acteurs qui interprètent ces sce¬
560 3217 1316 3254 tôt passionnées, tantôt tout simplement
1407 3253 2134 3295 nes, tous Français à l'exception de Mme
560 3257 1274 3302 bonnes joueuses, mais toujours inté¬
1404 3281 2137 3324 Hupka, les ont jouées avec beaucoup de
554 3293 1274 3359 ressantes et toujours pleines de charme
1404 3316 2134 3355 vérité, de naturel et de charme. Ce sont
560 3330 749 3390 d'Anatole.
1407 3355 2140 3390 M. Louis Raymond, Alfred Penay et
604 3346 1292 3419 Mlle Georgette Bauer et M. Michel
1404 3380 2128 3426 Mmes Vera Scherbane, Yvette Andreyer
539 3390 1287 3461 Tchekhoff ont mis ces tableaux en
1404 3416 2140 3478 Irène Hupka et Dagmar-Gérard. — F.S.
559 3449 1286 3491 scène avec un art et une précision qui
558 3477 1311 3537 enchanteront les spectateurs parisiens
2670 447 3010 526 Fonde en 1879
2475 538 3181 678 ARGUS de la PRESSE
2586 666 3072 755 Voit Tout
2479 741 3197 810 LES PLUS ANCIENS BUREAUX DE TRAITS DE PRESSE
2485 797 3203 884 37. Rue Bergère, PARIS (8e)
2576 973 2850 1060 N DE DEBIT.
2391 1085 2584 1182 tron de
2773 1075 3207 1185 LE MATIN
2631 1151 3307 1253 BOULD. POISSONNIERE, 4, 1)
2392 1210 2551 1270 dresse
2748 1249 3254 1382 27 JANVIER 1932
2394 1314 2478 1377 ate
2397 1390 2585 1476 gnature
2400 1495 2622 1568 Expositione
2801 1538 3137 1590 COMME.
2445 1631 3178 1698 THEATRE DE L'AVENUE. — ANATOLE,
2482 1678 3178 1719 cycle en cinq tableaux, d'Arthur
2479 1711 3175 1769 Schnitzler, traduction de Maurice Re¬
2473 1741 3176 1808 , M. Vaucaire et Suzanne Clausen,
2485 1781 3172 1832 Voici une pièce fine, subtile et cons¬
2458 1821 3187 1868 tamment intéressante. Les trois pre¬
2450 1852 3187 1903 miers tableaux ont été conçus par l'au¬
2450 1892 3194 1932 teur selon un rythme ralenti, dans une
2458 1924 3189 1966 teinte de clair-obscur. Mais les deux
2456 1955 3184 2003 der ers sont éclatants de vie et d'iro¬
2450 1989 3186 2038 nie ; ils ont remarquablement porté sur
2425 2025 3187 2083 le public. Au total, cinq sketches pré¬
2456 2049 3194 2105 sentant un jeune homme livré à cinq
2452 2087 3187 2137 aventures amoureuses successives qui
2458 2126 3195 2177 permettent d'étudier son caractère et
2452 2162 2980 2210 celui de tous les amants.
2485 2168 3194 2237 Anatole ame Cora. Il pourrait savoir
2468 2227 3189 2274 par l'hypnotisme qu'il pratique, et se¬
2456 2255 3198 2305 lon les conseils de son am Max, si Cor¬
2458 2296 3189 2341 a une passion égale à la sienne. Il l'en¬
2456 2325 3194 2381 dort mais il n'ose lui poser la terrible
2464 2361 3191 2411 question. Plus tard, au temps de Noël,
2462 2391 3194 2445 il rencontre dans la rue une ancienne
2456 2428 3200 2472 maîtresse. Il l'a sans doute déçue par
2458 2461 3195 2518 son égoisme et sa légèreté. On sent
2464 2491 3190 2551 qu'elle l'aimait vraimen. Maintenant
2456 2528 3204 2573 elle ne désire plus tromper son mari
2464 2569 3201 2620 pour lui. Puis vient le tour d'une dan¬
2456 2594 3194 2660 seuse de cirque pour qui il a eu jadis
2462 2629 3198 2680 un caprice ; celle-ci ne le reconnait
2470 2663 3202 2724 plus, on imagine combien il est vexe.
2470 2700 3203 2753 Au quatrième tableau, il a assez de sa
2461 2726 3204 2794 nouvelle maîtresse Annie, il lui offre
2470 2765 3220 2814 un souper qui sera celui de l'adieu
2468 2806 3211 2851 mais elle, avant qu'il ait parlé, lui an¬
2468 2832 3217 2884 nonce qu'elle le quite. Au derer ta¬
2473 2868 3222 2922 bleau il a retrouve une amoureuse jadis
2472 2898 3218 2950 adroitement lâchée ; celle-ci s'installe
2464 2933 3204 2987 chez lui, le jour même où il doit se
2468 2973 3206 3024 marier. On voit la piquante saveur de
2476 2995 3203 3052 ces panneaux dramatiques qui s'oppo¬
2467 3035 3187 3091 sent de la manière la plus amusante.
2503 3051 3209 3117 L'interprétation est excellente. M. Louis
2473 3101 3215 3158 Raymond personnifie Anatole. C'est un
2479 3133 3204 3192 remarquable acteur que l'on s'étonne de
2473 3163 3209 3231 ne pas voir plus souvent. Il a un talent
2479 3201 3211 3256 très personnel, fin et élégant en même
2482 3245 3208 3292 temps que vigoureux. Mme Yvette An¬
2479 3276 3206 3327 dreyor a joue le quatrième tableau en
2479 3298 3212 3360 délicieuse comédienne, aussi spirituelle
2482 3338 3217 3402 que vivante ; M. Alfred Penay a eu
2489 3368 3202 3431 en partage le rôle de Max ; il y a
2478 3409 3215 3470 montré une grande distinction. Citons
2482 3442 3211 3491 aussi la charmante Vera Scherbane ;
2479 3475 3211 3528 Mme Irène Hupka, dont le jeu a beau¬
2479 3504 3217 3556 coup de saveur, et Mlle Dagmar Gérard.
2916 3539 3185 3595 FRED ORTHVS.
