3344 4256
269 161 806 258 4.9. Anatol
916 163 1215 252 Zyklus
1390 163 1748 260 box 9/1
1623 961 2753 1035 aber braucht sie es auch nicht zu meinen und die Belastung
3143 993 3331 1073 Lehr; 3
1623 1024 2764 1062 der kleinen Plauderei der „Weihnachtseinkäufe durch einen
1630 1056 2760 1109 wirklichen Droschkenschlitten nebst obligatem Gaul war ent¬
2863 1037 3333 1124 X. Der Sonntag abend
1638 1103 2757 1155 schieden des Guten zu viel. Tant de bruit pour une omelette
2791 1109 3327 1166 Lehárs „Zigeunerliel
1630 1143 2749 1189 mußte man beim Stampfen der edlen Posinante denken
2787 1145 3295 1196 Bildern. Zigeunerromantik
1623 1183 2757 1221 die augenscheinlich (wie so mancher Darsteller bei uns) mi
2785 1185 3312 1232 wundenen Dingen, aber den
1632 1219 2755 1268 der ihr zugeteilten Statistenrolle nicht zufrieden schien. Di¬
2785 1227 3329 1274 Willner und Rob. Bodanskey
1630 1255 2755 1299 Schnitzlerschen Einakter — es sind in Wahrheit nur Plau¬
2787 1266 3329 1310 lungen. Dichter und Kompo
1636 1291 2757 1342 dereien — aus dem Anatol=Zyklus sind ja anderswo oft bei¬
2787 1308 3327 1359 Wege einzuschlagen, und gan
1638 1342 3329 1388 fällig gegeben worden; das „Abschiedssouper haben auch erfreulicherweise an einem
1632 1369 2757 1422 wir schon früher genossen. Sie sind gar nicht so leicht zu geben
2791 1376 3331 1435 sich allmählich der komischen
1630 1414 2762 1458 wie sie bei flüchtiger Lektüre ausschauen, denn in ihrem
2791 1409 3331 1460 gewinnt sie neue Möglichkeit
1636 1458 3312 1505 Dialog liegen eine Menge feiner Gefühlsschattierungen und In „Zigeunerliebe" sind die
1630 1488 2762 1534 intimer seelischer Werte, die ein sehr gewandtes, verständnis¬
2791 1492 3331 1541 der Bühne geht es immer
1630 1532 2764 1579 innig in einander eingreifendes Konversationsspiel erfordern.
2791 1534 3331 1579 nunft ausgeschaltet werden mü¬
1638 1568 3333 1621 Mit diesem Konversationsspiel hapert es bei uns aber noch Ernst, der mit gefälliger Lusti¬
1630 1604 2770 1657 wegen Mangel an Uebung; sind unsere Darsteller am Schluß
2802 1610 3333 1670 sich hinterdrein nicht zu schän
1638 1649 3259 1699 des Spieljahres leidlich mit einander eingespielt, so flattern sich gut unterhalten hat.
1636 1668 3333 1735 sie wieder in alle vier Winde auseinander und bei den Neuen die Tochter eines reichen Be¬
2796 1729 3308 1776 loben, dessen zarte Werbung
1632 1725 2766 1773 beginnt die Exerzier=Arbeit von vorn. Dazu kam eine nicht
1638 1763 3318 1812 recht geschickte Besetzung der Rollen; Frl. Görling, die Mädchen jedoch nicht zusagt
1634 1803 3333 1854 in dem wenig angebrachten Einleitungsgedicht nur in einer äugige Zigeuner Jozsi, der
2796 1839 3333 1888 leidenschaftlich näher und ih
1638 1839 2768 1890 prächtigen Toilette die schönen Linien ihrer Figur zeigen
1636 1881 3327 1934 konnte, wäre als mondäne Gabriele besser am Platze gewesen romantischer Aufwallung des
1642 1919 3333 1970 und unsere muntere Salondame Frl. Francke, die durch ihre und in ungebundener Freihe
1638 1955 3297 2006 Krankheit so wie so um ein paar Rollen in den jüngsten Fest streifen. Die alte Amme
1642 1991 3333 2044 vorstellungen gekommen ist, besser als Ballettratte Aennie mit dem Zigeuner einzulasse
1642 2034 3333 2085 Der Anatol hatte wegen der Rekonvaleszenz des Herrn Wahl gefüllt mit dem Wasser de
1644 2074 3331 2133 zwischen ihm und Herrn Busch geteilt werden müssen; beide die Kraft hat, demjenigen, de
1644 2112 3331 2184 entsprechen in ihrer Individualität nicht ganz dem jungen zu lassen. Im zweiten Bilde
2796 2150 3303 2214 und Zorika nach langem
1644 2150 2764 2207 leichtsinnigen, in seinen Stimmungen wie ein verkappter Dich
1644 2184 3335 2243 ter (der er in Wahrheit auch ist) wechselnder Wiener Schweren Frau Ilona von Köröshaza
1638 2224 3318 2290 nöter. Ueberhaupt fiel das Wienersche ein bischen arg schwer und der Zigeuner behandelt
1642 2264 3333 2319 und Herr Busch hätte besser ohne seine eingestreuten Versuche, Kälte. Jozsi wendet sich de
1642 2298 3333 2362 Wegnersch zu plauschen, in seinem biederen Norddeutsch ge¬ Gästen als Ueberraschung eine
2791 2343 3333 2402 den Zorika besteht darauf,
1642 2347 2764 2402 wirkt. Frl. Regina war in der „Frage an des Schiksal
2800 2383 3331 2432 trautes Weib zu sein. Unter
1644 2385 2766 2440 ein herziges „süßes Mädel“, dem nur durch die Hypnose leider
1642 2419 3333 2480 ihre Munterkeit rasch entzogen wurde, Frl. Forsten im blickt Zorika mit Schrecken
1663 2457 3318 2516 „Abschiedssouper, wohl eine ganz drollige Aennie, aber ihre lossagt, im Traun naht si
1646 2499 3335 2556 kindliche Art und die unausgereifte Technik traten doch zu beschwört zu ihm zurückzu¬
1014 2495 1401 2590 armer Leuten,
2810 2535 3312 2582 schmäht, mit ihr vor den
1651 2544 2777 2603 stark noch hervor. Nett und hübsch sahen übrigens alle mit¬
1642 2575 3333 2641 wirkenden Damen aus und darin wahrten sie den Ruf Wiens. Tuch zuwirft, womit, wenn
1651 2611 3310 2675 Das Publikum schien nicht recht in Stimmung zu kommen, der geunern der Lebensbund ge
1651 2652 3333 2730 Beifall war ein wenig lau. Mit Interesse sehen wir den Besinnung, daß sie wahres
2808 2688 3329 2743 finden kann, und der Traum
1646 2707 2607 2753 weiteren Darbietungen unserer Matineen entgegen.
1052 2666 1361 2798 62
2806 2728 3333 2779 ein allerliebstes Familienidy
1725 2738 3333 2812 Am gestrigen Abend gab es wieder eine Uraufführung, Ausine Zorikas, und Kajetan
1644 2770 2777 2842 von der wir gleich mit einer Vornotiz Vermerk nehmen. Der
2806 2806 3312 2853 bewirbt sich Zorikas Vater
1642 2823 2772 2870 erfolgreichste Dramatiker des Wuppertals, Ernst Söhn
743 2832 1378 2918 Barmer Stadttheater.
1651 2842 3303 2918 gen, stellte sein neuestes Werk, eine Komödie „Der Maul Gunst der schönen Flona.
2802 2876 3333 2933 rasch der Schluß herbeigefüh
1642 2906 2772 2967 wurf“ vor und konnte sich wieder eines lebhaften Erfolge
654 2893 1469 2975 Literarische Matinee: Schnitzlers Anatol.
2806 2925 3333 2978 Jolan-Kajetan, Dragotin-Ilo
1653 2939 2772 2992 erfreuen. Im Mittelpunkt des Stückes steht ein Scheinheiliger
2808 2963 3335 3022 wieder sein Wanderleben an.
1223 2946 1596 3022 Barmen, 6. Februar.
1653 2982 2772 3028 Molières Tartuffe ins Volkstümliche übertragen, in der Blüt
2802 2994 3320 3064 ponisten sehr günstige Cha¬
571 2984 1627 3056 M. Erfreulicherweise hatte die zweite Literarische Matinee
1663 3018 2777 3066 seiner Schandtaten und wird dem Gelächter mit ebenso volks¬
2806 3037 3333 3098 hat, seine Musik steht hoch
495 3050 1621 3113 schon ein weit zahlreicheres Publikum angezogen als die erste
1657 3060 2777 3105 tümlichen und bisweilen gar zu derben Mitteln preisgegeben
1657 3077 3335 3149 Der erste Akt ist der beste, der zweite verdient energis. Marktware ist. Man konn
489 3088 1630 3136 obwohl gleichzeitig — und diese Duplizität ließe sich am
1657 3111 3333 3181 Striche, der dritte macht zu viel Aufwand für die Lösung einer Reichtum haben, der schon
495 3128 1625 3176 Ende vermeiden — auch Elberfeld literarisch kam. Jeden¬
2810 3155 3333 3219 hübsch ist Zorikas Auftritts¬
504 3166 1627 3221 falls scheint uns der Beweis erbracht, daß die neue Einrichtung
1653 3174 2779 3221 kleinen Verwicklung und die Entlarvung des Sünders. Die
2804 3193 3333 3242 Heckenrose, das Duett zwi¬
502 3206 1623 3261 sich einbürgern kann. Dabei werden freilich in der Aus¬
1653 3208 2779 3261 Aufführung war von Herrn Pichon sehr sorgsam vorbereite
1653 3236 3335 3325 und der Autor wurde nach jedem Akt von dem gutbesuchten Lied „War einst ein Mädel“
502 3244 1627 3301 führung allerlei Uebelstände und Hemmnisse noch zu über¬
2808 3267 3329 3339 strumentation, seine Technik
502 3293 2080 3344 winden sein, wie z. B. die Länge der Pausen, die am Sonntag Hause oftmals gerufen.
2800 3312 3331 3365 reicht. Es kommt dazu ein
495 3323 1636 3378 die Geduld des Publikums etwas gar zu sehr auf die Probe
2800 3348 3323 3390 wirksamkeit, auch für die
499 3361 1636 3418 stellte. Die Regie meint es ja gut, wenn sie, wie es der
2787 3384 3333 3462 sprochenen Wortes, und so ha¬
504 3399 1659 3471 Fall war, auf ein hübsches Bühnenbild Wert legt; zu gut
