3436 4256
1378 203 1740 302 box 9/3
252 203 802 299 4.9. Anatol
910 206 1193 302 Zyklus
535 1308 1194 1458 Klose & Seide
578 1429 1148 1500 Bureau für Zeitungsausschnitte
524 1490 1221 1578 Berlin NO. 43, Georgenkirchplatz 21
508 1618 1152 1738 Leitung: Reichen
508 1715 619 1801 Ort:
761 1733 1035 1847 Berlin
503 1783 684 1868 Datum:
533 1854 1278 1948 2
555 1982 1612 2051 „Anatol“ in den Kammerspielen des Deutschen Theaters.
460 2033 1792 2115 Vorwort: Schnitzler — niemand bestreitet ihm Ernst, Willen, menschlich
377 2097 1793 2158 angenehme Züge, niemand seinem Werk Geschmack, Formqualität und je¬
380 2140 1756 2199 nes Niveau, das die erste Voraussetzung wahrer und anständiger Kritik ist.
460 2177 1792 2250 Hauptwort: Oesterreichertum und Judentum — die getrennt kein schlech¬
1504 2236 1792 2289 geben in ihrer
386 2238 1436 2289 ter Boden für brauchbares Menschentum sein müssen
380 2273 1792 2325 Verbindung leicht jene deprimierende Sorte weich labbriger Fadheit ab, die
380 2309 1792 2378 der Norddeutsche in seiner von Operetten und deren Schöpfern her ge¬
384 2348 1795 2405 speisten Kennerschaft als „wienerisch“ bezeichnet. Solch Bastard geistes
380 2396 1797 2458 Kind ist — alles in allem — auch Anatol. Das jüngste Wiedersehen fand ihn
384 2432 1792 2485 nicht nur stark gealtert. Man staunte auch, wie nichtssagend dieses Gesicht
380 2471 1797 2533 geworden ist. Ein Lebemann, gewiß, braucht noch kein Casanova zu sein.
380 2510 1801 2570 Aber, wenn er schon keine Figur macht, — sein Dichter müßte es! Das
379 2551 1801 2618 ist der Fall Peter Altenberg. Unter manchem, was der Tag ihm zutrug, war
384 2590 1797 2647 auch das jüdisch zersetzte Wiener Antlitz, aber er sah es so von oben, traf
389 2624 1797 2680 es so sicher, daß die Greuel des Lebens zur Freude der Kunst wurden. Auch
380 2664 1795 2728 seine Menschen reden oft den schlaff zerlassenen Dialekt des letzten Wie¬
384 2707 1806 2769 ners, der ein Pallawatsch von einem Wiener ist und einen Juden" (Kraus),
380 2743 1806 2803 aber ihr Autor redet ihn nicht. (Bei Schnitzler habe ich immer das Gefühl,
380 2775 1801 2846 der Dialog sei nur unfreiwillig zart untermauschelt. Wäre Anatol nicht se¬
380 2819 1797 2874 mitisch angehaucht, er wäre bestimmt noch dümmer. Aber dafür weniger
389 2856 1797 2922 schmushaltig, wehleidig und nachdenklich. Was eine Wohltat wäre. Nur
386 2899 1801 2960 nicht diese „gepflegte Melancholie „Bei der man immer zittert, sie könnte
386 2940 1797 2999 gar „genießerisch sein. Richtig sagt auch der Anatol von seiner Vorstadt¬
389 2979 1804 3032 Kleinen (Weihnachtseinkäufe), sie sei ein lauer Frühlingsabend, worauf eine
393 3015 1804 3072 Verheiratete den Frühlingsabend zu grüßen bittet, von „einer, die nicht den
395 3066 606 3132 Mut hatte
464 3086 1804 3171 Die ihn nicht hatte, hieß Lina Lossen. Dieses wunderbare Wesen, das
389 3153 1797 3210 mehr Tiefen birgt als manches Autors gesammelte Werke, ist eine durch¬
391 3191 1804 3251 schnittliche Schauspielerin. Aber aus den Fugen einer mittleren, undichten
398 3230 1804 3295 Technik leuchtet, klingt, wärmt die reinste Menschlichkeit. Im Abschieds¬
393 3272 1804 3335 souper war Margarete Christians nicht nur besser als gewöhnlich, sondern
389 3311 1770 3383 geradezu vortefflich. Was man Edthofer (Anatol) nicht nachsagen kann.
1634 3345 1744 3409 Katz.
2275 1706 2764 1799 reau für Zeitungsau
2220 1788 2791 1861 Berlin 10. 43, Georgenkirch
2513 1913 2663 2012 Le
2154 1977 2300 2060 Zeitun
2238 2389 3050 2451 Schnitzlers „Anatol", dessen „leichtsinnige
2190 2417 3036 2485 Melancholie, wie der Erfolg beweist, auch heute
2181 2478 3052 2522 non ihre Reise hat, hat in den Kammerspie¬
2192 2499 3048 2554 In bereits zum 50. Male seine „Frage an das
2195 2544 3054 2597 Schicksal gestellt, seine „Weihnachtseinkäufe besorgt,
2201 2570 3041 2627 sein „Abschiedssouper gefeiert. Anton Edhofer als
2199 2600 3054 2650 der Don Juan der Ringstraße, Hermann Thimig als
2204 2638 3048 2693 sein ironisierenden Leporello vertreten die sentimen¬
2199 2675 3045 2725 tale und die heitere Note wienerischer Liebenswür¬
2190 2705 3050 2776 digkeit, ohne sich immer sehr genau an den Schnitz¬
2190 2750 3036 2798 lerschen Text zu halten, Margarethe Christians
2199 2780 3041 2840 Stella Arbenina und die anderen süßen Mädel¬
2195 2810 2995 2881 leisten ihnen und dem Publikum gute gesellschaft
