3484 4256
1466 145 1831 242 box 8/6
717 153 963 237 to
1102 160 1251 234 ku
357 160 666 255 4.9. A
1308 679 1599 793 119.
740 733 1341 940 „OBSERVER
536 924 1600 1018 1. österr. behördl. konz. Unternehmen für Zeitungs-Ausschnitte
716 971 1423 1053 Wien, I., Concordiaplatz 4.
924 1028 1205 1111 Vertretungen
531 1058 1587 1151 In Berlin, Basel, Budapest, Chicago, Cleveland, Christiania,
532 1122 1589 1194 Genf, Kopenhagen, London, Madrid, Mailand, Minneapolis,
526 1162 1590 1248 New-York, Paris, Rom, San Francisco, Stockholm, St. Peters¬
920 1204 1198 1262 burg, Toronto.
853 1241 1272 1334 ne de la
519 1269 866 1369 Ausschnitt aus:
716 1316 1557 1441 Morgens
529 1422 646 1482 vom
533 1540 1403 1649 Theater, Kunst und Literatur.
1015 1596 1473 1686 Brünn, 20. Dezember.
585 1656 1519 1724 (Brünner Stadttheater.) Artur Schnitzler
495 1693 1519 1779 ist ein liebenswürdiger Causeur; er ver¬
502 1754 1520 1811 sterhaft zu plaudern, sein Dialog ist leicht und macht
495 1803 1519 1863 den Eindruck einer geistreichen Improvisation, in
489 1837 1512 1913 der sich Ironie, Laune und Rührung mischen und
496 1884 1519 1953 den Hörer in eine wohlige, wenn auch nicht tief
483 1943 1520 1995 erregte Stimmung versetzen. Den ersten Erfolg als
481 1982 1513 2030 Dramatiker errang sich Schnitzler 1893 mit seiner
491 2010 1519 2077 Einakterfolge „Anatol“ von der fünf Abteilun¬
491 2067 1512 2122 gen Samstag auf unserer Bühne zur Aufführung
496 2109 1516 2161 gelangten. Diese zierliche Sächelchen zeigen jene
491 2142 1516 2198 zarten Konturen der Bühnentechnik, die uns bei al¬
483 2189 1508 2248 len Schöpfungen Schnitzlers begegnen: der drama¬
486 2241 1509 2299 tische Zug ist nicht bedeutend, die Handlung gering¬
483 2269 1506 2339 fügig, ja wie z. B. in dem Stückchen „Weihnachts¬
486 2323 1509 2385 einkäufe" geradezu dürftig, die ganze Kraft des
488 2360 1512 2426 Dichters sammelt sich im Dialog, der denn auch
481 2403 1509 2475 von einer schillernden Pracht und graziösem Wohl¬
475 2447 1512 2512 aut ist. Eine erfrischende Heiterkeit geht durch den
483 2496 1512 2559 Einakter „Abschiedssouper", subtil und poetisch ge¬
488 2539 1509 2603 schaffen ist die „Episode" und eine übermütige
481 2580 1508 2649 Laune herrscht durch das Schlußstück „Anatols Hoch¬
483 2621 1505 2697 zeitsmorgen". Der einleitende Einakter „Die Frage
478 2670 1505 2737 an das Schicksal“ ist eine glänzende Probe seiner
482 2708 1503 2778 Dialektik, hier stoßen wir auf die Verwendung eines
475 2746 1506 2817 Lieblingsproblems Schnitzlers, auf das auch im
476 2803 1500 2890 „Paracelsus" angewendete Experiment der Hyp¬
553 2892 1569 2964 zose. Die Darstellung dieser fünf Stücke, von denen
548 2951 1566 3002 nur „Anatols Hochzeitsmorgen auf unserer Bühne
545 2998 1570 3049 bei einer Wohltätigkeitsvorstellung aufgeführt
545 3044 1572 3094 wurde, war glänzend. Herr Kramer gab das
545 3086 1569 3136 Wechselnde, Schwankende „Anatols", dieses Langen
553 3131 1570 3181 und Bangen in schwebender Pein, dieses Gemisch
545 3172 1570 3223 von Leidenschaft. Blasiertheit Leichtsinn und Gut¬
551 3219 1570 3268 mütigkeit in vortrefflicher Weise, nur zum Schlusse
548 3255 1562 3303 von „Anatols Hochzeitsmorgen" ließ er sich zu einer
548 3295 1566 3355 Übertreibung hinreißen. Frau Glöckner=Kra¬
545 3336 1567 3399 mer stellte fünf Frauengestalten fünf verschiedene
556 3384 1562 3443 und in einem Punkte doch wieder sehr ähnliche
556 3430 1569 3484 Frauencharaktere dar (Cora, Gabriele, Annie,
548 3471 1569 3523 Bianka und Ilona). Sie charakterisierte die Freun¬
545 3517 1567 3573 dinnen Anatols sehr geschickt. Herr Lackner schuf
548 3557 1573 3608 mit dem ruhigen, den überschuß von Anatols Feuer
548 3601 1566 3654 stets kalmierenden Freund „Mar“ eine prächtige
578 3641 1562 3728 taur. Sämtliche Darsteller erhielten stürmischen
1470 3688 1553 3770 S.
615 3694 695 3770 fall.
2731 1191 3076 1278 Telephon 12.801.
2838 1272 2941 1358 J.
2174 1265 2651 1435 OBSER
2021 1418 3076 1492 1. österr. beh. konz. Unternehmen für Zeitungs¬
2228 1465 2877 1535 Ausschnitte und Bibliographie.
2201 1516 2921 1612 Wien, I., Concordiaplatz 4.
2422 1595 2698 1654 Vertretungen
2024 1605 3084 1702 in Berlin, Brüssel, Budapest, Chicago, Cleveland, Christiania,
2024 1686 3084 1734 Genf, Kopenhagen, London, Madrid, Mailand, Minneapolis,
2018 1716 3082 1774 New-York, Paris, Rom San Francisco, Stockholm, St. Peters¬
2415 1760 2693 1816 burg, Toronto.
2370 1800 2736 1860 (Quellenangabe ohne Gewähr.
2021 1828 2877 1944 Ausschlussund, Brünn, Mähr.
2599 1940 2870 2022 22 12. 1010
2024 1965 2185 2037 vom
2249 2071 2940 2178 Theater und Kunst.
2129 2178 3136 2251 „Anatol." (Fünf Einakter von Arthur Schnitzler.)
2017 2214 2704 2278 Heute mag man darüber staunen
2751 2225 3138 2299 daß diese kleinen.
2014 2272 3136 2343 graziösen, französisch beeinflußten Causerien einmal beinahe
2015 2321 2708 2388 mit ein Anzeichen der literarischen
2743 2330 3136 2389 Revolution gewesen
2011 2362 3139 2436 sint: und fast ebenso erstaunlich, wie sie bis heute ihren
2014 2416 3138 2497 harmlos glitzernden Reiz unverändert vom harten und
2010 2460 2747 2539 drängenden Leben bewahrt haben.
2790 2470 3135 2542 Welch ein Schritt
1994 2526 3138 2583 vom Schnitzler des „Anatol“ bis zu dem des „Jungen
2008 2552 3132 2639 Medardus"? Ob auch in poetischer Hinsicht ein Fort¬
2017 2601 3126 2676 schritt: Gespielt — oder besser — geplaudert wurden
2010 2657 3129 2724 diese schimmernden Dinge, in denen es aus Tränen
2005 2708 3126 2788 lächelt, mit aller Charme von Herrn Kramer, dessen
1998 2753 3122 2831 leichte Noblesse keine Nuance fallen ließ, Frau Glöckner,
2002 2794 3128 2878 die in den einzelnen Stücken die Karriere von der Dame
2002 2855 3132 2924 von Welt bis zur Dame der Halbwelt — am besten im
2008 2892 2325 2954 „Abschiedssouper
2457 2915 3128 2987 mit gleicher Virtuosität durchmaß
1992 2958 3128 3035 und Herrn Lackner mit unaufdringlichem, aber
1994 2992 3121 3069 dennoch schlagkräftigem satirischem Humor, alle drei
1992 3054 2550 3106 waren als Gäste geladen!
2850 3061 3069 3129 Dr. R. F.
1988 3084 3115 3198 Freund Jack.“ Eine sehr leichte Komödie von
2593 3151 3121 3242 al des Stückes ist nicht
