3484 4192
337 147 1270 254 4.9. Anatol Zyklus
780 358 1032 467 Nr. 1916
513 411 661 469 vom
927 405 1452 529 Venkov, Prag
554 611 1426 740 Artur Schnitzler de Fland. Zur spisovatel.
470 684 1423 790 Schnitzler, jehož práce zejména Mikování.
473 732 1413 829 Anato « a jiné dávají se na nasich scénach, za¬
470 773 1419 882 vitá do Plzně v druhé polovici března, kdy spolu¬
467 814 1190 900 dinkuje jeho choť v mistnim koncertu.
442 1252 767 1351 .
607 1310 805 1407 rage
935 1307 1373 1452 glatt, Prag
442 1326 526 1410 n:
809 1349 951 1429 .
920 1452 1027 1534 to
898 1514 1163 1590 destheater.
610 1581 1375 1637 in Anatolen. Das heißt fünfmal
445 1609 1369 1703 ouvre. Man bekommt dann zum Schluß
436 1670 1375 1739 aus zuviel Gaumenkitzel Hunger nach derber Kost,
445 1721 909 1779 nach Brot mit Salz.
558 1748 1378 1815 Durch die Winkelgäßchen amoureuser Musik,
446 1786 1372 1866 Zehenspitzenerotik und verliebter Bagatellen fuhr
439 1851 1372 1900 ein fröstender Wind. Es war, als grinste schon in
436 1892 1379 1948 die tiefdunklen, zärtlichen Heimlichkeiten bebender
445 1931 1366 1989 Nächte ein fahler Morgen mit bitterem Nachge¬
451 1969 721 2046 schmack herein.
549 1984 1372 2069 Man hatte alle fünf Kleinigkeiten in den
439 2051 1376 2108 Eiskasten einer peniblen Regie gestellt, die ihnen
436 2102 1384 2152 eine neue Form geben wollte. Da zogen sich alle
445 2148 1369 2198 eine Angina zu. Nur die stärkere Konstitution des
445 2192 1375 2248 Abschiedsoupers kann ohne Schaden hinweg. Auf
437 2229 1375 2284 dem strengen, salonglatten Hintergrund der Insze¬
436 2278 1372 2329 nierung zogen alle Blüten des Dialoges rasch ihre
436 2322 1372 2376 Köpfchen ein, der Duft war weggeblasen und es
436 2363 1372 2409 blieb ein gläsernes Wortesprechen wie in einem
442 2406 1372 2485 höflichen, bescheidenen, ein wenig blutarmen Lust¬
445 2447 557 2524 spiele.
570 2500 1242 2573 Frühgereift und zart und traurig,
570 2555 1128 2606 Die Komödie unserer Seele,
570 2571 1231 2662 Unseres Fühlens heut und gestern,
579 2639 1130 2706 Böser Dinge hübsche Formel,
572 2683 1097 2732 Glatte Worte, bunte Bilder,
569 2721 1159 2803 Halbes, heimliches Empfinden,
567 2769 929 2842 Agonien, Episoden.
541 2812 1373 2886 So hatte einmal „Loris" den Anatol besun¬
439 2850 1375 2924 gen. Man hatte gestern die Heimlichkeiten aus allen
439 2913 1372 2968 Winkeln gejagt, man hatte gründlich abgestaubt.
443 2955 1237 3013 Da nahm das Staubtuch viel anderes mit.
540 2993 1370 3051 Das große Reinemachen in der sentimen¬
436 3025 1372 3096 talen Garnitur Schnitzlers blies den Blütenstaub
430 3087 1375 3146 weg, die Imponderabilien, die eigentlich das Wesen
439 3126 1367 3185 dieser kleinen Stücke bedeuten. Der Aufführung,
442 3176 1372 3223 die diesem Entfüßungsprozeß unterworfen wurde,
434 3214 1369 3273 blieb in ihrer Art sehr viel. Es wurde durchwegs
433 3259 1366 3308 hübsch gespielt, freilich schimmerte ein leiser, kühl¬
436 3300 1375 3368 parodistischer Ton hindurch. Den Thadädl gab
439 3341 1369 3402 Herr Hennig. Sein Anatol, nett und nicht un¬
430 3391 1366 3435 liebenswürdig, aber von Haus aus schon ein wenig
439 3432 1367 3501 kühl, oberflächlich und naiv-fidel, erhielt hier wirk¬
436 3476 1369 3527 lich einen Thaddädlanstrich. Herrn Roma¬
428 3521 1366 3577 nowskys Max ist eine bekannte, gute Figur.
433 3557 1361 3603 Dann die fünf Damen: Der Cora Frl. Newes
427 3594 1370 3660 kann man nicht böse sein. Sie kam lieb und nett
430 3647 1363 3706 hereingeflattert und blieb es auch nach der Hyp¬
439 3689 1360 3737 nofe. Die Bianca Fr. Hoffmanns ganz ent¬
436 3733 1360 3778 zückend neckisch, auch die Emilie Frl. Crons und
430 3775 1363 3822 die Ilona Frl. Hübners bemerkenswert. Das beste
439 3818 1360 3861 des Abends war das „Abschiedsouper". Freilich
439 3858 1372 3936 ist ja die Annie Fr. Medelskys ein Meister¬
439 3896 605 3978 stückchen.
1212 3905 1333 3973 w. t.
1458 151 1813 245 box 9/2
2228 227 2636 330 Ausschnitt aus:
2382 298 3167 372 Montagsblatt aus Böhmen, Pr
2232 336 2387 405 vom
2434 357 2745 451 1
2158 449 3066 501 Anatol. Der Anatolzyklus Schnitzlers ist stim¬
2119 495 3067 560 ungsvoll, reizend und unterhaltend für den Leser;
2121 546 3069 611 in grellen Lichte der Bühne erweisen sich aber diese
2122 594 3067 656 vorbeihuschenden Episoden als körperlose Nichtigkeiten,
2118 637 3063 708 deren einziger Reiz, die zarte Stimmung, zerflattert.
2122 684 3063 744 Eine Ausnahme bildet lediglich das entzückende „Ab¬
2121 738 3066 803 schiedssouper". Die Aufführung im Landestheater ver¬
2128 785 3069 852 suchte zwar den Episoden mehr Festigkeit zu verleihen,
2116 839 3067 894 aber dieser Versuch mußte mißglücken, weil er eben
2113 892 3060 950 diesen zarten Kleinigkeiten wesensfremd ist. Er konnte
2122 936 3066 995 auch deshalb nicht gelingen, weil wir keinen Darsteller
2124 986 3061 1050 für den Anatol besitzen und diese Rolle Herrn Hen¬
2116 1032 3067 1101 nig anvertraut wurde, der ihr seiner Natur nach nicht
2113 1077 3064 1137 gerecht werden kann. Sein trockener Humor und seine
2113 1134 3066 1186 ein wenig derbe, wenn auch originalwienerische Komik
2113 1169 3066 1237 ist für den Anatol unmöglich. Auch die weiblichen Rol¬
2116 1228 3060 1280 let wurden mehr angedeutet, als gespielt. Eine Aus¬
2119 1270 3072 1325 nahme bildete nur die bekannte, meisterhafte Darstel¬
2113 1323 3066 1387 lung der Annie durch Fr. Medelsky. Der durch
2119 1375 3066 1428 Herrn Romanovsky dargestellte Freund und Ver¬
2119 1428 3060 1479 traute Mar war zwar glaubhaft, aber auch er ent¬
2122 1472 3073 1526 sprach nicht vollständig den Absichten des Dichters. Da¬
2116 1516 3067 1579 Haus war dicht gefüllt und feiertäglich freundlich ge¬
2108 1564 2246 1630 stimmt.
2297 1869 2772 1948 An den
2084 1903 3138 2000 Ausschnitt aus Mährisches Tagblatt, om
2518 1995 2701 2074 10.
2084 2000 2242 2086 vom
2092 2125 3045 2223 Königlich städtisches Theater.
2242 2210 2884 2311 Zu Schnitzlers Anatol."
2164 2279 3036 2349 Schnitzler muß anders gespielt werden, vom
2083 2334 3039 2403 Grunde auf anders, und vor allem anders gesprochen
2083 2387 3036 2443 werden, wesentlich anders. Schnitzler muß gespielt
2087 2423 3036 2496 werden, wie man eine Violine spielt, wenn man die
2086 2470 3033 2543 Sordine aufgesetzt hat, oder ein Klavier, wenn man
2087 2523 3040 2582 das Dämpfer=Pedale anwendet. Schnitzler muß im
2078 2564 3034 2648 legersten und leichtesten Konversationstone gesprochen
2078 2627 3039 2685 werden, fein, sehr fein pointiert. Diese grazilen Ge¬
2081 2665 3028 2739 danken vertragen keinerlei Kothurn, sie müssen auf
2077 2719 3030 2794 leichtbeschwingten Silben=Sohlen ruhig vorgebrachter,
2080 2769 3027 2822 perlenartig aneinander gereihter, mehr nur so hinge¬
2080 2821 3025 2883 worfener, als mit gewichtigem Bewußtsein breit und
2072 2880 3025 2939 tragend ausgesprochener Wörter gehen, nicht ausladend
2081 2918 3022 2986 im Tone, nicht behäbig und weitspurig in der Satz¬
2081 2964 3027 3025 anlage. Schnitzler ist eine Sache für sich, also will er
2078 3014 3023 3078 auch eine Darstellung für sich, eine Interpretation,
2066 3064 3023 3128 durch die er verstanden werden kann. Schnitzler ist
2066 3107 3031 3181 weder Pose noch Posse. Schnitzler ist Geist. Man
2071 3157 3017 3229 muß, will man ihn wirklich herauskriegen, ganz
2075 3217 3020 3269 radikal brechen mit der üblichen Lustspiel- oder
2075 3259 3017 3324 Possen=Schablone. Es ist bei Schnitzler unmöglich,
2066 3317 3017 3373 daß sich — (nur einige Beispiele!) — zwei Freunde
2068 3344 3017 3426 vom Schlage des Anatol und des Max, zwei Menschen
2065 3399 3019 3470 also von stilisierten Salonmanieren und raffinierter
2065 3450 3017 3524 Großstadtkultur, umarmen, indem sie sich dabei laut
2072 3500 3011 3563 hörbar gegenseitig auf die Rücken klopfen und sich, wie
2071 3559 3008 3622 tanzend, einmal rund herum drehen, wie es Operet¬
2069 3603 3010 3672 tenmenschen tun mögen, wenn sie sich umarmen. Es ist
2062 3639 3011 3721 bei Schnitzler unmöglich, daß man irgend etwas über¬
2063 3687 3011 3769 haupt, geschweige denn die Schlußworte des Max in
2063 3745 3005 3819 der „Frage an das Schicksal, mit schallhaftem Augen¬
2066 3798 3005 3854 zwinkern ins Publikum hineinspricht, als handle es
2066 3845 3011 3902 sich da mehr um eine populäre Fußnote, die der
2069 3892 3002 3964 Dichter an sich selber anfügt, um allenfalls auf der
2190 3990 2966 4060 Galerie deutlicher verstanden zu werden.
3013 3982 3408 4078 lösen trachten
2183 4028 3399 4126 bei Schnitzler unmöglich, daß irgend jemand irgend zug, zerrissen
2184 4082 2577 4149 etwas so unsern belge
