3344 4224
193 148 703 236 4.9. Anatol
1310 164 1665 247 box 9/5
893 159 1101 239 klu-
777 382 1205 486 real
409 459 690 561 F. 1918
805 473 1212 601 Altenblock.
632 642 1506 766 Gespräch mit Raoul
797 741 1341 870 Auernheimer.
1021 852 1116 925 Von
863 877 1282 978 Karl Marilaun¬
557 923 1664 1049 Wenn Sie Anatol unter die Literaten gegenge¬
412 999 1676 1105 wäre, hätte er vermutlich die Feuilletons Raoul Auernheimers
451 1066 1670 1153 geschrieben. Und stünde an seinem vierzigsten Geburtstag, de
451 1118 1667 1205 ungefähr mit dem des Herrn Auernheimer zusammengefallen wäre,
450 1173 1673 1238 am Bücherbord seines nicht übertrieben beschäftigt aussehenden
447 1209 1676 1278 Arbeitszimmers, um mit sehr gepflegten und etwas kühlen
443 1255 1679 1348 Händen ein halbes Dutzend schmaler, leicht in diesen Händen
445 1316 1676 1390 wiegender Novellenhändchen herunterzulangen. Die „Rosen, die
445 1355 1676 1420 wir nicht erreichen, wären sicherlich darunter; der junge Raoul
443 1398 1675 1481 schrieb sie in der Handschrift des nicht älteren Anatol, und diese
453 1450 1673 1511 Handschrift änderte sich nicht nennenswert, bis etwa zur „Aengst¬
442 1510 1664 1587 lichen Dodo und dem Burgtheaterlustspiel vom „Paar nach
445 1536 673 1607 der Mode.
560 1598 1673 1706 Aber allerdings Herrn Austhenes Leichenbestatter von
447 1661 1661 1755 Ebenbrunn hatte ein dichtender Anatol nie und nimmer ge¬
454 1714 1661 1797 schrieben; die Novellen vom „Gußeisernen Herrgott, würde er
443 1767 1664 1849 vielleicht, aber mit Unbehagen, gelesen haben; und die kleine,
445 1819 1656 1903 unter ungeweinten Tränen spitz lächelnde, tragisch tändelnd
445 1860 1661 1948 Erzählung von der Praterfahrt des obskuren, kleinen Postbeamten
442 1906 1661 1994 Laurenz Haller hätte Herr Anatol sicher nicht weggelegt, ohne
442 1961 1662 2029 nachdenklich und sachte erschüttert die weißen Halbmonde seiner
445 2011 1664 2085 rosfarben mantierten Nagel zu betrachten und festzustellen, daß
443 2051 1656 2135 hier auf anderthalb hundert Seiten der zweite Wiener Roman der
448 2102 1661 2184 letzten zwanzig Jahre geschrieben wurde. Der erste ist der „Weg
443 2154 1662 2233 das Freie und sein Verfasser heißt Artur Schnitzler. Ein dritter
456 2202 1662 2302 est ausständig, aber zu erhoffen: Hugo von Hofmannthal hat ihn
439 2235 1094 2332 vor Jahren schon versprochen.
429 2301 1657 2412 Schnitzler, Hofmannsthal, — nennt man diese besten Namen
426 2368 1650 2455 der Jungwiener neunziger Jahre, und etwa den Wassermanns,
434 2414 1653 2500 Richard Beer=Hofmanns dazu, so braucht der Raoul Auernheimers
432 2474 1654 2543 nicht darum vergessen zu werden, weil er aus dem Feuilletonteil
428 2511 1650 2596 einer Wiener Zeitung, also sozusagen aus dem Halbstock der
423 2571 1650 2647 Literatur in die Beletage des selig entschlafenen und eingegangenen
426 2620 1653 2694 „Wiener Verlages übersiedelte. Als hier die „Rosen, die wir
403 2654 1646 2733 nicht erreichen erschienen, hatte Wien neben dem Dramatiker
431 2716 1650 2794 Schnitzler und dem Aestheten Hofmannsthal seinen neuen No¬
429 2757 1650 2830 vellisten, einen wienerischen Maupassant sansterer, zierlicher und
434 2812 1653 2887 graziös ironischer Prägung. Dieser neue Wiener gravitierte
423 2865 1653 2919 natürlich recht stark nach Paris, das gehörte damals sozusagen
425 2901 1651 2983 zum guten literarischen Ton und hatte speziell in den
426 2952 1645 3018 Feuilletons, die Auernheimer schrieb, schon eine Art von
425 2997 1656 3079 Tradition für sich. Solche Feuilletons mit tadelloser Tournure,
418 3036 1656 3128 romanischer Verve und deutschen, zwischen Schwermut und Ironie
425 3084 1656 3172 genau die Mitte haltendem Tessinn hatte zuerst kein Geringerer
414 3154 1653 3228 als Theodor Herz geschrieben, und er hatte sie als Korrespondent
404 3191 1514 3287 der „Neuen Freien Presse" in Paris zu schreiben gelernt,
668 3249 1659 3354 der Schule Heils schrieb. Auernheimer sein erste
401 3280 1646 3398 Feuilleton von „irtshaus zur verlorenen Zeit. Er war damals
417 3370 1654 3447 ein junger Jurist mit losen Beziehungen zur Literatur, der bei
414 3419 1650 3469 einem flüchtigen Berliner Aufenthalt den Schauspieler Josef Jarno
417 3460 1643 3527 kennen lernte. Er traf sich mit ihm an einem der wenigen
414 3516 1640 3574 Literaturstammtische, an denen Herr Auernheimer verkehrt hat,
412 3552 1639 3620 und erwährte gesprächsweise, daß er eben mit einem kleinen
409 3599 1640 3670 dreiaktigen Lustspiel fertig geworden sei. Jarno, der um
412 3647 1637 3727 dieselbe Zeit als Direktor nach Wien ging, das das Stück, es
414 3699 1634 3768 gefiel ihm und er setzte es für seinen zweiten literarischen
406 3757 1643 3809 Abend in der Josefstadt an. „Talent, hieß die talentierte
409 3804 1653 3879 Kleinigkeit des so gut wie unbekannten Autors, von
412 3840 1643 3912 dem bisher nur einige Aufsätze in der neugegründeten Münchener
417 3897 1667 3977 „Jugend erschienen waren. An seinem ersten literarischen Abend¬
417 3942 1645 4011 war Jarno mit schwerem Geschütz aufgefahren, er spielte Strind¬
412 3985 1624 4054 berg. Der zweite sollte eine wienerische Note bringen, und der Erfolg
414 4030 1624 4103 kleinen Stückchens war so groß, daß im „Neuen Wiener Journal
403 4079 1621 4177 darüber zu lesen stand: „Neunundzwanzigmal durfte sich der und
1686 590 2912 684 schwermütige kokerte Lebenskünstler zum Menschen, der Menschliches
1686 676 1846 744 begreift.
1802 717 2906 794 Diese Wandlung Anstols, des Phantasiegeschöpfe einer ver¬
1698 774 2903 846 jährten Laune, hat auch Raoul Auernheimer erfahren, der als
1698 833 2909 890 Vierzigjähriger aus der Beletage des besten Wiener Feuilletons
1692 887 2906 940 zu den Schicksalen der Menschen im Souterrain / übersiedelt, um
1698 928 2908 992 ein Dichter zu sein — bis ihm der Stoff seines / nächsten, hoffent¬
1701 978 2518 1060 lich scharmanten Burgtheaterlustspiels einfalls
