3484 4256
1383 177 1735 268 box 9/3
992 174 1184 286 ku
253 174 942 301 4.9. Anatol-
2289 804 3074 865 Dann aber fährt Gräfin Lulu fort:
1329 811 2194 891 Lulu Thürheim“, die mich durch einige Wochen
521 811 1264 902 Aber Artur ist doch Dichter geworden.
156 822 431 923 woche.
1325 833 3078 916 auf das angenehmste beschäftigten. Da las ich Nichtsdestoweniger habe Franzi eines Tages
1325 898 3071 956 am Schlusse des dritten Bandes ein Kapitel, während einer magnetischen Kur, sei es aus
167 902 398 960 der Theater.
525 913 3074 992 Von den sieben Einaktern des „Anatol" betitelt: „Franz Liechtenstein", das mich mit Neugierde, sei es aus verzeihlicher Eifersucht,
167 956 420 1007 Lügen Frauen
2205 985 3078 1036 eine Frage gestellt, die die schöne Fürstin
167 992 416 1054 die längst ver¬
453 974 1300 1039 Zyklus hat mich am längsten der erste be¬
1325 989 2173 1043 aller Lebhaftigkeit an die „Schicksalsfrage
163 1028 311 1086 terhazy.
453 1021 3067 1079 schäftigt, die „Frage an das Schicksal". Man Artur Schnitzlers erinnerte. Ich erkannte: Er zuerst nicht beantworten wollte. Als er jedoch
2202 1068 3078 1126 darauf bestand, und die Somnambule förmlich
442 1079 1296 1123 wird sich ja so ungefähr der Handlung er
1325 1076 2144 1137 hatte wieder einmal — ohne es zu ihnen
174 1065 424 1141 sefstädter
2216 1104 3074 1155 zum Sprechen zwang, da — wir geben die
1333 1115 2180 1173 ein bischen Wirklichkeit gedichtet. Es ist aus
167 1115 1304 1173 itung Paul innern, die da in einen leichten Dialog ge
2213 1152 3071 1217 Worte der Gräfin Thürheim wieder — „saat¬
445 1162 1311 1213 hüllt wird, so ungefähr wie Rosen aus Nizza
1333 1155 2180 1213 geschlossen, daß Schnitzler die Bücher der Thür
167 1162 416 1231 des Schnitz¬
2213 1191 3082 1253 sie die Wahrheit, die jedenfalls im Geständnis
449 1202 2184 1249 die wir in Samt gehüllt des Winters emp¬ heim kannte. Denn die Gräfin ist in der
170 1209 420 1271 Es ist das
1336 1238 3064 1293 sechziger Jahren gestorben und hatte verfügt, einer Untreue gegen den Geliebten bestand
453 1242 1311 1296 fangen. Anatol ist wieder einmal verliebt und
181 1249 416 1322 neues Wien
445 1278 3078 1336 wieder einmal ein bißchen melancholisch. Denn daß ihre französisch geschriebenen Memoiren konnte sich aber bei ihrem Erwachen an nichts
163 1296 416 1362 es, in dessen
2213 1325 2499 1391 mehr erinnern
442 1329 1311 1380 er weiß nicht, ob seine Cora ihm treu ist, das
2060 1329 2187 1383 fünfzig
1336 1325 1604 1401 geheimgehalten
174 1333 416 1409 gefallen ist
2292 1336 3089 1420 Später schreibt die Gräfin: Lange nach
453 1351 2194 1420 reizende, liebe Wiener Frühlingsgeschöpf! Da Jahre nach ihrem Tode herausgegeben
199 1383 416 1441 und seine
2216 1376 3074 1463 jenen Tagen habe ihr „ein anderer Geliebten
1333 1416 2180 1467 werden dürfen. Was die Familie auf
449 1412 1315 1463 bringt ihn sein Freund Max auf den Ge¬
167 1423 420 1485 Wiener und
2213 1441 3078 1503 der Fürstin erzählt, ein Engländer, daß er sie
442 1452 2184 1506 danken, eines Mittels der Mode sich zu be¬ getreulich hielt. Doch nach Ablauf dieser Fri¬
199 1470 416 1532 als uns die
1742 1485 3078 1550 so konnten die Lebens gefragt habe, wie sie es bei ihrem schlechten Ge¬
453 1496 1706 1554 dienen, der Hypnose, um die Wahrheit zu er¬ kam der Weltkrieg,
192 1506 416 1579 des Josef
1333 1532 3078 1611 erinnerungen erst nach dem Umsturz erscheinen, wissen habe wagen können, sich von Franz
456 1539 1311 1590 fahren. Das Gespräch zwischen den beider
167 1535 416 1608 en. Wiener
1412 1572 3078 1626 Was erzählt nun die Gräfin in diesem magnetisieren zu lassen? Da habe sie ihm unter
442 1582 1307 1659 Freunden spielt sich in Anatols Wohnung ab
163 1593 413 1659 lagen, Wiene
2216 1619 3082 1702 Lachen geantwortet: „Oh, ich wußte immer
163 1608 2187 1691 r bezaubernd Da tritt Cora plötzlich ein. Max bringt das Kapitel? Dieser Franzi Prinz Liechtenstein
2213 1662 2680 1738 ganz gut, was ich sprach
453 1669 2187 1724 Gespräch auf die Hypnose, und das Mädchen war ein kreuzbraver junger Offizier, wahn
170 1680 420 1745 doch in ihren
2289 1677 3082 1760 Hat nicht der Freund Anatols, der junge
1340 1709 2187 1756 sinnig verliebt in die Fürstin Therese Ester
214 1716 1315 1764 wahrhaftig verlangt sofort, hypnotisiert zu werden, weil
2213 1720 3082 1796 Herr Max, recht, den Schnitzler ein halbes
177 1749 2187 1803 eines Anton es sich das „sehr hübsch vorstellt. Cora wird hazy, selbstverständlich eine verheiratete Frau
2220 1778 3078 1861 Jahrhundert später in unserem Einakter die
1333 1796 2198 1843 Sie hatte den denkbar schlechtesten Ruf. Aber
449 1796 1315 1847 also eingeschläfert. Anatol schärft der Ge¬
188 1803 420 1858 was immer
1333 1825 3085 1912 Franzi hoffte sie zur Tugend zu führen, das Worte sprechen läßt: „Die Frauen lügen auch
453 1832 1311 1912 liebten sofort ein, nur die Wahrheit zu sagen
177 1850 427 1908 Frauengene¬
2220 1876 2513 1948 in der Hypnose
503 1872 2191 1923 in allem — und Cora verspricht's. Nun heißt nämlich, daß sie ihren fürstlichen Gatte.
167 1879 427 1945 lich Künstle¬
453 1919 2194 1988 stellt Anatol die erste verfängliche Frage: nur mit ihm betrüge. Eines Nachts wird der
167 1934 420 1995 nachahmlich
1340 1959 2194 2032 Fürstin in Gegenwart des Geliebten furchtbar
449 1966 1318 2032 „Wie alt bist Du?" — „21 Jahre," antwortet
2292 1948 3085 2035 Wohlgemerkt, der dichterische Gedanke
177 1977 413 2035 feine, dunkle
1333 2010 2198 2053 übel. Schon will er die Glocke ziehen, um
445 2010 739 2079 die Schlafende.
2223 1999 3082 2068 Schnitzlers ist in diesem „Schicksals"Einakter
167 2021 416 2079 vorhang, de
1343 2046 2194 2118 Hilfe herbeizurufen, doch sie erklärt, sie stürbe
2220 2053 3085 2108 nicht etwa der listige Einfall, eine Frau in
167 2060 416 2122 schaft trennt
529 2053 1322 2115 Es war die erste Wahrheit! Denn bisnun
442 2100 3085 2162 hatte Cora immer nur gesagt, sie sei Neun= berraschte ein Dritter sie beide in solch nächt¬ Wachhypnose zu versetzen, um aus ihr das
170 2104 420 2162 siese Gestalter
1340 2133 2198 2184 licher Stunde. In ihrer Verzweiflung legt sie
2466 2140 3082 2202 ihrer Untreue förmlich heraus
2220 2147 2444 2205 Geständnis
181 2147 413 2209 Fleisch un¬
453 2151 1318 2209 zehn! Nun drängt Max seinen Freund, die
1343 2169 2198 2231 plötzlich seine Hand auf ihr Herz und beschwör¬
2470 2187 3093 2242 so untrüglich und warm wie der
167 2184 427 2242 hen? Dieser
2220 2198 2437 2249 zuzaubern,
449 2187 1318 2245 eigentliche Frage zu stellen, die Anatol se
1336 2220 2194 2271 ihn, ihr den Schmerz durch sanfte Striche weg
2220 2223 3089 2278 Atem. Das subtil Wienerische, das Anatolische
167 2227 420 2292 Jünglings¬
449 2234 1315 2292 schwermütig gemacht hatte, die Frage: „Cora
1336 2260 2202 2339 zumagnetisieren. Damals (1827) war ja der
2223 2278 3093 2321 des Stückes ist, daß Anatol plötzlich sich zu
167 2274 420 2332 ist heute noch
445 2274 1315 2328 bist Du mir auch immer treu gewesen?" Doch
1336 2303 1912 2357 Mesmerismus gang und gäbe,
2227 2310 3096 2383 schwach fühlt, der Wahrheit ins Antlitz zu
170 2314 420 2372 hen auch fas¬
449 2318 1249 2379 Anatol findet diese Frage plötzlich doch
1412 2328 2198 2401 In der Tat: Die schmerzhaften Krämpf
2234 2350 3089 2412 schauen und seinen schmerzlichen Zweifel zu
174 2357 413 2415 schaftsdrame
442 2350 1315 2415 brutal. Er hat offenbar Furcht, die Wahrhei
1343 2383 3085 2452 schwanden, zugleich verfiel die schöne Frau in verlieren. Den er fürchtet, mit ihm verlör¬
174 2405 424 2462 immer hinter
449 2408 1315 2462 zu erfahren. Er findet plötzlich, es sei unedel
177 2437 3082 2488 Gaze, so daß die Vorteile einer solchen Situation auf diese einen somnambulen Zustand, in dem sie er auch die Geliebte. Drum weckt er sie, bevor
2223 2484 3093 2557 das schicksalsschwere Ja oder Nein ihre süßen
170 2481 420 2557 rückt scheint
445 2484 2202 2553 Art auszunützen. Max erwidert überrascht, plötzlich über metaphysische und rein religiöse
1351 2517 2524 2578 Fragen zu schwärmen begann. Seither be¬ Lippen verläßt.
163 2524 420 2582 vo Tag und
456 2531 1315 2600 „Wie? Nun könntest Du die Wahrheit er
2307 2542 3093 2640 Aber — ist die Feigheit des wohllebigen
170 2571 427 2640 einander um¬
453 2564 2205 2636 fahren über die Treue der Geliebten. Diese diente sich die Fürstin des öftern bei ihren
1347 2604 3100 2662 schmerzhaften Anfällen der magnetischen Hilfe träumerischen Frauenfreundes Anatol der
167 2618 1315 2669 men. Nichts Wahrheit liegt auf dem Boden vor Dir un
1347 2647 3103 2701 ihres Freundes. Schließlich wurde aber auch Geist, so ist der Einfall, die Hypnose als
167 2654 424 2712 sang, den ein
453 2665 1133 2738 Du fürchtest Dich, sie aufzuheben?
1336 2683 3100 2749 der Arzt ins Vertrauen gezogen. Der Doktor Mittel der Wahrheitsforschung in der Liebe zu
181 2701 431 2752 ten Händen
536 2698 1315 2788 Nun schämt sich Anatol seiner Feigheit
2227 2730 3100 2788 verwenden, doch wenigstens der Körper des
1340 2730 2205 2806 empfahl dem jungen Magnetiseur, den Zustand
174 2741 424 2803 rchblicken und
449 2745 1318 2828 Ja, er will die Frage stellen, aber nur, wenn
1340 2774 3096 2825 der Trance (eine Art Verzückung) bei der Stückes, sein szenischer Witz. Dieser Witz aber
163 2785 424 2850 Freunde, und
460 2803 1315 2854 Max aus dem Zimmer geht. Denn wenn Cor
2234 2817 3103 2875 ist vor Schnitzler und ohne dessen Wissen einem
1347 2821 2205 2883 Fürstin nicht zu weit zu treiben und sie nich
163 2825 420 2883 ardus schließ
453 2843 1329 2904 die Treue verneint, so will er das Furchtbare
1351 2868 3107 2922 über Dinge zu befragen, die sie allzu sehr auf anderen Wiener eingefallen, jenem durchlauch¬
170 2868 420 2933 dann steht au
449 2890 1318 2940 allein hören. Unglücklich sein, sei erst das halb¬
1336 2901 3100 2962 regen könnten. Denn ein solcher Zustand könne tigen Franz Liechtenstein, der nicht so geistreich
170 2911 424 2966 lers vor uns
456 2940 1144 2995 Unglück, bedauert werden, das ganze.
2227 2944 3111 3017 aber viel gutmütiger gewesen ist als Anatol.
1351 2951 1655 3024 Gefahr bringen!
170 2951 431 3024 ts hinter dem
2231 2984 3103 3056 Ebenso wie die Fürstin Therese viel ver¬
540 2962 1318 3042 Der Freund verläßt also das Zimmer
1420 2977 2202 3053 Die Gräfin Thürheim unterbricht hie
2234 3020 3107 3089 schlagener war als Cora, das Kind der
449 3009 1322 3082 Anatol betrachtet die schlafende Geliebte mi
1351 3024 2202 3114 ihren streng sachlichen Bericht durch eine per
2234 3074 3111 3122 Phantasie Schnitzlers. Denn sie wußte genau,
449 3074 1322 3136 Angst und mit Bewunderung. Endlich wir
1354 3085 2205 3140 sonliche Bemerkung. Diese liebenswürdig
181 3085 431 3158 dem jungen
2231 3118 3111 3169 daß sie mit dem Geständnis ihrer Untreue den
464 3114 1329 3172 er entschlossen und — erweckt Cora und küß
1351 3129 2205 3198 seine Dame, die inmitten der von ihr so tie
170 3143 427 3201 isvoll werden
2234 3158 3111 3216 guten Franzi nicht abstoßen, sondern nur noch
460 3158 1325 3230 sie! Und als der Freund gleich darauf eintritt
1347 3169 2205 3223 bedauerten sittlichen Fäulnis des österreichi
170 3201 1325 3248 Angsrat Doktor weiß er, Anatol habe es nicht gewagt, die
1351 3201 2777 3270 schen Hochadels reinen, unschuldsvollen Geistes mehr an sich fesseln wurde.
170 3230 431 3284 eunde Adol
2318 3237 2730 3306 Was auch geschah.
460 3245 1325 3299 Frage an das Schicksal zu stellen. Uebrigen
1354 3256 2213 3328 geblieben war, gibt da ihrer Vermutung
177 3274 435 3342 Burgtheaters
2310 3252 3107 3332 Man sieht, welch irre Wege unsere Seele
460 3284 1318 3364 ist er überzeugt: die Frauen lügen auch in de
1351 3299 2216 3350 Raum, diese Warnung des Arztes sei von
174 3321 431 3371 Prüfung über
471 3335 634 3404 Hypnose.
1343 3321 3107 3393 Therese Esterhazy ausgegangen, die sich nicht geht: Anatol findet im Zweifel an der Treue
170 3357 431 3411 te Artur ent
1351 3364 3111 3440 habe der Gefahr aussetzen wollen, als Som= und Prinz Franzi in der Gewißheit der Un¬
167 3400 445 3451 rden. Wie das
540 3397 2799 3527 Vor drei Jahren ungefähr stieß ich auf die nambule ihre Liebesabenteuer auszu¬ treue das höchste Liebesglück
159 3437 438 3502 er den Anatol
2756 3437 3071 3538 Julius Stern,
442 3469 1669 3542 vier Bände „Lebenserinnerungen der Gräfin plaudern
