3248 4256
2 195 911 316 19. Anatol - Zyklus
370 759 700 839 Fonde en
167 841 878 1001 ARGUS de la PRESSE
287 962 773 1062 it out
172 1027 893 1127 LES PLUS ACTS SURANT ETATS DE PARIS
175 1100 896 1178 37. Rue Bergère, PARIS (9e)
603 1241 764 1372 43
277 1280 544 1368 DE DENT
578 1365 982 1465 AUX COUTES
49 1378 274 1493 Grunde
590 1439 967 1527 RUE NOINE.
56 1491 239 1591 dra¬
538 1516 1032 1642 30 JANVIER 1932
57 1567 166 1686 Das
52 1672 264 1778 Signature
67 1760 259 1867 de
80 1857 705 1952 Au Théâtre de l'Avenue
138 1937 1065 2014 M. Maurice Rémon, M. Vaucaire et Mme
92 1970 1064 2053 Suzanne Clauseront mis beaucoup d'appli¬
97 2029 1067 2103 cation à nous restituer ce « cycle » en cinq
103 2066 1073 2152 tableaux que constitue l'œuvre du Viennois
98 2122 1078 2201 Arthur Schnitzler : Anatole. L'ingéniosité
103 2165 1072 2248 de la presentation ne compense malheureu¬
100 2227 1075 2296 sement pas l'ironie appuyée et la décla¬
103 2255 1078 2342 mation « littéraire » du texte. Cet Anatole
102 2307 1082 2389 est un type de noceur viennois d'avant
103 2363 1077 2440 guerre. Dans La Frousse, il hypnotise sa
116 2397 1080 2496 petite amie afin de lui faire avouer une
115 2448 1078 2532 infidélité probable. Achats de Noël le con¬
105 2496 1083 2576 fronte avec une femme, symbolique et
105 2542 1083 2640 bavarde, qu'il aurait pu aimer Episode
116 2593 1086 2674 est, dans un déballage de souvenirs d'amour,
120 2647 1088 2724 l'évocation idéalisée d'une jeune personne
116 2688 1080 2781 qui survient pour jeter bas ces illusions
113 2732 1090 2819 Souper d'adieu montre Anatole devancé, à
120 2801 1091 2874 sa confusion, par sa maîtresse dans le plai¬
116 2837 1090 2922 sir de rompre. Le matin du mariage nous
120 2883 990 2992 offre une dernière mufferie du hallat
66 2955 1046 3079 renoue une liaison au moment où il va se
72 3040 246 3102 marier.
116 3028 1044 3145 M. Raymond a le tort d'ajouter encore à
70 3117 1042 3187 l'odieux du personnage. M. Penay est meil¬
84 3168 1042 3245 leur. Les femmes, Mmes Scherbane, Hupka,
84 3220 1042 3284 Andreyer et Dagmar-Gérard, tiennent cou¬
84 3258 1055 3330 rageusement leurs tristes rôles. On attend
69 3314 615 3414 le retour de M. Pitoëff:
69 3356 706 3509 Les Even¬
1090 190 1442 306 box 9/4
2057 793 2388 896 den
1853 919 2550 1062 ARGUS de la PRESS
1978 1029 2455 1124 Voit Tout
1868 1091 2578 1172 LES PLUS ANCIERS BUREAUX DE TRAITS DE PRESSE
1857 1154 2594 1244 37. Rue Bergere, PARIS (9e)
1950 1304 2427 1437 N. DE DES 222
2027 1408 2529 1532 CRIDU JOUR
1760 1445 1983 1540 Extrait de
2003 1517 2584 1596 Rue Bergère, 29, IX.
1758 1558 1957 1640 Adresse:
2035 1626 2543 1744 30 JANVIER 1932
1758 1676 1898 1752 Date
1762 1737 2001 1849 Signature
1763 1834 2003 1929 Namen
1490 1926 2751 2047 théâtres et cinémas
2068 2096 2783 2184 PREMIÈRES & REPRISES
1495 2181 2781 2294 Théâtre de l'Avenue Anatole, d'Arthur Schnitzler.
1539 2253 2797 2324 Le grand écrivain autrichien, Arthur Schnitzler, venant de
1491 2306 2797 2378 mourir, il était juste qu'un théâtre parisien lui rendit l'hommage
1491 2366 2794 2437 de jouer une de ses pièces, mais encore aurait-il fallu jouer une
1490 2402 2796 2497 de ses œuvres les plus caractéristiques, et non pas Anatole, qui
1491 2452 2786 2529 est une œuvre de jeunesse, assez piquante, mais qui est loin de
1498 2494 2789 2581 donner toute la mesure de son talent. Je sais bien que les der¬
1495 2553 2791 2629 nières ne sont sans doute pas traduites en français, mais on au¬
1490 2594 2810 2691 rait pu reprendre la Ronde, que le Théâtre de la Licorne avait
1495 2655 2801 2748 donné naguère et qui est une pièce susceptible d'avoir un succès
1495 2715 2166 2776 dans le genre de celui de Maya.
1549 2725 2819 2822 Anatole est une suite de cinq petits sketchs qui ont trait aux
1509 2799 2807 2892 femmes et à l'amour et ont tous Anatole pour béros, mais sans
1508 2847 2810 2935 aucun lien entre eux. Anatole a des aventures amoureuses, par¬
1519 2894 2814 2981 fois il croit être passionnément aimé et il ne l'est pas, il croit avoir
1513 2942 2810 3037 laissé un souvenir éternel dans l'esprit d'une femme et elle ne le
1513 2997 2807 3094 reconnaît même pas, ou bien, au contraire, une maîtresse pas¬
1513 3050 2807 3137 sionnée veut faire un scandale le jour de son mariage. Toutes ces
1519 3099 2814 3181 scènes, pleines de mots drôles, de réflexions satiriques et spiri¬
1519 3143 2814 3233 tuelles, manquent cependant d'une armature solide qui tienne le
1519 3199 2817 3302 spectateur en haleine. C'est du délicieux marivaudage, aigu et
1522 3271 1637 3335 cruel.
1568 3284 2817 3379 Une jeune troupe pleine d'entrain a fait de son mieux. Louis
1522 3341 2822 3432 Raymond a été charmant en Anatole; Alfred Penay a été un
1526 3404 2817 3477 confident compréhensif et les diverses amoureuses d'Anatole ont
1519 3441 2815 3523 trouvé dans Mmes Yvette Andrévor, Irène Rupka et Magmar¬
1526 3504 2312 3605 Gérard des interprètes fort séduisantes.
2406 3533 2771 3628 I. RONDELLE.
2142 3607 2232 3694 Ta
