3436 4256
353 140 1276 209 laufen wie heute. Mag sein, daß die Majorität
356 195 1267 245 der gegenwartigen Theaterbesucher ein sonder¬
347 233 1273 290 bares, mit tieferen Worten schwer heranzulocken¬
350 273 1273 332 des Geschlecht sind. Aber ich glaube es nicht,
347 326 1275 374 daß sie ganz und gar unerziehbar wären. Ich halte
353 356 1284 413 es für einen recht falschen Weg, sich die Richtung
357 398 1285 452 des Spielplanes vom Kassier vorschreiben zu las¬
362 435 1279 498 sen. Mangel an Stücken: Sie sind unauffind¬
353 474 1281 533 bar, so lange die Angst vor dem Experiment
353 530 1284 581 mitspricht. Das wahre, von der Tagesspekula¬
353 558 1278 613 tion auf Pikanterie unabhängige Zugstück ist
357 594 1282 659 weder von außen, noch durch dramaturgische
359 643 1279 700 Gutachten, noch durch Kleistpreise zu erkennen.
363 680 1287 743 Es springt als göttliche Gnade hervor, während
359 733 1039 793 man ein Opfer zu bringen glaubte.
429 739 1293 823 Warum ich dies anläßlich eines Schnitzler¬
365 809 1288 859 abends äußere, der ja gewiß nicht zu den
365 841 1285 904 schlimmsten Repertoiresunden zählt? Vielleicht
371 884 1287 943 bin ich angstlich, daß die im Range vornehmsten
368 923 1291 988 Bühnen allmählich mit dem Schillertheater¬
365 973 1290 1027 programm wetteifern könnten. Jedenfalls halte
371 1007 1288 1063 ich das Deutsche Theater immer wieder für einen
368 1043 1288 1106 Bode, der keiner Müdigkeit verfallen darf und
363 1084 1291 1150 aus Erschlaffungszuständen zu vorbildlichen
365 1129 1296 1192 Unternehmungen aufgereizt werden soll. Noch
368 1177 1294 1233 voriges Jahr gab es zum mindesten eine
371 1216 1287 1267 Stramm=Inszenierung. Volle künstlerische Be¬
395 1245 1291 1311 riedigung kann immer wieder nur durch Be¬
371 1287 1293 1345 rührung mit neuer oder doch neu erweckter
374 1333 1291 1392 Literatur erwachen. Der Reinhardt=Erfolg des
374 1372 1294 1440 „Traumspiels z. B. ließ literarische Neugierde
365 1429 614 1489 unbefriedigt.
435 1431 1299 1513 Um zu dem gut riechenden Frauenjäger Ana¬
374 1494 1302 1557 tol zurückzukehren — ware er trotz aller Vorliebe
372 1540 1299 1602 derzeitiger Theaterbilletikäufer für das Galante
378 1576 1294 1644 nicht etwas langweilig, so müßte man nicht auf so
380 1615 1300 1678 verdrießliche Gedanken kommen. Außerdem will
380 1660 1300 1719 ich gestehen, daß ich mich gestern weit mehr um
374 1699 1297 1761 die Nebenerscheinung des aus Gefälligkeit Dia¬
374 1741 1297 1808 zeugenden Freundes Max kümmerte. Er ist,
378 1783 1305 1842 wenn man will, eine Stichwortexistenz und soll
377 1826 1306 1887 dem jungen Schnitzler seinen Mangel an drama¬
377 1874 1308 1925 tischer Ergiebigkeit zudecken helfen. Früher fragte
377 1910 1300 1970 ich oft gibt es eigentlich so einen Ausbund
381 1947 1303 2003 von Selbstlosigkeit wie diesen aufmerksamen Zu¬
378 1989 1305 2045 hörer Max, der nur das tut, nur das redet, was
387 2033 1305 2090 seinem Freunde Anatol die Fortsetzung seiner
381 2072 1302 2135 Monologe und die Weiterführung der Situation
381 2114 1305 2168 ermöglicht? Selbst in der einzigen Szene „Epi¬
392 2153 1308 2213 sode", in welcher Märchen mal selber zu beweisen
387 2192 1302 2249 sucht, daß er kein bloßer Papagei ist, selbst hier
387 2232 1312 2291 denkt er vor der Umarmung an die Revanche
396 2277 1312 2334 für seinen gekränkten Freund Anatol. Daß man
387 2313 1312 2372 ihn diesmal sehr positiv sah, hat man der Dar¬
395 2355 1312 2422 stellung Hermann Thimigs zu danken. Er
386 2393 1309 2462 gab den Max nicht mehr als Ableger des lieb¬
390 2437 1314 2494 reichen Anatols, sondern als eine wienerisch
390 2477 1312 2536 knurrige, spöttisch kaffeehäusliche Selbständigkeit.
440 2519 1311 2573 Anatol war der angenehme humorfrische
390 2567 1317 2618 Herr Edthofer, bei dem mir nichts so sehr
396 2599 1312 2654 wie seine Geschmeidigkeit ins Bewußtsein kommt.
399 2642 1320 2698 bleibt dahingestellt, ob sie ein mehr technisches
396 2689 1317 2740 der mehr künstlerisches Ausdrucksmittel ist.
408 2719 1315 2786 war jedenfalls ein recht lustiger (nicht so sehr
390 2773 745 2830 eleganter Anatol.
453 2783 1309 2860 Groß war das Aufgebot an repräsentativer,
387 2845 1309 2902 das Auge anziehender Weiblichkeit. Eine Reihe
387 2887 1318 2947 neuer Erscheinungen. Bloß Frl. Lossen hat
893 2926 1321 2981 Weihnachtsstraßenszene
396 2930 857 2984 man in sentimentalische
396 2971 1312 3028 bereits früher ein bischen Wehmut und Seelen¬
401 3010 1312 3067 gefröstel ausnanzieren gehört. Gestern sprach
396 3049 1315 3102 die Künstlerin etwas undeutlich und es blieb bloß
390 3091 1309 3141 die vornehme Linie haften. Den lebhaftesten
393 3130 1309 3195 Eindruck hinterließ Margarete Christians in
758 3169 1312 3228 Es war (für ihre Verhält¬
393 3181 710 3235 „Abschiedssouper
399 3216 1311 3264 nisse) bis auf ein paar Schrillheiten des Tones
405 3255 1309 3306 eine vorgeschrittene Leistung. Erika vor
399 3292 1306 3345 Thellmann veranschaulichte den Typus lieb¬
393 3340 1305 3396 licher Rundheit, Margarete von Bukowic
393 3378 1309 3429 wähnte den Charakter einer Zirkusdame zu
405 3424 1314 3468 treffen, war aber trotzdem etwas einwandfre
395 3457 1315 3516 Sympathisches. Stella Arbenina spielte das
399 3495 1308 3556 ganz gefährliche Temperament bei anerkennens
402 3537 1317 3592 werter Schultern- und Fußfreiheit. Nur das
392 3580 872 3633 Talent war noch unfrei.
468 3598 1312 3668 Spielleiter war Iwan Schmith, dessen un¬
398 3665 1314 3743 persönliche Führung als Geschmackleistung zu
402 3707 619 3770 werten ist.
1003 3725 1294 3797 Emil Faktor.
1663 237 2617 327 4.9. Anatol - Zyklus
1899 1986 2468 2064 Kunst und Leben.
1657 2046 2783 2130 Schwitzlers „Anatol“ sollte in den Kammerspielen aus
1597 2109 2786 2174 seiner Melancholie erwachen, denn der Spielleiter Jwan
1591 2159 2786 2213 Schmith hatte die dramatischen Skizzen ganz auf einen etwas
1585 2204 2786 2258 lauten Lustspielion eingestellt, so daß das feuilletonistische Geplän¬
1582 2244 2777 2307 kel mehr, Theater wurde, als es eigentlich ist. Sie wurde manche
1585 2289 2780 2342 Feinheit vergröbert, aber vieles wuchs auch so glücklich über den
1582 2331 2786 2388 bloßen Dialog hinaus, daß das Antiquierte dieser Szenen sich ver¬
1582 2384 1723 2444 wischte.
1663 2408 2780 2476 Anton Edthofers Anatol war müde und blasiert, aber
1588 2461 2788 2522 ohne Jugend, und ohne einen einzigen Zug von wirklichem Lebens¬
1585 2504 2780 2557 und Liebeshunger. Erst im „Hochzeitsmorgen fand er
1588 2552 2780 2615 sich mehr ins typisch Wienerische hinein. Sonst war er ein allzu
1596 2594 2723 2660 sachlicher junger Mann, an dessen Abenteuer niemand glaubte.
1663 2633 2783 2690 Max, „der nicht zählt, war Hermann Thimig, der sich
1585 2680 2785 2743 durch eine goldene Brille die notwendige Würde geben mußte.
1588 2722 2788 2785 Solch einen Gemütsmenschen, der so bieder und ehrlich ins Leben
1597 2764 2782 2825 guckt, läßt man sich gefallen; denn Thimig hatte das Gesund¬
1591 2809 2791 2882 Wienersche, den Humor des Herzens, der über alle Blasiertheit
1588 2860 2189 2914 und Lebemannsphraselogie siegt.
1651 2872 2786 2951 Die Damenwelt des Anatolkreises hatte mancherlei Anziehendes.
1600 2944 2794 3009 Erika von Thellmann war nur Medium, das kaum selber
1597 2984 2789 3045 auf „Die Frage an das Schicksal gespannt war, auch sonst
1597 3027 2786 3087 blieb sie hilflos. Aber Lina Lossen war, wie einst, die Dame,
1600 3084 2788 3139 die „Weihnachtseinkäufe macht, und im Vorübergehen
1594 3117 2794 3174 leis wehmütig ihre Seele restlos enthüllt. Eine wundervolle
1603 3163 2789 3219 Szene. Im „Abschiedssouper gab sich Margarethe
1597 3204 2786 3262 Christians Mühe, recht bubenhaft einen Sektrausch zu mimen.
1597 3247 2792 3307 Margarete von Bukovics konnte nicht einmal mit der
1597 3303 2109 3367 „Episode" fertig werden.
1665 3324 2792 3391 „Anatols ochzeitsmorgen" aber wurde eine toll¬
1594 3378 2792 3436 derbe Komödie, in der die neue Bühnenschönheit Stella
1597 3418 2789 3490 Arbenina ihre Reize recht temperamentvoll zur Schau stellte.
2597 3466 2713 3540 — H.
2779 237 3138 330 box 9/3
