3344 4256
246 226 1205 313 49. Anatol Zyklus
1328 225 1716 312 box 9/1
2329 568 2419 651 14
2292 688 2988 798 ANATOLS AFFAIRS
2291 813 3004 925 SO VERY PLEASANT
2284 979 3031 1065 He Passes Through Five of Them
2414 1042 2912 1124 in One Evening at
2500 1105 2895 1188 Little Theatre.
2633 1236 2733 1316 I
2285 1232 2566 1309 AUDIENCES
2797 1230 3013 1313 RELATS
2298 1347 3011 1420 John Barrymere is the Man, and
2437 1403 2880 1471 Fair Quintette Help¬
2556 1451 2764 1527 im Out.
2327 1592 3032 1648 LITTLE TITRE
2386 1640 2996 1696 to a sequence of episodes in five scenes,
2374 1667 2680 1717 By Arthur Schnitzler,
2561 1708 2752 1770 The Cat.
2335 1747 2982 1783 Anatole
2339 1778 2978 1824 la
2333 1807 2989 1837 Ida Marierte Clark
2327 1830 2984 1864 Bianca
2333 1857 2989 1889 Minori K.
2333 1885 2984 1914 Walter Alfred De la
2333 1910 2989 1944 Gabrielle Katharine Emme
2333 1935 2983 1968 Locables
2317 1960 2999 2004 Franz Albert Edele
2440 2049 2863 2128 By RENNOLD WOLF.
2327 2110 3031 2181 most exciting relay contest between
2292 2144 3014 2204 leading women is taking place the
2298 2201 3014 2253 Little Theatre these nights. In fact,
2292 2251 3008 2300 the struggle is equated in interest only
2304 2288 3008 2335 by the relay contest between Winthrop
2304 2329 3014 2385 mes carefully edited and restricted
2294 2361 2486 2408 audiences.
2333 2364 3008 2433 The Affairs of Anatol.
2300 2416 3014 2469 Amer initial offering of the season at
2298 2463 3011 2502 his toy playhouse, no less than five lead¬
2300 2496 3011 2531 ing women compete for first honor.
2306 2526 3011 2574 Each is allowed one big scene, after
2300 2563 3011 2597 which she takes a curtain call and re-
2304 2594 3014 2635 tires or or less graciously in favor
2300 2631 3017 2672 of ber successor, do we behold
2298 2659 3029 2700 that are and sistory spectacle of Miss
2298 2694 3005 2735 il ne reliving in Marguerite
2298 2731 3011 2775 Car, Miss Doris, eine in turn to
2292 2758 3011 2807 ing the rest of mine,
2300 2794 3014 2832 Katherine Emme taking up the bur¬
2298 2827 3017 2888 den here Miss Kenne left off, and
2298 2864 3019 2918 nally Miss Isabei bringing the
2306 2898 2909 2936 port to a larious conclusion.
2335 2927 3035 2972 me of the
2298 2950 3014 3008 suggested to Mr. Ames also the idea of
2300 3002 3021 3041 dividing first nicht devotions among a
2297 3031 3017 3072 number of audiences. No man knows
2298 3060 3020 3107 just when the première of Auto
2292 3089 3008 3133 actually took place, unless it be an
2294 3131 3011 3160 attache of the little Theatre. Formal¬
2294 3161 3011 3203 and for publication Mr. Ames opened
2298 3194 3008 3236 se on Saturday nigh and
2292 3219 3008 3261 found it to be in good condition. An¬
2292 3261 3008 3304 other opening for critics and invited
2292 3297 3013 3340 gests took place last evening, and the
2294 3328 3002 3381 general public may apply for seats to¬
2294 3358 2401 3413 nicht.
2456 3400 2856 3463 Reason is obvious.
2329 3458 3003 3512 But at Saturday's performance only
2288 3493 3011 3540 members of the newspaper and theatri¬
2285 3532 3007 3577 cal professions made up the complement
2287 3569 3008 3614 of 29 persons, regarded as a quorum
2291 3607 3011 3650 in West Fortfourth street, and was
2292 3641 2996 3677 whispered that Mr. Ames, with a com¬
2282 3669 2996 3715 mendable desire to separate the wheat
2294 3702 3005 3739 from the chaff, bud given other invita¬
2297 3736 3005 3781 tion performances earlier in the week
2294 3765 2999 3807 to friends in the social circle who pre¬
2292 3804 3005 3842 ferred not to mingle with the hoi pollo.
2298 3838 3002 3878 nasmuch as Mr. Ames regularly invite
2300 3871 2996 3910 his audience to step downstairs during
2294 3903 3005 3948 intermissions and partake informally of
2284 3938 3007 3982 coffee, the reason for sorting out and
2288 3971 2950 4013 classifying the audiences is obvious.
2323 3998 3011 4043 Otherwise, there might take place the
2285 4031 3008 4074 gaucherie of more (Stuff, Davi¬
2292 4063 2996 4100 de
2292 4088 3002 4131 pass the sugar, or of H. I. France say
2294 4126 2944 4165 ing to Mrs. Astor, Lady, at
2304 4160 2943 4191 little of this cream into our un
