3484 4224
1407 133 1767 225 box 8/5
290 136 1243 260 4.9. Anatol - Zyklus
1021 1356 1103 1420 IV.
572 1391 1600 1472 Mathilde Sussin, längst von Ibsen her als eine
542 1464 1594 1526 schweigende Schwester wertvoll unsrem Gedenken ver¬
533 1507 1591 1567 haftet. Eine von den Schattengestalten dieses größten
536 1559 1600 1616 Theaters der Unscheinbarkeit, der Seelen. Jetzt
536 1603 1600 1658 war sie ein Bühnenfrauenzimmer: „Annie". Vor dem
532 1654 1598 1724 Abschied. Hundeschnauze. Rüdig; tonlos sicher. Ein
536 1702 1596 1768 unbeirrbares Stücke Pöbel. In dieser Unbeirrbar¬
538 1750 1600 1806 keit, in diesem stählern unverrücklichen In=Rahmen¬
538 1799 1019 1869 Bleiben: ersten Ranges.
590 1835 1602 1909 Und die tiefste Episode der Wurzen (die, welche sich
548 1895 1594 1957 seiner nicht mehr erinnert), die Bianka, so durch Reifen
542 1941 1375 2012 springt, das war Fräulein Hilde Herterich.
590 1983 1603 2053 Sie hat gewissermaßen eigentlich nicht mitgespielt;
538 2029 1603 2101 aber sie ist dagewesen. (Mehr soll sie kaum.) Sonst
542 2088 1600 2179 ist sie regenfrisch und frühlingsfest und ein Elementar¬
542 2137 809 2207 geistmädel.
589 2171 1602 2249 Und zum Schlusse die Triesch, ein letzter Nachtgast
1243 2233 1602 2296 wie tief ulkig in
542 2243 1182 2309 am Morgen vor der Hochzeit
548 2276 1603 2339 dieser aufdringlichen Art, im falschen Lieblichsein, im
554 2328 1608 2393 Schmierenton... als spräche sie mit jedem Glied:
538 2385 1017 2469 „So ist das Kleben!..
596 2480 1598 2548 Jenseits von allen: der Max, der Freund, der
544 2533 1600 2594 Betrachterich, der Lächelnde, mit einem Wort: der
830 2586 1606 2650 Ausgesehn hat er ja manchmal wie
544 2581 784 2649 Reicher.
847 2628 1607 2690 aber gesprochen, Dinge gebracht, Zu¬
545 2633 805 2697 ein Cafetier
560 2676 1608 2741 stimmungen geblinzt, Einwände geschwiegen... wie ein
550 2728 1170 2806 Meister... wie dieser Meister.
596 2812 1608 2898 Schnitzler kommt mit seinem späteren Schaffen, nehmt
554 2890 1608 2943 alles nur in allem, gleich hinter Hauptmann für unser
553 2942 704 3002 Drama.
601 2982 1612 3046 Und das Ganze dieses Anatol=Abends war: etwas
550 3034 1219 3090 Entzückendes. Ohne Weichlichkeit.
596 3071 1610 3134 Vorbildlich, was in dieser Darstellung alles heraus¬
554 3127 1623 3201 gearbei... nein herausgehoben worden ist. Wie
1658 1352 2724 1411 immer: alles vom Grunde. Wie bloß hier. Alles
1663 1398 2713 1460 Gerüst und alle Linien, mit allem schimmernd ver¬
1660 1452 2073 1512 dämmernden Fleisch.
1696 1479 2720 1566 Ohne Mumpitz. Ohne Ablenken. Ohne farbige Ver¬
1647 1555 2477 1612 kafferung. Ohne Mehlspeis à la Rizinus.
1703 1588 2722 1655 Mit dieser Menschen=Richtung sollt ihr es halten.
1664 1638 2725 1703 Hier liegt, laßt euch nicht dumm machen, die Zukunft.
1703 1690 2714 1755 Und ich wünsche nicht die erhebende Linie des
1658 1746 2726 1806 neuen, des von uns mitgeschaffenen neuen Menschen¬
1660 1791 2720 1852 kunstwerks — nicht einmal zeitweilig — im Panoramen¬
1660 1836 2725 1899 kitsch und in der Gefälligkeit enden zu sehn. Ihr auch
1664 1888 2207 1964 nicht? Haltet euch danach.
2502 1928 2698 1989 Alfred Kerr.
1822 2080 2553 2171 Nestroy: „Der Zerrissene
1908 2167 2489 2244 Neues Schauspielhaus.
1663 2231 2725 2309 Die Figur des „Zerrissenen“ ist komplizierten Ursprungs.
1670 2292 2725 2349 Sie stammt von Raimund, und gehört trotzdem in jedem
1670 2337 2722 2401 Atemzug zu Nestroy. Sie kam aus der psychopathischen Re¬
1670 2400 2720 2450 gion, in welcher die Flottwells und Rappelköpfe sich aus¬
1670 2434 2722 2492 toben, und im Sanatorium des schärferen, lebensfrischen
1672 2485 2726 2554 Geistes genas sie. Herr v. Lips, der blasierte Millionär, hat
1672 2533 2725 2600 es nicht mehr nötig, mit Wald= und Wiesengeistern Kon¬
1676 2580 2725 2650 ferenzen abzuhalten oder sich von seinem Ebenbild be¬
1670 2634 2725 2682 ängstigen zu lassen, um über Glück und Geldeswert etwas
1672 2682 2724 2742 normaler zu denken. Nestroy läßt ihn Dummheiten machen
1667 2728 2725 2796 und durch höchst solide Kuren, wie einen unfreiwilligen Sturz
1672 2777 2725 2840 ins Wasser und seine tragikomischen Konsequenzen, wieder
1676 2824 2726 2894 gescheit werden. Alle geisterhaften Zustände finden ihre
1672 2869 2718 2929 höchst natürliche Erklärung, und wenn der angeblich er¬
1684 2922 2725 2987 soffene Herr v. Lips zum Entsetzen unwürdiger Erben das
1672 2971 2728 3037 Testament heimlich abändert, so spürt man es genau, daß
1676 3029 2726 3077 ein sentimentales Raimund=Gemüt nie auf diese Possen¬
1675 3062 2725 3135 diabolik verfallen wäre. Selbst Bühnenversenkungen, die
1676 3131 2724 3206 mit dem totgeglaubten Schlosser allerlei Spuk treiben, ge¬
2784 1340 3355 1408 winnen als glaubhaft motivierte
2784 1386 3217 1456 naturalistischen Anstrich.
2813 1440 3373 1512 Darum ist Nestroy noch kein
2786 1495 3371 1555 Momenten sieht man sogar ein
2778 1547 3370 1599 Theater, aber die schnurrigen Gest
2784 1595 3358 1646 verstand, sie agieren sehr bewußt
2796 1642 3370 1703 schöpfe eines Dichters, der bloß der
2786 1694 3365 1763 reißer zu sein. Herr v. Lips k.
2786 1736 3371 1804 klug reden. Er durchblitzt die Lu
2786 1783 3369 1848 aphoristische Wendungen, er könn
2786 1835 3399 1913 nähren, wenn ihm die braune Ko¬
2782 1883 3046 1961 geholfen hätte.
2822 1921 3381 2000 Die Peitsche Nestroyscher Satir¬
2784 1987 3373 2053 die Komik seiner Situationen ist de
2784 2032 3370 2099 man sollte nach einem Jahrhund
2786 2080 3371 2151 und mühsam verworrener Ehe¬
2784 2128 3373 2187 Quell der Laune öfters zurückkeh
2828 2176 3375 2252 Man hatte die Auffrischung
2793 2228 3373 2293 Halm nicht zu bedauern. Es wa
2786 2283 3374 2347 dort gespielt wurde, eher Bendix
2784 2324 3373 2387 in der Behäbigkeit präparierter
2793 2377 3371 2449 steller doch allmählich, wenn an
2793 2422 3370 2489 richtigen Stil, der eine wirkliche
2793 2484 3381 2540 grotesk aufgetragener Tonarten ve¬
2790 2521 3371 2593 Besetzung des Herrn v. Lips mi
2793 2573 3379 2640 des seelisch zerrissenen Biederme
2793 2617 3375 2677 Wortspiel schwer ausweichen, ger
2793 2674 3373 2725 Und er zerblies bei sachter B
2793 2718 3369 2781 während Willi Thaller z. B. selb
2790 2762 3371 2822 unerhört lustigen Zungengalopp
2790 2809 3371 2882 Madame Schleier der Ida Wüst
2796 2856 3373 2934 sich selbst zu parodieren und der
2793 2906 3379 2969 Vergnügen bereitete Herr Emil L.
2794 2957 3375 3019 schen Bauern, der seine Unter¬
2793 2999 3381 3065 bringen will. Er spielte ihn w
2796 3053 3382 3113 Gestalt, älpisch verschmitzt und ver¬
2798 3102 3382 3187 stimme jedes Wort hervorwimmer
