3436 4256
915 207 1231 313 Zyklus
287 209 849 319 49. Anatol
431 1333 746 1459 OBSERVE.
399 1421 836 1521 ter
385 1577 796 1696 der Leiter getreten
508 1649 668 1727 Wien.
410 1663 761 1823 ne
865 1929 1532 2047 Prager Tagblatt
562 1960 840 2067 412 1910
618 2044 1376 2182 Anatol im Lessing=Theater.
649 2123 1487 2232 Berlin, 3. Dez. (Priv.) Im Lessing=Theater
544 2176 1479 2270 wurden fünf Akte aus Schnitzlers Einakter=
556 2208 1487 2323 Zyklus „Anatol“ zum erstenmal aufgeführt. Die
562 2260 1496 2361 Tarstellung wich der Gefahr, schwankmäßig zu
559 2305 1498 2400 wirken, vorsichtig aus und holte alle Stimmungen
561 2351 1495 2447 und Feinheiten des Dialogs sorgfältig aus. Mon¬
562 2388 1501 2489 nard spielte den Anatol recht gut, Reicher den
571 2425 1512 2531 Max. Am besten aber waren die Damen Herte¬
571 2483 1507 2578 rich und Triesch. Das Publikum spendete leb¬
569 2511 1508 2622 haften Beifall, vor allem nach dem „Abschieds¬
581 2606 730 2685 souper".
1404 196 1757 306 box 8/5
2285 1239 3069 1336 Vossische Zeitung. Bar¬
2148 1437 2865 1552 Theater und Musik.
2394 1537 2682 1607 Lessing=Theater.
1970 1570 3118 1658 Sonnabend, 3. Dezember. Zum 1. Male: „Anatol. Fünf
1946 1623 2538 1707 Einakter von Arthur Schnitzle
1985 1657 3116 1742 Mit diesen liebenswürdigen Plaudereien wurde Schnitz und
1944 1718 3121 1801 das ganze Geschlecht der neuen Wiener Poeten entdeckt, eser
1945 1796 3118 1851 tronischen, weichen, koketten und sehr begabten Herren, die die Ver¬
1955 1832 3118 1891 führungskraft der alten Phäakenstadt in ihrer träumerischen
1952 1885 3118 1936 Sinnlichkeit erneuert haben. Das Leben diktiert der Literatur
1945 1930 3118 1992 und die Literatur dem Leben. Der junge Wiener ist ent¬
1949 1982 3112 2042 weder Anatol oder Max, der heitere Melancholicus mit der Be¬
1949 2029 3115 2094 ständigkeit eines Schmetterlings oder der gelassene spöttische Beob¬
1941 2077 3118 2136 achter. Dieses Büchlein der geplanderten Dialoge, die die besten
1949 2122 3121 2183 Franzosen nicht übertroffen haben, begehrte ursprünglich wohl nicht
1949 2175 3112 2233 nach der Bühne. Nur das „Abschiedssouper", das man als voll¬
1955 2227 3109 2280 ständige kleine Komödie herausnehmen konnte, hat für sich eine
1941 2277 3109 2332 Theaterexistenz geführt, wobei es sich gewöhnlich eine ziemlich
1941 2325 3121 2376 minderwertige Gesellschaft gefallen lassen mußte. Herr Brahm
1945 2372 3115 2426 hat die ebenso einfache wie gescheidte Idee gehabt, den ganzen
1949 2423 3112 2485 Anatol-Zyklus zu einem Abend zusammenzufassen, und er hat sich
1946 2472 3112 2536 den herzlichen Dank aller notleidenden Theaterbesucher verdient, die
1946 2516 3115 2570 einmal lachen wollen, ohne es hinterher zu bereuen. Es gab einen
1946 2566 3122 2623 stürmischen Erfolg, von dem auch die Aufführung ihr wohl ge¬
1949 2614 3110 2670 messenes Teil beanspruchen kann. Herr Monnard, dessen ein¬
1946 2663 3107 2713 fache Tüchtigkeit vielleicht gerade wegen ihrer Selbstverständ¬
1946 2713 3115 2769 lichkeit noch nicht genügend bemerkt worden ist, dürfte gestern
1949 2760 3110 2825 als Anatol endlich durchgedrungen sein. Sein Wesen hat
1946 2804 3112 2875 einen Vorzug, den ich als mimische Wahrscheinlichkeit bezeichnen
1946 2859 3115 2923 möchte. An diesem lyrischen Genüßling war alles weich, das Ge¬
1948 2907 3112 2962 sicht, die Figur, die Geste, und er trägt seine Abenteuer mit einem
1949 2948 3106 3010 so pastosen Anstrich vor, daß die kleine Übertreibung und der Hauch
1944 2997 3115 3069 von Selbstpersiflage den Typus nur befestigt. Herr Reicher als
1941 3056 3116 3110 Max sekundierte ihm mit gutem Humor, obgleich ich von den
1941 3098 3112 3162 kühleren Lebemann eine elegantere und weniger bürgerliche
1949 3151 3103 3209 Erscheinung erwartete. Die beiden kamen plaudernd immer
1944 3198 3112 3249 wieder, während die holde Weiblichkeit sich fünfmal variiert
1944 3246 3112 3307 durch sehr reizvolle Vertreterinnen, die sich zwar ähnen,
1944 3287 3112 3353 aber nicht gleichen. Die Dame der Gesellschaft war nur in einem
1945 3353 3106 3407 Exemplar vorhanden, das Fräulein Lossen in seine Haltung faßte.
1944 3394 3106 3443 Die lieben süßen Mädel, die Anatol glücklich machen bis zu seinem
1941 3444 3106 3499 Hochzeitsmorgen und bis zum Verlust der jugendlichen Locken, ver¬
1944 3491 3112 3544 dienen viel Lob und Preis, von Fräulein Somary bis zu Fräulein
1941 3538 3103 3602 Herterich und Frau Triesch. Die ergiebigste Rolle im „Abschieds¬
1949 3588 3110 3640 souper war Fräulein Sussin zugefallen, was zu einer Entdeckung
1946 3634 3107 3694 führte. Wir kannten diese Dame bisher nur in der Spezialität von
1944 3683 3104 3738 unglücklichen Frauen und vernachlässigten Tanten, bis sie gestern
1941 3725 3106 3784 als leichteste dieser leichten Damen durch verwegene Laune und
1944 3775 2667 3858 graziöse Spitzbübigkeit überraschte. A. E.
