3436 4256
270 233 797 346 4.9. Anatol
1386 243 1749 339 box 8/6
1071 250 1153 346 1
181 1359 366 1468 midt
414 1390 517 1530 54
178 1595 421 1667 er von 1, 306.
171 1855 346 1961 are
609 1992 2926 2132 konnte, an die altbewährten Kunstgesetze durfte er sch könne lieben wie eine Halbweltdame, nur fehle ihr der
195 2064 373 2166 Musik.
616 2091 2923 2173 nicht halten; das wäre zu unmodern und — schwierig ge¬ Mut. (2) Die „Episode" erzählt, wie Anatol sich in
619 2139 2923 2221 wesen, etwas Neues mußte es sein, das dem verwöhnten der Liebe einer Zirkusreiterin getäuscht sieht, und beim
229 2136 572 2231 Düren, 20. Nov.
616 2184 1763 2242 Geschmacke Rechnung trug. Titel: etwas mysteriös; Mi¬
1790 2204 2919 2266 „Abschiedssouper“ mit einer Dirne muß er sich von diese
185 2221 2926 2300 in des 20. Jahrhun-lieu: Halbwelt; Idee keine (das Publikum will doch sagen lassen, „daß so ein Mann hundertmal rücksichtsloser
181 2273 2926 2348 ten kein Bühnenstück nicht denken); Erfolg; hängt vom Publikum ab, ein biß ist als so ein Frauenzimmer“. Falsch wäre aber die Mei¬
181 2314 2923 2396 gewesen wäre. Ihrerschen auch von den Schauspielern, die sich bei den Zu= nung, Schnitzler geißele in scharfer Satire die Gebrechen
181 2365 1756 2416 der nach seinen Erst=schauern so vieler Sympathie erfreuen, daß diese mit de¬
1787 2372 2923 2444 der Zeit und Menschen, nein, nur behagliches Erzählen,
188 2406 2930 2485 „Führer und Säule Absicht zum Theater kommen, auf alle Fälle beim Heraber nichts. Wenn die Zuschauer den Abend noch er¬
185 2447 2926 2536 hnitzler, über den lassen des Vorhanges zu klatschen, die meisten aus Geglich fanden, so ist das ausschließlich der Darstellung
229 2488 2930 2574 Schnitters Helden wohnheit, einige aus Freude darüber, daß die langweili¬ zu danken. Walter Steinbeck gab den leichten Vogel
181 2533 592 2598 sie nun Unter= ode
619 2546 2926 2622 gen Geschichten zu Ende sind, wenige endlich, weil nach Anatol ganz vortrefflich und Rudolf Hoch stand ihm als
216 2577 2930 2659 schmeichelhaft, noch ihren Begriffen die „Kunst" verherrlicht worden. Von Max passend zur Seite. Als Cora gefiel Paula Janower
178 2628 2926 2704 unter Hinweis auf den sieben Einaktern des Anatol=Zyklus wurden durch die und als Gabriele Helene Robert. Die Bianca vertrat
178 2670 2919 2752 Künstler allem Ern Düsseldorfer gestern vier aufgeführt; sie reichten bei 45 H. Osterloh ebenfalls gut, während Monika Stoegen
185 2707 592 2769 wenn er einen Stof
619 2714 1749 2776 Minuten Gesamtpause auch hin für den Abend, meh
1769 2728 2923 2789 der Halbweltdame Annie ein furchtbar natürliches Ge¬
188 2752 2926 2841 kizze ausreicht, dessen wäre vielen doch zuviel gewesen, weil es doch nicht jeder präge verlieh. Als fliegender Kellner empfahl sich Rich.
181 2803 2923 2878 den einer Anekdote für belehrend und interessant finden kann, in der Welt Oswald. Auf die Ausstattung war viel Sorgfalt ver¬
229 2844 2923 2926 st.“ Dieser Schrift der Lebemänner und Halbwelidamen herumgeführt zu wandt; namentlich gab es bei den „Weihnachtseinkäufen
178 2885 2923 2971 Stoff versehen, mit werden. Anatol ist der Typus eines Lebemannes nach eine reizende Schneelandschaft mit fallendem Schnee zu
178 2937 2923 3008 Schnitzler im „Frei=Schnitzler'scher Auffassung, der in der „Frage an das bewundern. Schade nur, daß der Heizungsinspektor alles
178 2974 1749 3032 Kakadu" wie auch in Schicksal“ an die hypnotisierte Geliebte nicht die Frag
1780 2995 2916 3060 Mögliche tat, diese Illusion zu zerstören. Ueber die Auf¬
181 3022 2923 3125 ten, ist bekannt und zu stellen wagt, ob sie ihm treu sei, der in den „Weihnahme durch das Publikum ist oben bereits das Notwen¬
233 3063 2255 3152 daß Besseres im nachtseinkäufen von einer verheirateten Frau und Mut= dige vermutet worden.
195 3104 1769 3214 erwartet werden ter mehrerer Kinder das Geständnis entgegennimmt, sie
