3436 4256
223 178 766 332 4.9. Anatol
1348 199 1710 320 box 9/3
857 175 1164 320 Zyklu-
244 998 2669 1137 Links: Kardinal Pil) und Geistlicher Rat Schramm 0) in der Prozession. Rechts. Die geschmackte Code auf dem Wagen
154 1119 525 1228 Karl Rummelhardt
1116 1116 1333 1206 Scialoja
591 1125 995 1216 Professor Winds
1722 1134 3312 1300 Schnitzlers „Anatol in der Josefstadt /
157 1571 549 1710 führendes Mitglied
582 1608 1445 1686 der bekannte Leipziger der ehemalige Außen¬
588 1686 1448 1746 Regisseur und Theater minister Italiens, ist
151 1680 549 1758 Christlichsozialen
582 1725 1451 1804 fachmann, wurde zum Delegierten Italiens
157 1731 549 1801 Gemeinderat, liegt
1026 1758 1445 1804 beim Völkerbund er¬
163 1780 546 1834 wer erkrankt dar¬
588 1789 1445 1879 Jahre alt (Atlantic nannt worden (Atlan¬
163 1828 552 1900 jeder (Photo Scolik)
1134 1834 1336 1891 tic Photo)
724 1828 875 1894 Photo)
160 1918 1306 1994 mentsgebäude der Republik Angora
1493 2675 3245 2778 Heute wird in Max Reinhardts-Theater in der Josefstadt zum ersten Male Schnitzlers berühmten
1487 2763 3249 2832 Einakterzyklus „Anatol" gegeben. Das Werk gehört mit allen seinen Figuren, in der Sprache
1496 2802 3249 2878 und im Denken, dem Wien der Vorkriegszeit an; man darf gespannt sein, wie der Regisseur
1490 2859 3252 2935 diese versunkene Welt Wiens von 1910 lebendig machen wird. An der Generalprobe hat auch
1493 2908 3252 2983 der Dichter teilgenommen. Unser Bild zeigt (von links nach rechts): Regisseur Paul Kalbeck,
1499 2953 3245 3049 Gustav Waldau (Anatol), Arthur Schnitzler, Louis Rainer (Max), Adrienne
2012 3001 2751 3077 Geßner (Annie) - (Photo Willinger)
308 3046 884 3101 wurde vor kurzem eingeweiht
1041 3179 3022 3327 DIESE WOCHE VOR-MESSE SCHAU
160 3182 769 3408 Kieback
1768 3288 2941 3457 Spezialangebot in allen Abteilungen
781 3351 1647 3475 Wien, I., Kärntnerstrasse 11-15
