3436 4352
1377 229 1724 345 box 9/5
257 231 1211 345 4.9. Anatol - Zyklus
341 736 1579 809 reichen Burgtheater-Regissen). Des vorliegende Werk ist die
345 805 1541 861 Neubearbeitung und Fortsetzung bis auf die jüngste Gegenwart
350 852 1543 928 einer bereits 1899 aus der gleichen Feder entsprossenen Arbeit
354 902 1517 964 zum selben Thema. Da blättern wir also in einem Standard¬
354 951 1554 1005 Work des Theaters, lesen über die Geschichte des Hauses, seine
350 999 1547 1053 Dramatiker, Direktoren, Regisseure, Mimen, deren meister Namen
350 1051 1549 1118 Weltruf tragen und denen die Nachwelt wohl Kränze flicht, bis
345 1100 1541 1148 zu den — Kritikern abwärts“. Das ist eine Fundgrube für jeden
352 1141 1539 1217 Theaterbesessenen, falls es solche Individuen heute überhaupt
354 1189 1547 1241 noch geben sollte. Spielpläne, Aufführungsziffern sind darin ver¬
352 1238 1536 1301 zeichnet, so etwa Hofmannsthal mit 7 Werken und 132 Aufführun
349 1295 1536 1347 gen, Arthur Schnitzler (dessen Einakter Der grüne Kakadu
345 1344 1541 1407 Paracelsus, Die letzten Masken übrigens A xander Moissi ins
354 1385 1532 1457 Italienische übersetzte und in diesen Tagen mit grösstem Erfolg
350 1433 1541 1502 in Mailand spielt, mit 9 Werken in 500 Aufführungen
350 1491 1536 1545 während etwa Gerhart Hauptmann mit der gleichen opus-Zif¬
354 1541 1538 1601 fer nur 462 Aufführungen erzielte, wobei zu bemerken bleibt
354 1580 1541 1648 dass Schnitzlers Einakter darunter einzeln genannt sind, sodass
356 1633 1553 1711 wenn man sie zyklisch begreift, wie dies eigentlich der Fall sein
349 1687 1541 1756 müsste, die Aufführungsziffer nach Abenden repartiert, im Durch¬
350 1743 1538 1797 schnitt noch höher ausfiele, während das Burgtheater bis auf
350 1791 1551 1845 den heutige Tag den Namen Frank Wedekind nicht zu kennen
354 1840 1551 1901 scheint, dagegen um so besser G. B. Shaw (in freilich, weit
350 1879 1547 1955 uns vor Augen gekommen, miserablen Aufführungen etwa: Der
356 1936 1547 1992 Teufelsschüler und Candida, was leider auch z. B. von Ro¬
350 1985 1545 2048 stands Cyrano mit Herrn Tressler gift). Doch wir wollen uns
350 2031 1545 2095 nicht in gar zu weite Details aus jüngster Vergangenheit und Ge¬
350 2084 1538 2147 genwart, als da heissen Röbbeling und Hanns Sassmann, verlie¬
350 2134 1457 2192 ren, so sehr das schöne Buch zu Abschweifungen verleitet.
378 2173 1538 2242 Sein nahezu auf den Tag 70jähriger Erzeuger, Librettist
360 2235 1541 2298 von Tiefland, u. a. erfolgreicher Musikdramen Eugen d'Alberts,
354 2276 1545 2354 so wie Clemens von Franckensteins, Paul Graners, der kürzlich,
350 2330 1545 2391 noch den jungen Lernet-Holenia als Lustpiel-Kompagnon wählte¬
354 2380 1538 2438 schrieb vor nunmehr 30 Jahren Innerhalb einer grösseren Novel¬
352 2434 1543 2505 le: Septent, eines Satz, um dessentwillen wir ihn lieben müssen:
431 2473 863 2542 „Nicht das Bleibende.
425 2514 1443 2579 Das Verwehende ist das Schönste im Leben"....
350 2566 1553 2641 von ähnlicher Herzensreise, wie des alten Schnitzlers Spruch¬
350 2626 1545 2695 weisheit aus dem Burgtheater-Verlustspiel: Die Schwestern oder
350 2669 684 2742 Casanova in Spa¬
429 2706 1027 2788 „Die Treue ist die Wiederkehr
479 2745 1409 2840 Neues Wilhelm Busch Album
421 2833 1547 2904 Zugleich mit der kürzlich hier angezeigten Lustigen Wil¬
345 2866 1551 2952 helm Busch-Sammlung (des Verlages Braun & Schneider-Mün¬
356 2941 1538 2988 chen) erschien (bei Hermann Klemm. Berlin, Vertrieb. Gustav
354 2984 1541 3042 Weise, Leipzig) das Neue Wilhelm Busch Album, eine Samm¬
349 3030 1545 3096 lung lustiger Bildgeschichten im Umfang vor über 450 Seiten
354 3086 1551 3139 mit 1600 Bildern klassischen, deutschen Welthamors. Gleich der
356 3135 1551 3193 erstgenannten Sammlung wird auch das neue Album durch Max
350 3183 1551 3237 und Moritz eingeleitet; es ist darüber hinaus jedoch nach Inhalt
350 3234 1551 3293 und Format ungleich umfangreicher und umspannt sämtliche
356 3282 1551 3340 Werke von Wilhelm Busch, die nicht im Bassermannschen Ver¬
354 3321 1545 3388 lag erschienen sind, sodass es zugleich Ergänzung und Gegen¬
356 3379 1551 3433 stück zum „Humoristischen Hausschatz darstellt. So finden wir
350 3416 1553 3485 Schnaken und Schnurren, Busch-Bilderbogen, Kunterbunt,
354 3476 1566 3526 Schein und Sein. Hernach, Biographisches aus der Feder der 3
350 3526 1571 3584 Busch-Neffer, Otto, Adolf und Hermann Veldete, weite hin von
410 3573 1567 3692 Verantwortlicher Redakteur: Dr. Alfred Gahk,
1722 1325 2525 1493 OBSERVER
1813 1428 2477 1541 I. österr., behördl. konzessioniertes
1789 1480 2518 1579 Unternehmen für Zeitungs-Ausschnitte
1867 1536 2453 1649 WIEN, I., WOLLEILE 1
1940 1599 2389 1692 TELEPHON R-23-0-43
1754 1758 2117 1860 Ausschnitt aus:
2525 1735 2701 1886 gra¬
2248 1931 2507 2065 FER
1784 2000 1905 2067 vom
2762 2074 3329 2132 letzten Schrei der Mode. Dies
2760 2117 3338 2186 raschender Deutlichkeit der Film
1897 2102 2684 2203 Mode von gestern — Politik
2816 2169 3332 2231 Daß Großmütterchen modern
2140 2192 2455 2294 von heute.
2762 2194 3329 2276 sicher mehr als Zufall, wie die
1894 2268 3323 2343 Der Winter hat seine große Verspätung, mit viel weniger als wir glauben
1836 2309 3332 2397 der er heuer gekommen ist, durch Unmassen von nialen Erfindergeistes eines
1845 2354 3327 2443 Schnee und durch grimmige Kälte wet zumachen der extravaganten Laune eines
1843 2404 3336 2484 gesucht und brachte nun ins winterliche Moden Hut oder neuestens Greta- or
1843 2447 3336 2520 bild der Großstadt auch eine Überraschung mit: Christine Kragen). Diese bestim¬
1843 2512 3338 2585 den Muff. Jahrelang ein verstoßenes Stiefkind, die zufälligen Einzelheiten; das
1843 2546 3329 2615 kehrt er nun als Favorit der Mode zurück. Er einer Mode ist aber stets irgend
1853 2592 3329 2674 feiert aber seine Auferstehung nicht in seiner letzten hang mit den kulturell=Münstler
1853 2654 3003 2734 Form, als jene übergroße, flache Pelztasche, in die einer Epoche
2822 2673 3332 2753 Die Gewänder einer nach
1849 2702 2747 2756 die Dame neben ihren Händen auch die vielen
2777 2738 3327 2794 tun wir ironisch als altmodis
1843 2745 2745 2825 kleinen Päckchen eines Nachmittagseinlaufes ver¬
1860 2784 3332 2855 senkte oder in der sie gegebenenfalls auch ihr einer länger vergangenen betra¬
1849 2827 3323 2900 Schoßhündchen spazieren trug, sondern als der furcht als „historische Kostüme
2777 2878 3316 2948 Mode wie in allen übrigen
1853 2887 2747 2947 kleine runde Muff, wie ihn unsere Mütter in
1858 2920 3329 2995 ihren Mädchentagen trugen. Manches alte Mütter, Streben nach Verbesserung auf
2777 2973 3334 3036 wir jede Neuerung gern als Fr.
1853 2982 2747 3049 chen, das auch in einer Zeit, in der es die Mode
2773 3027 3342 3083 über dem überwundenen Alten
1845 3032 2747 3101 anders vorschrieb, nicht von seinem Muff ließ
1854 3066 3344 3129 wird den treuen, von mancher Modedame spöttisch die nötige Distanz gewonnen ha¬
2773 3120 3314 3187 Rückschau uns erkennen, daß
1854 3131 2743 3189 belächelten Begleiter seiner winterlichen Spazier
1854 3159 3340 3243 gänge zum Modengegenstand erhoben sehen, den nach vorne auch zugleich ein Sch
1860 3211 3332 3286 sich nun alle Frauen so sehnlich wünschen wie die war. Und so erscheint uns man
1854 3260 3344 3360 todkranke Mimi in „Bohème", um das „eiskalte kämpfte als im Grund gar nich
2777 3308 3325 3373 wenn wir gar erkennen müssen,
1849 3317 2412 3399 kleine Händchen“ zu erwärmen
1914 3360 3332 3414 Aber nicht nur der Muff, auch die übrige Mode Irrtum befangen, in eine Sach
2777 3405 3338 3459 aus der wir nicht aus noch ein
1854 3413 2743 3481 zeigt deutlich Anlehnung an die Zeit der Groß
2775 3452 3329 3511 wir uns einfach zurück. So
1858 3457 2747 3528 mütter, so vor allem in den langen Abendkleider
1858 3500 3338 3567 mit den reichen Volants und Rüschen, in den für uns gekommen. Wir mußt
2777 3552 3345 3601 Krieg und die nachfolgende Re¬
1858 3552 2747 3616 engen kurzen Pelzjäckchen, den abendlichen Um
1860 3591 3342 3696 hängen und nicht zuletzt in den neuen Blusen, dem tisch, wirtschaftlich und kultur
