3344 4256
258 183 516 284 4.9.
565 183 1179 285 nal Zyklus
1372 183 1728 272 box 9/1
1300 1382 2459 1516 da unter den
1450 1454 2178 1574 17. MAI 1912 Düsseldorf
1304 1503 1423 1570 vom
1616 1675 1963 1760 Schauspielhaus.
1608 1751 1992 1819 Anatol=Zyklus.
1595 1784 2230 1862 Düsseldorf, den 16. Mai 1912.
1368 1836 2274 1923 Um Arthur Schnitzler, 50. Geburtstag nicht unbe¬
1339 1888 2276 1944 gangen zu lassen, hatte das Schauspielhaus für gestern
1361 1924 2290 1983 Anatol=Zyklus angesetzt, der zwar nicht zu dem
1335 1962 2273 2009 Wertvollsten und Tiefsten, wohl aber zu dem Anmutigsten
1340 2009 2277 2061 gehört, was der Wiener Dichter bisher geschaffen hat.
1345 2044 2270 2096 Leider hatten sich die Düsseldorfer Literaturfreunde
1345 2078 2276 2136 ziemlich gründlich aufeinander verlassen, so daß gähnende
1345 2117 2276 2181 Leere im Hause herrschte, die wenigen jedoch, die
1335 2165 2273 2212 erschienen waren, kamen voll auf ihre Rechnung. Denn
1345 2196 2273 2247 wie schon vorige Saison, so gelangen die fünf Stückchen
1340 2237 2273 2289 im Schauspielhaus auch jetzt wieder, nach Neubesetzung
1340 2274 2270 2335 einiger Rollen, als Musterbeispiele intimer Inszenie¬
1346 2310 2274 2364 rungs= und Darstellungskunst, umrankt von diskreter
1349 2351 2270 2400 Wiener Walzermusik, ganz entzückend zur Wirkung.
1352 2388 2280 2441 Den Anatol spielt noch Walter Steinbeck, in der
1348 2424 2277 2483 feinen Charakterisierung dieser Gestalt, in dem leben¬
1345 2467 2280 2525 digen Charme, die er diesem leichtsinnigen Melancholiker
1349 2509 2281 2558 mitteilt, sucht er seinesgleichen. Paul Jonower
1343 2544 2273 2609 ist als Cora, Helene Robert als Gabriele aus¬
1340 2584 2274 2640 gezeichnet am Platze. Den Max hat jetzt Rudolf
1340 2617 2283 2679 Hoch übernommen, und er gibt ihm eine elegante Art
1345 2662 2284 2715 und weiß sich auch mit der Passivität, zu der er verur¬
1340 2699 2280 2750 teilt ist, künstlerisch abzufinden. Hildegard Oster¬
1345 2735 2287 2792 loh bringt eine passable Zirkusdame Bianca, Monika
1346 2776 2281 2831 Stoegers Annie ist ein Wiener süßes Mädel von
1349 2828 2286 2870 köstlicher Echtheit, lieb, mollig, hungrig und impertinent,
1345 2857 2280 2910 und Olivia Peits Ilona besitzt das amüsante
1349 2904 2286 2950 Temperament, soweit es nur immer gewünscht werden
1346 2934 2283 3005 kann. Und schließlich sei auch noch vermerkt der fampfe
1345 2976 1934 3042 Diener Franz von Fritz Reiff.
1544 3034 2088 3133 mitä sekä
