3344 4224
174 166 577 263 4.9. Ana
1292 164 1657 263 box 9/5
649 166 1093 279 1 Zyklu-
384 1060 1526 1154 den Sprachengebrauch der den autonomen Behörden wird
91 1104 361 1198 achtens, wenn
392 1146 1526 1191 einer Revision zu unterziehen sein, was um so einwand¬
85 1181 357 1252 ur sukzessiven
398 1191 1529 1252 freier von deutscher Seite verlangt werden kann, als dieser
80 1285 354 1365 vornehmen
467 1287 1160 1350 „Nein,“ erwiderte dieser schüchtern,
1217 1289 1529 1367 „meine Verhält¬
396 1320 1198 1409 nisse erlauben mir nicht, in solche Lokale
85 1376 347 1460 Chopin- und
483 1388 1529 1460 „Also, das ist ein Riesenpfirsich, der eben im Begriffe
391 1426 1533 1496 ist, sich in einer Eisobersschaumcreme aufzulösen. Peach
103 1442 347 1510 entzückenden
391 1491 1130 1555 Melbe ist für den Gaumen ungefähr,
1179 1494 1528 1555 was die Palace
94 1487 347 1561 wohl gefühlt.
396 1534 1533 1597 Girls für das Auge sind." Anatol seufzte. Dann fuhr er
85 1536 347 1603 d. ich fühlte
398 1585 1526 1648 fort: „Bald nach Mitternacht wurden die Lichter niedriger
89 1587 345 1646 erräter wurde.
391 1625 1104 1709 gedreht, und die Kellner flüsterten:
1139 1625 1521 1698 „Time, Gentlemen,
89 1630 349 1697 zen Röckchen,
392 1681 1526 1737 time. Kein Mensch rührte sich vom Fleck, nur die
94 1676 347 1740 henden Kon-
392 1726 1106 1777 Stimmen wurden noch gedämpfter.
1142 1723 1521 1794 Ich fand Myrtles
85 1721 350 1793 riß und zartest
387 1775 1521 1829 Hand und sie drückte die meine heftig. „Darf ich Sie nach
91 1775 354 1857 ein Dutzend
396 1820 983 1876 Haus begleiten?" fragte ich.
1050 1820 1519 1885 „Sie werden mich doch
91 1822 350 1883 berücken, alle
391 1864 1522 1929 nicht allein nach Haus schicken, sagte sie gekränkt. Nun,
91 1876 350 1951 hus hüpfend
391 1911 1517 1977 im Wagen war Myrtle unbeschreiblich süß. Es war mein
98 1918 342 1988 .. Ich habe
392 1965 1524 2023 erstes Abenteuer auf englischem Boden. Meine Gedanken
82 1970 347 2030 den. Ich will
391 2009 1517 2061 wihelten. Wie hatte man mir die Engländerin ge¬
98 2012 345 2086 typisch, lehr¬
391 2058 1522 2113 schildert: kühl, steif, zurückhaltend, leidenschaftslos, prüde?
84 2066 347 2129 sen — Myrtle
392 2099 1521 2164 Pah! Endlich hielt der Taxi vor einem Hause. „You are
89 2105 345 2173 ner Weise mit
387 2150 1521 2211 a pet," flüsterte Myrtle und küßte mich. Als ich ihr nun
106 2154 345 2227 an sie stellte,
396 2197 1521 2258 selbstverständlich ins Haus folgen wollte, geschah das Un¬
85 2202 345 2269 wolle. Ihre
384 2242 1521 2307 erwartete. Myrtle war grenzenlos erstaunt. „Das ist doch
85 2249 345 2317 des saphirblau
392 2293 1521 2345 nicht möglich," sagte sie „Was fällt Ihnen ein? Ich
82 2300 350 2361 warf sie mir
392 2338 1521 2399 wohne hier bei meinen Eltern — und was denken Sie?
89 2344 344 2408 : „Ja." Ich
391 2384 1521 2452 Oh, do be a gentleman!“ Ich war wie vor den Kopf ge¬
94 2394 347 2455 sei und daher
392 2433 1524 2497 stoßen und mußte mich erst zurechtfinden. Myrtle miß¬
96 2438 350 2508 Sacher gäbe,
391 2485 1522 2537 verstand meine Verwirrung und sagte: „You are agent¬
106 2488 345 2555 erwiderte sie,
384 2521 1526 2581 leman"; sie küßte mich noch ganz ungeniert vor dem
77 2532 347 2600 et werden wir
396 2570 1113 2642 Haustor und verschwand in der Tür.
80 2579 347 2647 warum sollen
459 2617 1521 2703 Der Interviewer lachte. „Ja, es gibt hier Chorus
77 2630 345 2692 Savoy; dort
392 2659 837 2731 Girls, die Ladies sind.
73 2675 347 2738 fort ist's viel
464 2699 1386 2769 Anatol lachte mit. „Dagegen Ladies, die ..."
77 2720 345 2790 daß nicht ver¬
464 2757 1479 2835 „Sie haben jedenfalls Erfahrungen gesammelt?"
145 2773 347 2832 bin nicht
378 2788 652 2884 Anatol lachte.
75 2816 345 2884 inken für sich.
459 2832 1521 2921 „Ich habe bald herausgefunden", sagte er, „daß man
150 2868 342 2923 was die
384 2893 1517 2964 hier in den besten Kreisen, im Smart Set verkehren muß,
78 2905 349 2975 s jedoch der
387 2952 1521 3011 wenn man sich wirklich amüsieren will. London is nicht
73 2954 338 3020 Lind ihr Glas
391 3008 1517 3067 ganz so grau, wie es von außen aussieht. Kratzt man
82 3008 342 3071 schinken. „Ver¬
382 3050 1522 3113 daran, so merkt man, daß es stellenweise — blau ist.
77 3057 345 3118 ein erstauntes
392 3097 1521 3161 (Anatol sprach diesen Satz englisch aus und machte ein
73 3102 345 3168 sen, es war
71 3142 307 3214 Melba“.
378 3146 1512 3210 unübersetzbares Wortspiel. Anm. des Interviewers.) Ich
80 3193 342 3259 olen kulinari-
384 3198 1521 3254 habe gefunden, daß man der Mittelklasse, ich meine natür¬
382 3245 1514 3303 lich auch der intellektuellen Mittelklasse, zu der hier ebenso
82 3245 347 3322 authorchenden
366 3292 1524 3362 Ballettänzerinnen und Shan Girls gehören können. Streng
1840 1104 3242 1196 des Mittelalters und der Neuzeit verden Gunter (Gescheher eine neue
1843 1184 3240 1250 Israels), Erben (deutsche Kaiserpolitik), Busch (der Krieg neue Univer
1845 1289 3202 1344 ausweichen muß. Ein junger Mann von Distinktion zieht und als
3013 1336 3242 1400 heiratete Fr.
1852 1337 2978 1409 sich in diesen Sphären leicht breach of promise cases
3013 1390 3140 1453 Leslie
1852 1386 2978 1458 zu. Die Mittelklasse ist provinzlerisch, puritanisch, viktoria¬
1850 1426 3236 1494 nisch, imaginationslos, normal, insular, gesund, robust eben aus
1847 1473 3233 1541 und tötlich langweilig. Das sind lauter wundervolle Eigendumm und
3013 1526 3243 1592 Cantab=Boo
1861 1529 2978 1613 schaften für das Rückgrat einer Nation, aber Sie verstehen,
3010 1571 3247 1637 meinen Sp.
1847 1575 2961 1651 daß mich persönlich alle diesen guten Eigenschaften...
3013 1618 3243 1681 immer auf
1939 1629 2455 1712 „Ich verstehe, ich verstehe."
3020 1669 3231 1726 oder wenn
1934 1653 2975 1751 „Ich kam jedoch bald in die richtige Gesellschaft.
3010 1714 3245 1777 Nachmittags
1850 1730 2978 1791 Eines Tages traf ich in einem reizenden Flat in Sloane
3017 1765 3238 1831 Besuche ma
1847 1787 2980 1838 Street vier wunderschöne Frauen beisammen sitzend. Sie
3102 1810 3238 1888 Und
1852 1822 2978 1895 schienen mir der rosigste Strauß, der englischem Boden
3013 1855 3116 1918 wiß.
1847 1873 2970 1937 entwachsen kann, und ich begann in meinem besten Eng¬
3020 1897 3233 1981 Temperame
1850 1916 2978 1981 lisch „die Engländerin zu preisen. Alle vier lachten. „Sie
1859 1967 2980 2040 fabulieren wie ein Irländer," sagte die eine; „das scheint
3025 1995 3236 2063 mir herum¬
1852 2012 2984 2077 das verwandte keltische Blut zu sein. Strengen Sie sich
3041 2042 3222 2119 Er ist mir
1852 2058 2982 2129 übrigens bei mir nicht an, ich bin keine Engländerin, ich
3025 2094 3224 2162 — „Sonst
1855 2110 2982 2187 bin eine Schottin." „Und ich bin eine Irländerin, sagte die
3017 2140 3235 2209 „Zeigt das
1859 2157 2982 2223 Zweite. „Ich wohne allerdings schon zwei Jahre hier¬
3017 2194 3160 2258 ment?
1859 2204 2987 2276 sagte die Dritte (ach, die Dritte...) „aber ich bin eine
3025 2229 3236 2303 machen, al¬
1852 2248 2984 2317 Wienerin." — „Ich bin eine Engländerin," sagte die Vierte.
3022 2288 3224 2351 verpufft er
1855 2300 2984 2366 Diese Vierte hieß Mrs. Chaplin; sie war sechs Fuß hoch,
3038 2337 3233 2396 für ihn, ei
1852 2359 2989 2412 Sie bemerken, daß ich bereits nach englischen Maßen
3029 2382 3210 2443 a
1855 2398 2977 2480 rechne, aber sie war gertenschlank und herrlich gebaut.
2994 2431 3228 2495 -
1948 2441 2923 2514 „Schöner als Myrtle?" warf der Interviewer ein.
3029 2473 3191 2542 nentalen
1962 2487 2991 2570 Sie sprechen wie Max — wie können Sie so etwas
3031 2525 3224 2588 dem zwan
1855 2542 2989 2609 nur miteinander vergleichen! Mrs. Chaplin trug ein
3025 2572 3233 2640 mit Frauen
1864 2595 2984 2666 schwarzes Kleid zu ihrem blonden Haar, und das einzige,
3029 2624 3226 2680 dankbar,
1861 2652 2991 2708 was ich an dieser idealen Frau auszusetzen hatte, war ein
3029 2668 3238 2738 überschreite
1855 2687 2989 2745 ebenso langer, ebenso prachtvoll gebauter junger Bengel,
3032 2719 3235 2783 fast niema
1855 2732 2989 2797 der immer in ihrer Nähe herumlungerte. Ich setzte mich
3086 2767 3229 2830 „Der
1852 2780 2996 2849 neben sie und bewunderte ihr Kleid. „Oh, erwähnen Sie
3025 2811 3238 2882 „vom Din¬
1852 2842 2991 2888 das nicht zu laut," sagte sie lächelnd. „Eine gute, richtige
3104 2858 3236 2921 „Ich b
1861 2882 2994 2950 Engländerin muß im allgemeinen schlecht angezogen
3031 2909 3235 2968 Institution
1859 2919 2991 2994 gehen; das werden Sie ja wohl schon bemerkt haben.
3029 2956 3233 3018 Rolle des
1868 2973 2998 3031 Eine Engländerin, die gut angezogen geht, ist ihren
3034 3001 3233 3072 lächelte fei¬
1859 3015 3001 3079 Mitmenschen gleich verdächtig. Ein Kleid von Poiret oder
3041 3050 3215 3116 sie, „aber
1868 3066 2989 3140 Paquin ist in London sozusagen die auffällige Punze
3038 3099 3207 3170 doch auf
1864 3100 2989 3175 einer leichtsinnigen Seele." — „Wer ist dieser Jüngling,
3041 3149 3177 3210 kriten."
1868 3153 2996 3226 der Ihnen eben den Thee gebracht hat und der jetzt glück¬
3038 3193 3238 3261 drüben ne
1864 3202 2999 3275 licherweise mit einer jungen Dame dort flirtet?" fragte ich.
3020 3245 3235 3320 unseren ei
1871 3252 2989 3345 My tame robin," erwiderte sie, mein zahmer Vogel
