3344 4224
1245 174 1609 275 box 9/5
139 169 1055 303 4.9. Anatol - Zyklus
1530 846 2071 1024 or
2023 1055 2108 1137 377
730 1134 1457 1228 Theater, Kunst und Musik.
730 1216 1404 1284 Deutsches Volkstheater.
858 1277 2100 1358 Am letzten Samstag versuchte mans im Deutschen Volks¬
737 1334 2088 1400 theater mit einer Neuinszenierung der Komödie „Die Zwillinge“,
730 1390 2105 1454 die Tristan Bernard den Menaechmen des Plautus nachgedichtet
737 1447 2095 1498 hat. Allein der Liebe Mühl war umsonst, auch die Wiederholung ver¬
737 1493 2096 1549 mochte dem Stücke keinen rechten Erfolg zu bringen; ein paar
739 1539 2091 1607 Kürzungen schadeten mehr als sie nützten. Das freie Maskenspiel
734 1587 2100 1650 läßt sich nun einmal nicht in die engumgrenzte Wirklichkeit eines
739 1638 2093 1707 bestimmten Ortes, einer bestimmten Zeit hineinzwängen. Seine
737 1683 2095 1746 Realistik schwebt wolkenhoch über allen pedantischen Wahr¬
744 1734 2091 1804 scheinlichkeitsbedenken; Bernard sucht dem Publikum einzureden,
734 1787 2093 1854 daß alles mit natürlichen Dingen zugehe, und bewirkt damit nur,
737 1833 2095 1895 daß man den ganzen Spaß nicht glaubt. Er zeigt eine unleugbare
740 1881 2093 1948 Geschicklichkeit im Einrichten, aber diese Geschicklichkeit ist eine
742 1932 2091 1999 Sünde wider den Geist, und davon gibt es, wenn ich nicht irre,
730 1977 2088 2042 keine Absolution. — Herr Homma spielte diesmal die beiden
734 2026 2088 2096 Zwillinge; das Kunststück war nicht allzuschwer, und es gelang.
739 2084 2098 2146 Herr Kirschner stattete die Figur des ewig beduselten Koches
734 2131 2090 2192 mit ergötzlichster Komik aus, Herr Russek war ein prächtiger
740 2179 2091 2262 Schmarotzer und Herr Amon verstand es, in einer langweiligen
730 2216 1443 2283 Rolle viel Lustigkeit zu erwecken.
850 2269 2091 2332 Den Schluß des Abends bildete ein frecher Einakter von
730 2317 2093 2379 Rudolf Presber: „Das Versöhnungsfest. Das Stück
740 2370 2091 2432 fand bei der zünftigen Kritik wenig Gnade, man kann also schon
725 2418 2095 2483 daraus schließen, daß es gar nicht so übel sein muß. Die Herren
734 2464 2093 2529 sprachen von einer „Anatolsituation", die der Berliner Autor ins
725 2512 2090 2584 Derbere transponiert habe; sie seufzen, daß bei der Umwandlung
723 2565 2093 2625 die delikate Poesie des Vorbildes verloren gegangen, der elegische
740 2615 2091 2676 Zug, der den Anatoltypus so bestrickend mache, gröblich verwischt
734 2666 2091 2729 worden sei; ihr gebildeter Geschmack vermißt den psychologischen
727 2717 2088 2780 Tiefblick. Du grundgütiger Heiland, ahnen sie denn wirklich nicht,
734 2762 2091 2825 daß sie damit gerade den größten Vorzug der Presberschen Ko¬
725 2815 2093 2868 mödie nennen? Die derbzugreifende Drastik, die gänzlich bedenken¬
725 2864 2093 2917 lose Ausgelassenheit, womit hier das alte Thema vom geprellten
730 2910 2093 2972 Ehemann behandelt wird, der Verzicht darauf, die groteske Komik
718 2953 2093 3016 der Situation durch „intime" Seelenmalerei interessant zu machen,
732 3006 2091 3071 sind das einzig Versöhnliche an der Sache und darum in diesem
727 3063 2091 3121 Falle auch das dichterisch Richtige. Schallendes Gelächter kann
725 3109 2091 3165 gar wohl erlaubt sein, wo ein verstehendes Lächeln nur den
725 3150 2088 3218 Mangel an feinerem Empfinden verraten müßte. Übrigens, was
725 3201 2084 3263 heißt das „Anatolsituation"? Als ob es derartige Situationen
725 3251 2084 3317 im Leben und in der Literatur vor Anatol noch gar nie gegeben
718 3297 2081 3367 hätte. Das chambre séparée machts doch wahrlich nicht aus,
725 3362 2083 3415 obwohl ich verstehe, daß es Assoziationen weckt. In der Tat er¬
730 3401 2091 3466 innert auch nichts, durchaus nichts, wenigstens nichts Wesentliches
718 3439 2088 3519 in diesen lustigen Szenen an Anatol. Wenn man schon Verwandt¬
