3344 4224
589 134 709 215 to
193 135 562 242 4.9. An
588 138 1147 270 Zyklus
95 755 372 843 saren und
424 778 1238 862 meinen nicht sehr bemerkbare Freiherr
97 830 378 902 kommen lassen
415 859 1242 901 Bela Kun geschenkt worden war, hätten ihm
418 892 1234 947 nach überallhin die tiefste Dankbarkeit bewahrt;
412 983 1232 1052 noch in den letzten Achtzigerjahren. Das war
412 1029 1244 1097 eine Zeit frei vom Gewicht sozialer Probleme,
88 997 219 1117 on.
415 1081 1231 1140 eine Zeit, in der junge, charmante Müßig¬
418 1128 1238 1190 gänger blühen und sprießen konnten. Das
92 1150 172 1221 m.
415 1179 1238 1248 war damals, als das leichtbeschwingte, toner¬
89 1196 366 1280 fr. Weiß schließ¬
427 1227 1232 1287 füllte, graziöse Wien der phantastischen Vor¬
89 1268 379 1326 ngsumher wirk¬
421 1278 1238 1332 stellung des Auslandes fast bis zur Realität
102 1312 376 1382 dert hat oder
421 1329 1234 1381 nahe kam. Das Wesen des Wieners war das
86 1362 375 1427 in Chaos der
415 1372 1235 1430 eines sonnigen Sonntages im Frühling. Die
86 1407 369 1474 eigenen Person
415 1425 1235 1476 Wiener sind das liebenswürdigste Volk, wenn
94 1459 382 1532 Metamorphosen
415 1470 1235 1531 die Sonne lächelt. Sie haben ein wahres
94 1513 375 1577 in die lachende,
424 1522 1231 1585 Talent für Lachen, für Melodie, für Kunst,
86 1568 382 1630 ge Jugend um
429 1567 1244 1646 für die Grazie des Lebens. Wenn die Sonne
94 1604 375 1675 ung, so möcht
429 1611 589 1689 scheint
89 1657 369 1724 de wir es in den
481 1653 1244 1734 Schnitzler kam dann auf die nervösen,
89 1705 376 1763 Tritt man aber
421 1725 1238 1780 unruhigen, schon von fernem Pulverdampf
86 1754 373 1823 glaubt zu erken¬
429 1768 1242 1853 erfüllte Zeiten vor dem Krieg zu sprechen
84 1799 375 1866 Jugend, anderes
421 1819 873 1895 und auf den Krieg selbst.
85 1852 375 1917 schlechteres aber
493 1846 1244 1921 „Das Jugendliche Wien. Anglosar
94 1898 375 1966 Immer wieder
421 1911 1242 1979 bald wie ein Traum versunken. Vielleicht sehe
94 1944 380 2024 von heute mit
421 1963 1238 2025 ich die Dinge so verändert, weil ich selbst
81 1993 368 2070 ken, den jungen
421 2008 1248 2070 älter geworden bin. Aber ich glaube, daß die
81 2045 375 2109 n war, mit dem
427 2060 1241 2120 heutige Zeit ganz anders ist als die Anatols.
81 2098 375 2159 vergleichen. Und
421 2114 1238 2173 Sie ist im Feuer geschweißt und auf dem
81 2142 382 2208 das süße Mädel
418 2158 1245 2209 Ambos des sozialen Lebens gehämmert wor¬
183 2186 379 2248 sind
414 2202 1242 2269 den. Es ist nicht nur der nationale Krieg, den
166 2240 385 2305 Schlachtfeld
417 2247 1238 2305 ich meine. Auch der Krieg zwischen Klerikalis¬
97 2284 370 2352 Hinterlandes.
418 2300 1245 2351 mus und Liberalismus, Kapitalismus und
81 2333 379 2397 nig dieser trauri¬
421 2346 1234 2410 Sozialismus, Militarismus und Pazifismus
81 2381 382 2449 ständlichen Tat¬
421 2401 1241 2457 tobt noch, und das Schlachtfeld liegt im Herzen
84 2434 366 2501 der Vater, besser
421 2443 1250 2505 und in der Seele, in der Familie und im
84 2476 375 2561 tzen Mädel¬
428 2496 1242 2561 jungen Mann selbst. Bittere Konflikte im
78 2529 379 2607 gener Herrn, hat
421 2538 1241 2601 eigenen Heim, in der Werkstatt, im Freundes¬
69 2578 386 2646 amerikanischen
421 2594 1241 2649 kreis, überall dort, wo früher das Leben nur
76 2630 379 2702 in und klar
412 2639 1244 2714 von seiner spielerischen Seite gesehen wurde.
169 2685 378 2740 Und wenn
496 2685 1241 2759 In großen Zügen entwaf Schnitzler
72 2724 380 2796 auch das Mäd¬
424 2727 1241 2799 ein Bild der Entwicklung Wiens, mit hinge¬
89 2780 1247 2851 Ergänzung und worfenen geistvollen Worten leuchtete er in
81 2832 382 2881 wird, nicht mehr
419 2842 1241 2914 die tiefsten Herzenswinkel, in die unentwirt¬
421 2880 993 2963 barsten Probleme dieser Stadt.
72 2907 380 3006 sagte Schniß¬
490 2907 1254 2999 In Wien sind die Walzer von Strauß
69 2973 385 3057 surnalisten, „lebte
427 2985 1248 3055 entstanden, aber Wien hat auch Stahl und
1312 143 1668 238 box 9/5
1286 820 1509 909 tauschen.
1558 833 2103 932 Bauernkomödie von Eugen
1290 883 1673 951 Wrany-Raaben.
1280 990 2103 1045 Lokomotiven, Maschinen und chirurgische In¬
1287 1038 2107 1104 strumente produziert, es hat Beiträge auf
1284 1082 2107 1137 allen Gebieten der Wissenschaft geleistet, die
1284 1137 2103 1203 die Welt nicht von uns, sondern nur von
1290 1188 2103 1252 unseren deutschen Nachbarn erwartet hätte.
1284 1232 2100 1281 Immer hat das Ausland, besonders Nord¬
1287 1280 2103 1346 deutschland, uns „amüsant gefunden und es
1290 1332 2107 1388 wurde eine förmliche Manie der fremden
1280 1385 2101 1437 Zeitungskorrespondenten, alles, was aus
1287 1428 2097 1484 Wien kam, scherzhaft zu behandeln. Bis wir
1293 1474 2107 1531 selbst so empfanden und kein eingeborenes
1287 1528 2103 1578 Talent im Vaterland als Prophet gelten
1287 1571 2107 1630 konnte. Und doch lebt ungeheuer viel Talent
1284 1621 2107 1685 in uns und bei uns. Aber es kommt hier erst
1281 1668 2103 1734 Geltung, wenn es vom Ausland aner¬
1286 1722 2103 1776 kannt wurde. Gustav Mahler mußte das er¬
1287 1774 2107 1843 leben und hundert andere neben ihn. Sehen
1286 1815 1606 1887 Sie nur dies an."
1356 1851 2098 1938 Schnitzler zeigte dem amerikanischen
1296 1923 2101 1983 Journalisten eine Kohlenzeichnung, die auf
1287 1967 2100 2024 seinem Schreibtisch lag. Ein junges, nacktes
1281 2022 2109 2080 Weib, das eben aus dem Schlummer erwacht.
1290 2068 2107 2124 Der Journalist hatte das Empfinden, nie
1291 2111 2103 2175 Vollendeteres gesehen zu haben. Das Bild
1293 2169 2031 2232 schien zu leben, zu atmen, sich zu recken.
1353 2208 2106 2289 „Dies ist, rief Schnitzler begeistert aus,
1291 2257 2098 2323 „das Werk eines jungen Künstlers ersten
1287 2313 2101 2385 Ranges. Aber Wien hat ihm noch keine Auf¬
1290 2352 2103 2417 merksamkeit geschenkt und wird dies wahr¬
1294 2411 2109 2502 scheinlich auch erst auf dem Umwege über das
1284 2457 1542 2521 Ausland tun.
1361 2470 2103 2573 Wieder kam das Gespräch auf den Krieg
1281 2558 2107 2617 und Schnitzler schilderte mit leiser, fast
1287 2599 2114 2671 flüsternder Stimme, was Wien gelitten, seit
1287 2653 2103 2717 dem Tag, an dem Franz Ferdinand ermordet
1290 2707 2103 2764 und das Land unbewußt fast in dieses ent¬
1296 2754 2110 2808 setzliche Blutner geschleudert wurde. Und
1286 2800 2107 2885 kam auf die Zeit nach dem Kriege zu sprechen,
1290 2842 2103 2908 mit ihr Not, ihrem Schlemmertum, der
1287 2893 2103 2965 Verdrängen des wirklichen Wiens durch
1290 2943 2097 3004 Schieber und Händler, die in namenloser
1281 3001 2100 3084 Uppigkeit in den Tag hinein leben und das
2147 862 2955 925 es auffallen muß, daß auch die Wa¬
2150 905 2972 976 teilnehmenden Traber keine besonders hervor¬
2146 997 2975 1069 Volk reizen und verbittern. Der Journalist
2153 1059 2969 1110 machte einen Einwand, den man immer wie¬
2152 1094 2973 1179 der hört, wenn man mit Ausländern spricht,
2147 1154 2972 1211 die sich vom Treiben gewisser Kreise ange¬
2153 1198 2963 1255 widert fühlen: „Wie kommt es nur, daß die
2147 1244 2966 1296 Leute sich nicht zusammenrotten und Pflaster¬
2156 1293 2968 1378 steine in die Fenster der Restaurants, Kaffee¬
2156 1342 2650 1410 häuser und Hotels werfen?
2224 1398 2965 1446 Schnitzler lächelte: „Das hat zwei
2146 1435 2972 1506 Gründe. Erstens ist der Wiener nicht leicht
2156 1495 2979 1551 explosiver Art, physische Ausschreitungen lie¬
2147 1535 2979 1604 gen ihm nicht. Die Hauptursache ist aber die,
2146 1585 2972 1659 daß es nicht das Proletariat ist, das so furcht¬
2146 1634 2969 1701 bar unter der Teuerung und dem Schieber¬
2146 1683 2975 1738 tum leidei, sondern die Mittelklassen, die
2146 1732 2972 1789 Leute, die von einem festen Einkommen leben.
2158 1781 2969 1833 Die Arbeiter sind organisiert und können ihre
2149 1829 2972 1900 Löhne wenigstens halbwegs den Verhält¬
2156 1872 2972 1938 nissen anpassen. Aber ich kenne Familien von
2152 1927 2975 1990 Arzten, die hungrig zu Bette gehen. Und diese
2152 1977 2982 2042 Leute werfen keine Steine und schreiten nicht
2147 2035 2979 2087 zur Selbsthilfe. Eine furchtbare Unmoral ist
2147 2077 2983 2149 über Wien gekommen und man kann Leute
2158 2113 2985 2208 sagen hören: „Seit es erlaubt ist, zu
2156 2156 2289 2228 stehlen
2227 2185 2979 2300 Schließlich kam aber Schnitzer doch zu
2150 2273 2653 2349 einem trostvollen Ausblick:
2224 2305 2979 2380 „Der gute Geist Wiens ist krank, aber
2153 2351 2969 2433 nicht gestorben. Noch ist zuviel Jugend in
2146 2411 2983 2479 Wien. Erleichtert Wien die Last, die es auf
2150 2462 2975 2534 seinen schmächtigen Schultern trägt, und es
2146 2499 2975 2561 wich sich wieder erheben. Die Welt soll und
2147 2561 2963 2613 helfen, wir werden es ihr mit Kunst und
2146 2599 2975 2689 Musik, mit unserer Intelligenz, unserem En¬
2146 2649 2972 2721 thusiasmus, unserer Liebe für alles, was
2153 2699 2969 2764 schön und gut ist, mit unseren Maschinen.
2150 2763 2966 2819 unserer Architektur, unseren Arzten und Ge¬
2150 2803 2972 2867 lehrten heimzahlen. Anatol ist dahingegangen,
2152 2849 2973 2913 Anatol ist tot, aber es liegt in der Macht der
2155 2903 2969 2973 großen Staaten, ein neues wertvolles Ge¬
2150 2949 2956 3019 schlecht in Wien heranwachsen zu lassen —.
2812 2998 2944 3061 a
