3248 4256
132 144 376 236 4.9.
1249 140 1608 243 box 9/4
412 132 1052 250 to - Zyklu-
416 575 835 672 Extrait du Journal:
416 655 614 739 Adresse
412 732 530 821 Dato
891 804 1204 922 8 00T. 1936
782 977 1245 1069 Die Theatergemelde
1483 977 2434 1083 Thampagner. Es muß ein Vergnügen gewesen
515 1028 2432 1124 hielt am Dienstagabend ihre Jahresversammlung sein, diese Rolle zu spielen. Echt alles, bis und
513 1076 1459 1151 nenkasten" ab. Eine dramatische Dreingab
1488 1110 2434 1170 mit Goeckler und seinem liebenswürdigsten
515 1127 1459 1204 des Stadttheaters lockte dieses Mal mehr Mit¬
1485 1151 2439 1216 Schalk, Herr Heidelberg zog als diskreter
513 1177 1457 1242 glieder und Gäste an als gewöhnlich. Der Jah¬
1481 1189 2434 1252 Kellner die elegantesten Kurven um den kleinen
513 1216 2434 1298 resbericht des Präsidenten Dr. Karl Speidel, Abendtisch. Die Regie, die die unzähligen kleinen
506 1252 2432 1336 Rektor, konnte wiederum sehr erfreuliche Auf- impressionistischen Charakterisierungsmittel des
506 1293 2427 1382 schlüsse erteilen. Die Mitgliederzahl ist von 221 Dichters betonte, lag in den Händen von Frau
506 1341 2432 1430 auf 241 gestiegen. Die Bemühungen um die bes¬ Direktor Senges. — Es war ein hübscher, intimer
506 1382 2444 1481 sere Ausstattung der beiden Saalbaubühnen sind Abend, der hoffentlich nächstes Jahr wiederholt
503 1432 2253 1526 vom Stadtrat völlig erhört worden. Das Bi¬ wird und noch mehr Publikum anzieht.
496 1469 1459 1553 berti=Gastspiel erwies sich als ein voller Erfolg
503 1517 1469 1589 und als der richtige Weg. Die Protektorate ha¬
494 1553 1452 1630 ben wertvolle Gastspiele, wie z. B. dasjenige des
501 1608 1454 1673 „Cornichon herbeigeführt. In diesem Winter
494 1652 1457 1724 wird das Stadttheater Basel mit ausgezeichneten
503 1685 1447 1755 Solisten, größerem Orchester und größerem Chor
501 1729 1452 1806 das Opernprogramm bestreiten und wieder sind
496 1777 1447 1851 wertvolle andere Gastspiele in Aussicht genom¬
489 1815 1447 1885 men. Kurzum, es ist der Theatergemeinde ge¬
494 1859 1447 1928 lungen, in den 5 Jahren ihres Bestehens unserem
486 1900 1445 1979 Theaterleben Richtung und Rahmen zu geben
479 1957 1445 2025 und es zu festigen. Die Notwendigkeit und die
489 1993 1445 2061 gute Wirkung dieser Institution ist erwiesen und
489 2037 1445 2116 der Erfolg ist vor allem das Verdienst ihres
479 2073 1442 2155 Präsidenten Dr. Speidel, was aus der Versamm¬
482 2114 1437 2196 lung wiederholt und mit Akklamation bekundet
484 2162 1442 2241 wurde. Erfreulicherweise ist auch ein gewisser
482 2215 1430 2282 wirtschaftlicher Erfolg eingetreten. Trotz der
479 2251 1430 2326 Schwere der Zeit und des geringen Mitglieder¬
484 2292 1437 2369 beitrages hat die Theatergemeinde nach dem Kas¬
482 2333 1435 2412 senbericht von Frl. Jörgensen bereits ein Ver¬
477 2383 1435 2453 mögen von Fr. 1084.— erworben, das als kleiner
474 2417 1425 2497 Rückhalt gegen eventuelle Rückschläge willkom¬
474 2463 1425 2545 men sein wird. Herr Huber erstattete den Revi¬
474 2506 1425 2586 sorenbericht und nahm die Abstimmung vor. So
469 2557 1425 2627 hat Aaraus Theaterpublikum aus eigener Kraft
472 2598 1423 2668 und mit geringen Mitteln seine Theaterfrage
472 2646 1425 2711 einigermaßen gelöst oder wenigstens in gute
472 2680 1425 2745 Bahnen bringen können. Der Stadtrat war weit¬
469 2718 1423 2798 sichtig genug, diese Bestrebungen von der ersten
472 2769 1423 2841 Stunde an zu erkennen und zu fördern, was für
462 2802 1425 2887 den Erfolg der Theatergemeinde wiederum von
462 2858 1420 2928 entscheidender Bedeutung war. Möge das Publi¬
465 2899 1411 2976 kum das seinige weiter tun und sich immer zahl¬
465 2944 1276 3009 reicher in der Theatergemeinde sammeln.
520 2990 1420 3050 Die Direktion des Stadttheaters ließ es sich
460 3002 1401 3101 nicht nehmen, mit dem „Abschieds souper
460 3074 1423 3135 aus Schnitzlers „Anatole-Zyklus ihrerseits der
460 3113 1420 3175 Theatergemeinde dem Dank des Ensembles Aus¬
455 3159 1418 3221 druck zu geben. Mit wenigen Requisiten schuf
457 3197 1411 3274 Frau Direktor Senges im großen Affenkastensaal
455 3243 1411 3315 eine kleine Chambre separée für die köstliche kleine
455 3281 1406 3358 Wiener Episode. Zwei Oesterreicher, Frl. Delys
443 3342 1401 3411 und Herr Lerner, gaben das Paar, das sich ver¬
445 3383 1406 3436 abschiedet, Herr Goeckler sekundierte als der
450 3419 1401 3493 gute Freund Max, der sozusagen die Sordine auf
443 3460 1399 3529 den Saiten der Sentimentalität und der Leiden¬
443 3496 1399 3582 schaften darstellen soll. Herr Ferner debüttierte
448 3546 1399 3609 in dieser Rolle für Aakauer ist nen. Er gab
443 3587 1394 3662 den Anatol lebenssprüchen, nicht der über¬
443 3633 1401 3700 kultivierten impressionistischen Weichheit dessen,
441 3679 1404 3753 der zum Nervenbündel geworden ist u. die Seele
441 3720 1387 3782 entschleiert hat. Und er hat eigentlich auch recht,
433 3763 1387 3826 obschon der Anatol die Figur ist, die immer wie¬
433 3804 1394 3874 der der Impression des Augenblicks erliegt und
433 3850 1389 3910 sich so ins Leben verwickelt. Schnitzler stellt in
433 3891 1387 3956 dieser Episode mit viel Ironie dar, wie zweie,
433 3931 1384 4008 die sich nichts vorzumachen versprochen haben, aus
429 3970 1392 4049 der Rolle fallen, da sie doch immer Adam und
429 4025 1382 4090 Eva sind. Lerners Anatol war Schnitzler „von
424 4069 1375 4129 der anderen Seite, von einem viel bestimmteren
