3436 4256
460 133 1504 201 (Kleine Bühne. — Makel.") Nach mehreren ernsten, ja
353 182 1505 235 düsteren Stücken brachte die Bühne uns gestern mit Schnitz¬
359 228 1504 275 ers „Anatol“ wieder ein einen heiteren Abend. Unter dem
353 265 1501 309 Titel „Anatol verein Wiener Dichter sieben Einakter,
379 300 1495 361 esser geag Szenen, welchen man auch den Titel „Rund um die
348 342 1492 387 Liebe oder nach klassischem Muster „Ars amandt“ geben könnte.
342 382 1498 429 natol ist ein eleganter, junger Wiener Lebemann, der von einer
342 420 1491 464 Geliebten zur andern stettert, es aber jedesmal mit seiner Liebe
353 457 1495 503 sehr ernst nimmt und gern darüber philosophiert. Er treibt sozu¬
348 497 1495 544 sagen praktische Liebesphilosophie mit einem gewissen melancho¬
345 538 1496 578 lischen, weltschmerzlichen Einschlag. Neben ihm steht sein treuer
345 574 1496 621 Freund Max, gleichfalls geeichter Lebemann, aber mehr als Ana¬
342 614 1495 662 tol über den Dingen sehend, ernster in der Lebenserfahrung und
345 652 1498 698 vielleicht gerade deshalb mit einer starken Neigung zum Spötter.
342 692 1501 739 Diese beiden Männersiguren spielen in allen sieben Stückchen mit,
345 728 1496 772 die Frau, die jeweilige Geliebte Anatols, aber wechselt jedesmal.
345 770 1504 815 Gestern wurden, wie übrigens zumeist üblich, aus dem „Anatol¬
342 804 1498 853 Zyklus drei Szenen ausgewählt, die wir auch schon früher an
342 847 1504 889 unserer Bühne aufgeführt sahen. Zuerst „Die Frage an das
345 883 1496 940 Schicksal“ — das ist die Frage, ob Cora (Tora heißt „sie“ in
343 923 1495 980 diesem Stückchen) ihm stets treu gewesen, die Anatol an die Ge¬
334 963 1491 1013 liebte in der Hypnose richten will, aber nicht richtet, weil er Angst
334 998 1495 1047 hat, eine unangenehme Wahrheit hören zu müssen. „Abschieds¬
345 1038 1496 1085 souper ist wohl das meist aufgeführte Lustspielchen aus dem
342 1079 1496 1125 „Anatol“=Zyklus. „Sie" heißt hier Annie und ist Ballettänzerin.
334 1116 1495 1161 Anatol soupiert mit ihr bei Scher und will ihr bei dieser Ge¬
337 1155 1498 1201 legenheit zwischen Austern und Champagner beibringen, daß er
342 1195 1495 1238 jetzt eine andere liebt und mit Annie daher brechen müsse. Ihm
331 1233 1496 1276 bant vor dieser Beichte. Da kommt ihm aber Annie mit einem
331 1267 1498 1322 gleichen Bekenntnisse zuvor. An diese zwei geistreichen Stückchen
305 1310 1491 1356 schloß sich das frivol-heitere „Anatols Hochzeitsmor¬
660 1356 1109 1449 zer Tagespost,
790 1424 935 1519 Linz.
865 1492 1079 1610 192.
445 1715 1631 1777 den an. Analoi heiratet. Nach dem Porteren weder
442 1766 1609 1816 noch einmal seine Freiheit genießen und trifft dabei seine Geliebte,
451 1804 1610 1854 diesmal heißt „sie Ilona, eine höchst temperamentvolle Dame,
451 1845 1607 1894 wieder, der er unter allen möglichen Schwierigkeiten schon geraume
445 1884 1607 1936 Zeit ausgewichen. Sie hängt sich an ihn, sie läßt ihn nicht mehr
448 1918 1604 1967 los, sie begleitet ihn nach Hause, sie ist auch am andern Tage vor¬
450 1964 1610 2013 mittags nicht wegzubringen. Um 2 Uhr soll Anatols Hochzeit sein,
451 1996 1607 2041 bei der Max Brautführer ist. Schließlich gelingt es Max, Ilona
451 2035 1604 2082 die natürlich empört ist und die Hochzeit Anatols durch Skandal
442 2081 1603 2126 zu verhindern droht, zu beruhigen, indem er ihr die Hoffnung
442 2116 1604 2159 eröffnet, daß Anatol wieder zu ihr zurückkehren könne. Im Voll¬
451 2152 1599 2200 gefühle dieses künftigen Triumphes über die glücklichere Neben¬
442 2189 1254 2237 buhlerin, seine Frau, läßt sie Anatol heiraten.
559 2226 1610 2279 Die liebenswürdigen, bühnenwirksamen Jugendstücklein
445 2265 1601 2313 Schnitzlers, welche 1893 erschienen und dem jungen Dichter neben
454 2305 1601 2357 seiner „Liebelei den Ruf sicherten und wahrscheinlich manche
445 2348 1601 2391 viel schwerer angelegte Arbeit von ihm überleben dürften, haben
447 2393 1601 2440 auch gestern wieder das Publikum köstlich unterhalten, um so mehr,
445 2425 1604 2472 als sie so recht für das Intime einer kleinen Bühne passen. Dazu
442 2459 1601 2511 kam unter Leitung des Herrn Frank eine vortreffliche Ausfüh¬
442 2499 1609 2545 rung. Herr Waniek als Anatol vermochte das Grüblerische in
445 2535 1603 2582 dieser Figur bestens herauszuarbeiten, sah überdies sehr elegant
444 2576 1604 2631 aus und traf den wienerischen Ton ebenso gut. Nur zu jung schien
442 2620 1601 2660 er für den Anatol mit seinen zahlreichen Abenteuern, denn solche
442 2647 1594 2697 Anatols pflegen zumeist erst später, nachdem sie ihre Freiheit
445 2694 1604 2745 länger genossen, in dem ruhigeren Hafen der Ehe zu landen.
442 2725 1601 2770 Mit überlegener seiner Ironie gab Herr Frank den Max, dem
451 2768 1603 2814 stets der Schalk im Nacken sitzt und behaglich breitete sein Humor
448 2810 1604 2853 sich über die ganze Aufführung. Gleich gut waren auch die drei
445 2848 1607 2895 Damenrollen besetzt. Fräulein Anzengruber sah als Cora
444 2884 1604 2946 lieb und herzig aus, so ganz das „füße Mädel. Mit köstlicher
442 2925 1601 2968 Natürlichkeit spielte Fräulein Erhardt die Annie und war von
445 2966 1603 3015 einer geradezu entzückenden Gemeinheit. Fräulein Rotter end¬
436 3006 1599 3046 lich stattete die Mona, die offenbar in der Damengalerie Anatols
439 3036 1599 3085 den Typus der besseren Schauspielerin vertritt, trotz allen Tempe¬
436 3083 1601 3132 ramentes mit einer gewissen Vornehmheit aus. Alle Darsteller
439 3119 1596 3165 konnten sich reichen Beifalles erfreuen und das Publikum hätte
445 3162 1593 3213 ganz gern noch ein weiteres Anatol=Stück ein — vielleicht wäre
442 3201 1511 3241 „Episode" nicht schlecht gewesen — angehört. Dr. K.
550 3233 1601 3284 (Aus der Theaterkanzlei.) Freitag geht die Oper „Der
439 3255 1599 3327 Troubadour letztmalig in Szene. Samstag und Sonntag
445 3309 1599 3367 abends wird die Operette „Die Landstreicher“ und Sonn¬
445 3351 1593 3398 tag nachmittags die Gesangsposse „Heirat auf Probe ge¬
445 3391 1599 3444 geben. Als Schülervorstellung geht Samstag nachmittags, 2 Uhr,
445 3432 1601 3474 „Die versunkene Glocke in Szene. Freitag früh be¬
436 3471 1596 3516 ginnt der Vorverkauf für folgende Vorstellungen. Montag im
436 3497 1590 3553 Abonnement rot das reizende Singspiel „Hannel", Diensta¬
439 3543 1594 3589 die Operette „Die Landstreicher“ und Mittwoch die schon
445 3580 1597 3639 seit langer Zeit nicht mehr gegebene, allgemein beliebte Oper
436 3621 1356 3691 „Hoffmanns Erzählungen" von Offenbach
556 3651 1590 3712 (Kleine Bühne.) Samstag wird das Schauspiel „Nora
438 3692 1591 3749 wiederholt, Karten sind noch erhältlich. Freitag beginn der Vor¬
439 3743 1591 3799 verkauf für die am Montag stattfindende zweite Aufführung von
439 3775 840 3834 Schnitzlers Anatol
559 3806 1590 3858 (Stadttheater Wels.) Freitag gelangt Schnitzlers „Ana¬
439 3843 1596 3901 tol“ zur Darstellung, und zwar „Die Frage an das Schick¬
441 3891 1599 3962 al", „Abschiedssouper" und „Anatols Hochzeits¬
441 3926 630 4000 more
1698 174 2226 265 4.9. Anatol
2443 189 2610 262 ku
2811 186 3162 284 box 9/3
2465 1569 2854 1683 Volk
2799 1659 3204 1738 Linz, Donnerstag
2054 1674 2234 1751 Seite 8
2447 1770 2832 1857 Theater.
2535 1831 2743 1924 Ral.
2391 1891 2866 1984 Von Arten schnitzler
2861 1936 3199 2020 -
2155 1998 3222 2055 Das Publikum nahm die die gut gespielten Szenen aus dem
2058 2038 3204 2103 Anatol-Zyklus mit gern gespendetem Beifall auf. Die Zu¬
2063 2085 3219 2147 sammenstellung war die übliche. Zuerst kam „Die Frage an das
2063 2141 3224 2189 Schicksal, dann „Abschiedssouper" und zuletzt „Anatols Hochzeits¬
2063 2171 3216 2224 morgen." Anatol war diesmal Herbert Wanie k. Er spielte den
2054 2212 3216 2265 leichtsinnigen Genießer mit dem leichten Zug von Schwermut, den
2063 2255 3219 2317 ihm der Dichter verliehen hat. Anfangs etwas unsicher im Ton,
2066 2295 3213 2362 gelang ihm die Zeichnung dieser Gestalt in den beiden letzten Ein¬
2054 2333 3207 2394 aktern ganz vortrefflich. Sein Gegenspiel, der etwas zynisch ver¬
2063 2381 3207 2428 anlagte Max, der über eine zureichende Dosis echten Humors ver¬
2063 2424 3207 2480 fügt, fand in Willy Frank einen famosen Darsteller. Die weib¬
2063 2461 3215 2515 lichen Erscheinungen, die zuletzt Konstanze Zeckendorff hier spielte,
2063 2506 3222 2569 waren diesmal verschieden besetzt. Anne Anzengruber war
2057 2543 3228 2600 eine Cora („Die Frage an das Schicksal"), der es an Wienerischer
2066 2589 3222 2641 Anmut und Frische nicht gebrach. Eine ganz und gar unrichtige
2063 2631 3207 2682 Auffassung der Annie („Abschiedssouper") seitens Adolfine Er¬
2063 2672 3216 2731 harts störte den Stil des Abends. Schnitzler darf nicht mit
2066 2714 3207 2762 Schnitzer verwechselt werden. Elly Rotters Ilona („Anatol¬
2063 2756 3210 2811 Hochzeitsmorgen") war ein Bild strahlender Schönheit. Die Künst¬
2057 2793 3210 2851 lerin ließ es auch an dem nötigen Temperament nicht fehlen. Man
2072 2838 3216 2892 spürte Leidenschaft. Willy Franks Regie zeigte in der gut poin¬
2054 2879 3216 2940 tierten Führung der Dialoge Verständnis für die drei Ein¬
3089 2919 3179 2992 l. a.
2057 2929 2156 2984 akter.
2403 2958 2761 3011 25
