3436 4192
1444 132 1804 235 box 8/5
326 147 1249 252 4.9. Anatol - Zyklus
1777 755 2239 873 Den 11.
1123 994 2231 1093 I. österr. behördl. konz. Unternehmen für Zeitungs-Ausschnitte
1276 1064 2126 1188 Wien, I., Concordiaplatz 4.
1497 1144 1899 1217 Vertretungen
1106 1175 2216 1276 in Berlin, Budapest, Chicago, Christiania, Genf, Kopen¬
1093 1226 2224 1333 hagen, London, Madrid, Mailand, Minneapolis, New-York,
1102 1289 2176 1386 Paris, Rom, San Francisco, Stockholm, St. Petersburg.
1503 1320 1608 1373 Quel
1653 1327 1875 1381 che aus Genie,
1119 1348 1556 1440 Ausschnitt aus:
1579 1346 2256 1518 Sohne und Welt er¬
1081 1428 1764 1583 und
961 1615 2500 1688 Das Lessingtheater scheint nicht Lust zu haben, Arthur Schnitzlers neues Werk „Der
845 1661 1421 1732 junge Medardus aufzuführen —
1457 1678 2500 1753 das große Panorama Wiens vom Jahre 1809, mit seinen
845 1711 2496 1802 mehr als halbhundert Rollen. Die Berliner Bühne des Wiener Dichters griff, offenbar um einen
847 1758 2498 1846 Ersatz zu bieten, auf dessen Opus Eins zurück, den Einakter=Zyklus „Anato!". Einzelne der
841 1823 2491 1884 zu einem Kranze von parfümierten Schäferstunden gebundenen Szenen waren früher schon hier
841 1861 2496 1949 aufgeführt worden, und von den sieben Intimitäten ließ man auch jetzt zwei fort. Man kann
839 1917 2491 1993 es kaum mißbilligen, daß der leichte Gedanke dieser Capriccios nicht noch durch ein größeres
839 1966 2494 2033 Gewicht der Akte belastet wurde — so sicher der anmutige Geist die Zuschauer lockte und reizte.
961 2012 2502 2090 Es besteht einige Verwandtschaft zwischen dem Hofmannsthalschen Jüngling, der vor dem
830 2050 2502 2147 Tode bekennt, alles erlebt und doch nicht gelebt zu haben, und dem Schnitzlerschen Lebeknaben.
841 2100 2502 2193 Doch hält sich die Nachdenklichkeit Schnitzlers im Hintergrunde, vor schiebt sich die tändelnde
833 2142 2494 2237 Lustspielkaune und die Früherfahrenheit der damals jungen Dichters. Der Verfasser des „Anatol
835 2203 2496 2288 ist ein ins Wienerische übersetzter Guy de Maupassant. Ein Maupassant mit einem Schuß Weich¬
833 2248 2485 2348 lichkeit, Sentimentalität, Philosophie. Seine Hand übte, gleich jener des graziösesten Zynikers
833 2300 2519 2403 von Paris, die Kunst des feinen Stricheln, und seine Lippen kräuselte der Spott. Dass
822 2334 2494 2437 was Schnitzlers Jugendfünde: den Zyklus der Weibergeschichten, heute noch einem ernsten männ¬
824 2386 2485 2491 lichen Betrachter wert macht, dem das Gegenständliche der Affären geringfügig scheint. Un¬
828 2447 2481 2538 freut auch dieser direkt aus den Lebensquellen bezogene sexuelle Witz, der sich durchaus nicht
833 2494 2485 2584 zotig gebärdet. Das bißchen Seele der Weibtierchen ist sauber präpariert, und hundert bunte,
826 2548 2487 2620 drollige Merkmale der Gattung sind gesammelt. Aber Anatol selbst, der unnütze Held des melan¬
830 2588 2481 2679 cholischen Leichtsinns, wirkt fast ärgerlicher als amüsant. Man braucht kein Sozialdemokrat zu
833 2632 2483 2729 sein, um die Existenz solcher Luxusgewächse als soziales Unrecht zu empfinden. Luxus- und Zier¬
824 2700 2485 2771 pflanze: das ist mitunter nämlich zweierlei; die Zierpflanze, die wir uns nicht knicken lassen
826 2750 2477 2824 möchten, bringt wohltätige Schönheit in die Welt... Immerhin ist an der Gestalt des Anatol
822 2790 2477 2872 die große Aufrichtigkeit seines jungen Dichters bewundernswert; und wer sehr aufmerksam horcht,
822 2845 2473 2927 vernimmt sogar leise Anklänge an die erschütternde Musik, die in Rausch und Freude das Leid
818 2895 2473 2967 des von der Sehnsucht ewig betrogenen Don Juan ausspricht. Ein sehr verweichlichter, deka¬
818 2935 2470 3040 denter Don Juan, dieser Anatol! Daß auch er bis zu einer gewissen Grenze an Tragik heran¬
822 2992 2161 3072 reifen konnte, hat Schnitzler später in seinem Meisterwerk „Liebelei“ bewiesen.
934 3040 2479 3118 Der Anatol wurde von seinem Darsteller irrtümlich als komische Figur gegeben. Er ist
814 3074 2477 3171 eine von Selbstironie und Mitleid geschaffene, übrigens realistische Gestalt. Herr Heinz Monnard
816 3145 2466 3215 wollte vielleicht anders, als er konnte. Mehrere auffällige Verstöße, die aber doch seiner Auf¬
814 3179 2477 3271 fassung anzukreiden sind, hätte übrigens die Regie verhüten sollen. Mit einem komischen Effekt
818 3238 2479 3305 zerstörte der Schauspieler im Einakter „Weihnachseinkäufe" den Ausklang einer leisen, lyrischen
818 3282 2470 3368 Stimmung, und im Schlußakte: „Anatols Hochzeitsmorgen", machte er mit einer riesigen Glatze
809 3326 2466 3410 den Anatol zu einem jungen Greise, Typ „Fliegende Blätter... Reizend war die Abwechselung
809 3377 2466 3461 der fünf Frauentemperamente in den fünf Stücken. Die Damen Somary, Sussin, Herterich
807 3431 2464 3520 und Triesch gaben zusammen „das süße Mädel, und Fräulein Lossen brachte als distinguierte
816 3478 2466 3566 Frau in die lockere Atmosphäre einen feinen Hauch von der Lebenssehnsucht unfreierer Menschen.
814 3530 2466 3616 Emanuel Reicher hatte in der Rolle des Freundes Max die Aufgabe, mit taktvollem Humor
807 3566 2245 3677 und Verstand den Maskenzug zu begleiten. Seine Intelligenz macht das vorzüglich,
