3436 4256
234 219 772 314 4.9. Anatol
1358 223 1715 314 box 9/3
888 223 1179 315 Zyklus
893 1469 1388 1558 des Betrag ge¬
882 1602 1239 1726 22. Dez. 1925
412 1715 1347 1794 Münchner Residenztheater: Gustav Waldau als Anatol
416 1753 1537 1834 Neben dem spannenden Dramolet „Der grüne Kakadu" hat Artur
363 1813 1537 1874 Schnitzler als Dramatiker es nicht sonderlich weit gebracht, denn von
366 1855 1536 1910 seinen Stücken fristen höchstens die dramatischen Dialoge wie „Der
357 1889 1537 1944 Schwierige“ u. a. auf der Bühne ihr Dasein; alles andere ist verdienter¬
363 1925 1537 1991 maßen verschwunden und vergessen. Auch der fünfteilige Zyklus
372 1961 1536 2019 „Anatol“ ist nichts anderes als ein an der Grenze der Langeweile
368 1995 1537 2053 stehender, da und dort bunt schillernder Dialog, der von der subtilen
372 2030 1536 2097 psychologischen Skizze „Weihnachtseinkäufe zum schwankartigen „Hoch¬
366 2074 1537 2127 zeitsmorgen führt. Liebenswürdiger Charme, Frivolität, Dekadenz,
372 2114 1539 2157 Leichtsinn, Wankelmut und Charaktersschwäche, von dem aromatischen
374 2136 1549 2195 Pathos der ewig lustigen Kaiserstadt Wien durchweht, feiern in dem
374 2176 1545 2229 Presto eines trefflicheren, beschwingten Dialogs ware Orgien. Und
372 2217 1543 2263 Anatol, der „verfluchte Kerl, eine typische Wiener Verfallgestalt, steht
399 2246 1541 2300 der Mitte. Vor mehr als einem Jahrzehnt hat Gustav Waldau damit
431 2283 1545 2336 en Ruhm begründet, als er am Münchner Schauspielhaus seinen
391 2314 1541 2378 g zur Höhe zu nehmen begann. Heute gibt Waldau den hilflosen,
385 2351 1541 2404 mmer unterliegenden Schwerenöter gereifter als Gestalt, vertiefter als
391 2385 1541 2442 in der Autor selbst gezeichnet. Aus diesem Anatol klingt jener leicht
391 2425 1537 2482 ragische Ton, der den inneren Reichtum Waldaus als echten Menschen
385 2461 1541 2510 darsteller vor allem auszeichnet und seine Gestalten zu Menschen wandelt
391 2495 1547 2550 in Stück subtil differenzierten Menschentums wurde lebendig in dem
385 2529 1547 2597 Zwiegespräch „Weihnachtseinkäufe zwischen Herta von Hagen
385 2563 1554 2614 Gabriele) und Gustav Waldau (Anatol). Es war ein in sanftes
389 2603 1541 2669 Moll abgestimmtes Duett, das von ungestillter Sehnsucht, von Liebes
395 2635 1554 2691 ust und leid erklang. Und das folgende „Abschiedssouper", in dem
391 2665 1547 2731 bilde Herterich (Annie) in ihrer außerordentlichen Wandlungsfähig¬
385 2710 1549 2763 keit von der großformatigen Tragödin zum unnachahmlichen Humor einer
389 2744 1558 2807 Vorstadt=Wienerin verdiente Triumphe feierte, klang wie ein hinreißendes
408 2850 1579 2920 Fermate aus. Aus der Reihe der begleitenden Instrumente dieses tönen¬
412 2897 1579 2954 den Abends trat Karl Graumann (Max) als Skeptiker und Ver¬
414 2928 1585 2994 reter des gesunden Menschenverstandes angenehm diskret hervor. Alte
412 2967 1583 3039 und neue Weisen von Mozart über Lanner zu Johann Strauß, von einem
412 2999 1571 3058 unsichtbaren Kammerorchester gespielt, verbanden die Anatol-Bilder
410 3037 1585 3103 Das dichtbesetzte Haus raste und rief seine Lieblinge ungezählte Male
419 3075 1592 3128 vor die Gardine Merkwürdig, wie ein leichtes, leichtes Nichts nur durch
416 3111 1585 3184 die geheimnisvolle Macht der Gestaltung im Lichte der Rampen die
1237 3145 1585 3211 Dr. Eduard Scharrer.
416 3158 973 3226 Menschen zu entflammen vermag.
2087 1039 2291 1122 Aus
1872 1088 2623 1188 Stuttgarter Neues Tagblatt
2246 1252 2608 1339 22. Dez. 1925
2861 1362 3322 1418 Schauspielhaus zei¬
2852 1394 3326 1456 rinagas die Regiekunst
2021 1392 2635 1496 Münchener Theater
2858 1435 3353 1494 Höhe, die vor allem bei der
1896 1449 3330 1537 Mein heutiger Bericht müßte einen Trauerrand Revisor ins hellste L
2865 1517 3334 1566 hört zu den wenigen Dra¬
1815 1513 2837 1573 tragen, denn wenige Tage nachdem ich über Mohr¬
1821 1554 3326 1611 „Ramper und die erschütternde Wirkung des Vorspiels altern, und die wir trotz
2867 1590 3322 1651 dung der deutschen Büle
1819 1600 2831 1649 mit Richard Kellerhals als Maschinist berichte
2869 1632 3320 1681 Freude begrüßen. Und es
1821 1638 2833 1694 hatte, ist dieser große Künstler freiwillig aus dem Leben
1819 1672 3319 1723 geschieden und hat damit nicht nur das Münchener spüren, wie aktuell diese
1819 1709 3334 1762 Staatstheater, sondern die deutsche Bühne überhaupt uns, die wir die Inflatio
1819 1747 3334 1815 eines Darstellers beraubt, dessengleichen auch wir Aeltesten dringen der Schieher und
1819 1789 3328 1842 nur wenige gesehen und dessengleichen sobald wohl auch anscheinend gesichertsten
1828 1830 3332 1885 nicht wiedererstehen wird. Außerhab Münchens verhält¬ Während man früher mi¬
1830 1862 3341 1921 nismäßig wenig bekannt, war und ward er in den letzten Wohlgefallen an den Kor¬
1830 1908 3334 1968 Jahren für uns hier immer mehr ein Inbegriff ganz dunkelsten Rußland siche¬
1828 1944 3332 2004 großer Kunst, dieser dämonische Komiker, über dem in sinnlicher Zuschauer plötz¬
1834 1985 3336 2040 Leben wie aus der Bühne ein Schleier tiefer Melancholie, zu den Erlebnissen der jü
1830 2023 3330 2078 gebreitet lag. Ein ganz Einsamer, der gar nichts von sich die alte Erfahrung wieder
1834 2068 3336 2115 her machte und der niemand zu lieb und niemand zu leid menschlichen Wahrheiten
2878 2098 3341 2163 Zeiten aktuell und wirksam
1834 2110 2846 2155 Menschen bildete, die sich in das Herz und in das Ge¬
1828 2138 3332 2195 dächtnis eingruben. Wohl weniger eigene Neigung, als Darstellung der großen A
1834 2183 3326 2233 der Spielplan der Staatstheater drängte ihn fast aus bei der Aufführung im
1840 2225 3319 2280 schließlich auf das Gebiet grotesker Komik, aber wieviel grimmig groteske Humor
1834 2255 3334 2314 weiter und tiefer seine Kraft reichte, das ward gerade in einen dämonischen Reiz
2878 2300 3343 2357 tanen Art des Beifalls,
1828 2300 2843 2351 den letzten Monaten seines Lebens offenbar. Wer seinen
2875 2331 3337 2391 Die Träger der Hauptroll¬
1834 2336 2843 2387 Prinzen Samasthanka in Vasantasena gesehen, die
1830 2370 3332 2427 Mienenspiel, das in wenigen Sekunden alle Phasen von Forster-Larrinaga als fal
1840 2414 3334 2472 spielender Kindlichkeit bis zur düsteren Vergreifung rungen einer schon an de
1836 2452 3330 2508 durchlief, der erlebte eine Wanderung durch Inferno, die mit erschreckender E
1830 2487 3307 2544 Und wer das Glück hatte, ihn noch in seiner letzten Rolle meierkostüm zum Trotz¬
1836 2535 2982 2586 im „Ramper zu sehen, der ward von dumpfen, seligen sahen.
2941 2552 3341 2623 Gerade das Gegent¬
1836 2574 2854 2633 Schauern überrieselt, wie sie nur selten im Rampenlicht
1834 2606 3334 2663 und zwischen gemalter Leinwand wach werden. Den Vor=Schnitzlers Einakter
1834 2644 3334 2705 lust nur einigermaßen wieder einzubringen, müßte das Residenztheater un
1840 2684 3320 2739 Staatstheater ganz außerordentliche Anstrengungen aus langem Bühnenschlaf
2882 2722 3334 2782 lich sympathisch und feel
1830 2729 2848 2780 machen, die vielleicht am ehesten zum Ziel führen würden
1834 2759 3317 2814 wenn es ihm gelänge, von den beiden schwer um ihre Helden hinstellte, dieser
1834 2803 3326 2863 materielle Existenz ringende, aber künstlerisch jetzt auf leichtsinnigen, nichts als
1845 2841 3328 2897 einer sehr hohen Stufe stehenden Privatbühnen einige Lebemannes, ist nicht zu¬
2882 2886 3339 2926 ten und guten Seiten und
1843 2886 2852 2937 Kräfte hinüberzuziehen, wie ja denn auch Kellerhal¬
1845 2920 3339 2982 seinerzeit von den Kammerspielen kam. Es ist wirklich Erschütterungen des groß
2882 2956 3343 3011 Man sollte ihn nicht — aus
1836 2963 2848 3009 eine Freude, den künstlerischen Wetteifer des Schauspiel¬
1845 2997 3339 3056 hauses in der Maximilianstraße und der Kammerspiele in aufleben lassen. Waldaus
1840 3035 3330 3094 der Augustenstraße zu verfolgen, sowohl in der Repertoir, menschlich so vertieft, daß
1834 3069 3337 3137 bildung, wie in den Leistungen der Darsteller Bede ver¬ agiert, gut ist, man mag
1843 3111 3337 3175 fügen über eine Schar jugendlicher, vielseitig begabter wenig aufdringlich ist, daß
1843 3152 3337 3207 Kräfte, die bei dem durch die Verhältnisse gebotenen kommt, zu scheiden, was au
2884 3190 3326 3237 stellers Eigentum ist, schuf
1845 3196 2854 3251 raschen Wechsel des Spielplans sich in Rollen aller Ar¬
1836 3228 3343 3313 zu erproben und zu bewähren Gelegenheit haben. Im bessern Sache würdig ge¬
