3436 4352
1377 179 1732 282 box 9/5
841 192 1142 292 Zykle
266 201 897 310 4.9. Anatol
316 448 1111 562 Die Soubrette Olly Gebauer gestorben.
395 531 1431 631 Gestern früh ist in einem Wiener Krankenhaus die bekannte
304 578 1429 662 Soubrette Olly Gebauer, 27 Jahre alt, einem schweren Leiden
304 627 1434 703 erlegen. Die blonde, graziöse Künstlerin begann ihre Laufbahn
307 662 1434 751 als Girl im Johann=Strauß=Theater und fiel zum erstenmal auf,
304 710 1428 794 als sie dort in einer Nachmittagsvorstellung die Franzi im
304 744 1425 825 „Walzertraum“ sang. Dann engagierten sie die Brüder Schwarz
304 787 1425 880 für eine Stadttheaterrevue, von dort ging Fräulein Gebauer nach
307 826 1422 914 Berlin und sang die Adele in der „Fledermaus" sowie die Pepi
301 872 1419 960 im „Wiener Blut, mit lebhaftem Erfolg. Vor einiger Zeit drehte
301 908 1416 1002 sie einen großen Film in Spanien und trat in der vorigen Spiel¬
295 960 1425 1033 zeit in der Komödie und im Bürgertheater als Hauptdarstellerin
296 1002 1413 1082 in einigen Revuen von Farkas und Grünbaum auf. Im Theater
289 1039 1413 1130 an der Wien bewies sie in einer Matinee durch die Darstellung
282 1080 1415 1151 der Anny in Schnitzlers „Abschiedssouper, daß sie auch eine be¬
289 1129 1407 1208 gabte Schauspielerin ist, der insbesondere Figuren voll wieneri¬
289 1158 1409 1250 scher Leichtlebigkeit vortrefflich lagen. Das frühe Ableben Olly
286 1203 1407 1291 Gebauers, die dank ihrer natürlichen Liebenswürdigkeit bei ihren
282 1244 1412 1341 Kollegen ebenso beliebt war wie beim Publikum, wird lebhaftes
274 1283 684 1346 Bedauern hervorrufen.
568 1761 1242 1865 Moment-Magazin, Wien,
974 1961 1146 2063 7.
426 2096 1604 2236 Wie wird man entdeckt?
461 2276 1209 2347 Ihre telephonische Anfrage, verehrte
430 2333 1206 2386 gnädige Frau, gilt, wie Sie sagen, zunächst
424 2373 1205 2414 dem Fall der kleinen Maria Kra-
424 2414 1205 2449 mer, die jetzt über Nacht plötz¬
427 2448 1192 2496 lich ein Burgtheaterstar ge¬
430 2492 1206 2537 worden ist. In Theaterkreisen hat der
427 2524 1197 2574 große plötzliche Erfolg der jungen Schau¬
424 2570 1200 2614 spielerin eigentlich nicht überrascht, man
427 2605 1203 2655 erwartete von dem scheinbar etwas spitzen,
418 2646 1196 2691 aber sehr beweglichen und anmutigen Ta¬
427 2680 1199 2735 lent der jungen Schauspielerin immer et¬
424 2724 1193 2768 was Besonderes und Ungewöhnliches. Ent¬
420 2756 1197 2813 deckt aber wurde Maria Kra-
424 2800 1196 2853 mer eigentlich schon vor jetzt
424 2835 1202 2888 ungefähr drei Jahren, als sie zum
421 2875 1190 2922 erstenmal die kleine Rolle der
424 2917 1175 2966 Cora in Schnitzlers „Anatol
427 2956 1199 3010 spielte (die Kramer war fast direkt von
424 2997 1200 3038 der Schauspielschule ans Burgtheater ge¬
418 3033 1192 3080 kommen, aber zunächst nur in ganz win¬
420 3071 1199 3121 zigen Rollen beschäftigt worden). In
418 3108 1193 3157 „Anatole stellte sie die neue Direktion
418 3143 1192 3202 Röbbeling — Röbbeling ist überhaupt ein
417 3186 1196 3231 besonderer und eifriger Förderer möglichst
421 3226 1197 3274 junger Mitglieder — heraus. Wie man im
418 3265 1189 3311 Burgtheater erzählt, war es wie so oft
412 3300 1192 3353 eigentlich ein Zufall, und zwar der Zu¬
417 3339 1183 3394 fall einer durch eine andere Rolle ver¬
415 3381 1190 3432 hinderten älteren Kollegin, der
414 3416 1189 3471 der kleinen Kramer die Cora Schnitzlers
418 3462 1189 3507 verschaffte. Aber damals schrieben die
426 3493 1186 3551 Wiener Kritiker zum erstenmal ein oder
414 3543 1189 3587 zwei Sätze über Maria Kramer. Und von
414 3570 1196 3644 diesem Tag an hatte sie das, was man im
427 3603 966 3660 Theaterleben ein Profil nennt.
2214 1101 3196 1186 as Wahlreformgesetz jeder von einen Wähler
2206 1175 3195 1247 entbunden werden sollen. Aber noch in einem
2206 1222 2605 1286 anderen Sinne...
2292 1268 3202 1334 Ich fange an, noch weniger zu begreifen, als
2203 1315 2357 1394 früher!
2305 1346 3199 1419 Sprechen wir also ohne Vergleiche, trocken und
2200 1406 3201 1475 deutlich. Die Sache ist gar nicht schwierig, wie es
2209 1459 2644 1538 sich gleich zeigen wird.
2292 1556 3208 1626 Jedermann, der heute Wähler ist für das Ab¬
2206 1614 3198 1679 geordnetenhaus des Reichsrathes, wählt, falls er
2200 1661 3202 1726 das Glück hat, ein landtäflicher Großgrundbesitzer
2471 1770 2954 1871 Eine Liebesheirat.
2303 1831 3208 1918 Der Gerichtssaal ist bekanntlich auch eine Art
2203 1897 3206 1961 Bühne, ein wunderlicher Guckkasten, darin in bunter Fülle
2197 1950 3208 2008 Lebensbilder vorübergaukeln, die zwar nicht künstlerisch
2206 1997 3205 2062 abgetönt, dafür aber das Gepräge voller Wahrhaftigkeit
2206 2047 3209 2107 tragen. Jedes Lebensbild ist natürlich ein Einzelfall, aber
2203 2090 3202 2154 es birgt gewöhnlich auch typischen Gehalt in sich; es
2203 2129 3324 2195 wirft ein scharfes Schlaglicht auf bestimmte Gesellschafts=Kind
2217 2179 3318 2245 schichten und enthüllt deren intimste Anschauungen und arti¬
2209 2228 3324 2292 Empfindungen. Solch ein Fall hat sich dieser Tage vor der
2209 2272 3324 2345 einem hiesigen Bezirksgerichte abgespielt, ein Fall, der alle greif¬
2212 2327 3327 2380 Elemente eines bürgerlichen Familiendramas aufweist. Da licher
3239 2369 3325 2430 ein.
2206 2374 3205 2432 lebt in einer mährischen Fabriksstadt ein reicher Fabrikant,
3245 2416 3328 2474 verle
2206 2420 3205 2479 der Wohlhabendste in seinem Ort. Er hat einen voll¬
3245 2461 3325 2518 Uebe
2212 2465 3208 2530 jährigen Sohn, der bereits die Geschäfte des Hauses leitet.
2209 2514 3208 2570 Dieser junge Mann verliebt sich in ein armes, schönes
3242 2556 3324 2612 sein
2214 2559 3209 2625 Mädchen, in die Tochter eines Schusters. Er findet Gegen¬
3242 2602 3330 2661 Mes¬
2212 2609 3205 2659 liebe. Die Eltern betrachten anfangs die Sache als Liebele
3248 2647 3334 2715 betra¬
2206 2658 3211 2715 und haben dagegen nichts einzuwenden. Es ist ja für
2209 2693 3317 2757 einen jungen Mann ersprießlich, wenn er, bevor er eine zu
2217 2756 3215 2810 standesgemäße Ehe eingeht, sich ein klein wenig austobt.
2214 2797 3212 2853 Und hiefür sind ja die Töchter der Proletarier gut genug
3243 2837 3328 2897 Fabi
2216 2838 3214 2897 Aber der Fabrikantenssohn gehörte nicht unter die
2217 2887 3214 2948 Kategorie jener großstädtischen jungen Lüstlinge, wie
3242 2916 3330 2986 Si
2214 2935 3212 3000 sie Arthur Schnitzler dert. Er war kein Anatol,
3249 2979 3327 3042 Schl
2212 2982 3215 3042 er suchte nicht „Sensationen" zu sammeln, nicht
2212 3033 3215 3096 Futter für seine Nerven. Er hatte das Herz am
3248 3076 3331 3135 jagte
2214 3077 3211 3138 rechten Fleck. Er huldigte der altfränkischen Anschauung,
2214 3126 3214 3179 daß man ein Mädchen, welches man liebt und dem man
2212 3180 3217 3230 die Ehe versprochen, auch dann heiraten müsse, wenn es
2209 3199 3324 3281 arm, wenn es eine Schusterstochter ist. Er machte auch nam
2212 3264 3321 3328 aus dieser ehrenhaften Absicht kein Hehl. Daraufhin allge¬ Bre¬
2212 3300 3312 3369 meines Entsetzen und Entrüstung im väterlichen Hause! inti¬
2985 3381 3311 3453 Hiezu ein Ei
