3436 4256
278 195 734 298 4.9. Ana¬
859 199 1121 278 Zykl
798 254 901 303 .
1388 195 1746 287 box 9/3
1101 950 1352 1053 en
1264 1010 1674 1097 der
2036 1045 2139 1112 Stadt
1209 1064 2007 1133 Theater in der Josefstadt. In der Kunst
2039 1100 2135 1165 Män
1171 1120 2007 1171 nach Notwendigkeit zu fragen, ist sonst nicht
1180 1149 2142 1228 üblich, aber bei der Wiederaufführung des Konze
1180 1200 2143 1275 Schnitzlerschen Einakterzyklus „Ana¬
1180 1251 2139 1315 tol“ im Josefstädtertheater geht ein ewiges volle
2042 1295 2138 1356 unter
1183 1296 2007 1351 „Warum nur nicht aus dem Sinn. Hier und
1180 1339 2147 1404 dort munkelte man, daß es ein Versuch verfaß
1183 1387 2145 1443 werden sollte, Reinhardts Künste an echtestem eben
1177 1430 2018 1486 Wienertum zu erproben. Wie seltsam! Daß
2046 1440 2149 1503 Aussi
1180 1478 2007 1526 Reinhardt den Wiener Ton nicht trifft, wel¬
2047 1491 2145 1553 Zuseh,
1088 1517 2019 1577 Tat man längst, und die Regie führt ja Pau¬
1184 1541 2135 1616 Kalbeck, der lange genug mit Wien ver¬
1185 1586 2138 1654 bunden. Uebrigens kommt es ja gar nicht Tond
1185 1656 2151 1716 darauf an, denn mit dem Wienertum der Kenn¬
1085 1693 2147 1759 nde Stücke ist es auch nicht so weit her. Ein Leben
1183 1729 2147 1813 wenig gebrochener Mille, ein wenig Rühr¬ Wahr
1192 1773 2150 1836 seligkeit, ein wenig Lustigkeit in einer Schli¬
1192 1824 2030 1880 näselnden Aristokratengesellschaft von Nichts¬
2055 1835 2150 1892 Gera.
1189 1875 2019 1916 tuern und anderen Geistreichen, wenn das
2047 1883 2150 1940 unab¬
1189 1908 2023 1986 allein Wien ist, dann war Judas der ehr¬
1189 1938 2149 2010 lichsten einer. Warum dann nur? Um Ziele
2055 1984 2150 2044 War¬
1195 1999 2026 2071 Waldau wieder glänzen zu lassen? Auf¬
1197 2046 2027 2097 Haar sah man ihn so im „Schwierigen“, was
2058 2082 2161 2141 ihn i.
1090 2085 2026 2147 ter durchaus kein Tadel ist. Hat der Künstler
1093 2126 2155 2201 ren auch eher Münchner als Wiener Blut in den daß
1197 2177 2158 2228 Adern, bewundert man ihn restlos, mehr Rütte
1088 2230 2030 2289 and noch als seinerzeit Kramer im Volkstheater
2063 2228 2139 2282 nach
1205 2266 2027 2317 Waldau ist ganz einzig. Von seinen fün
2058 2270 2146 2329 reine
1086 2278 1172 2352 am
1204 2308 2159 2373 Abenteuern trifft Adrienne Geßner alleine
1197 2349 2038 2401 die richtige Note, ihre echte, über rudelnde
2059 2372 2165 2437 gewät
1207 2393 2032 2449 Heiterkeit steht auf einer Höhe mit der stillen
1077 2391 1172 2471 den.
1204 2437 2040 2491 Komik Waldaus. Dann sind da noch Lola
1204 2481 2044 2542 Urban=Kneidinger, einfach und lieb,
1209 2527 2040 2579 Maria Fein, die sozusagen mit vollendeter
1097 2559 1179 2622 des
1203 2571 2038 2624 Routine auf die Welt der Bretter kam und
1078 2599 1184 2667 Nein,
1219 2612 2047 2689 seither bis zum heutigen Tag durch keinerlei
1804 2658 2039 2725 dann Frau
1090 2662 1721 2721 ord Entwicklung erfreut hat
1090 2690 1177 2750 tual-
1209 2693 2040 2775 Hagen, die ihre Verurteilung zu nasser
2067 2719 2174 2770 Holm
1102 2745 2040 2794 und Sentimentalität mit seinem Anstand hin¬
2075 2762 2151 2810 über
1090 2781 1177 2842 Mit
1205 2790 2178 2850 nahm, und Frau Terwin-Moissi, die paral
1109 2830 2181 2914 Ja, laut in die Stille hereinplatzt, ohne das er¬ Norn
1951 2877 2187 2941 Herr 1.06
1213 2881 1899 2930 regte Aufsehen zu rechtfertigen.
1085 2921 2054 2993 tiefen Rainer, diesmal am richtigen Platz, war
1207 2966 2054 3029 ein begrüßenswerter Begleiter auf Anatols
1901 3012 2016 3088 w. a.
1209 3013 1763 3089 verschlungenen Liebespfaden.
2109 3029 2198 3117 In
