3436 4256
1472 164 1816 261 box 9/1
988 173 1298 274 Zyklus
360 174 878 284 4.9. Anatol
460 370 874 447 Ausschnitt aus:
932 407 1449 505 Arbeiter-Zeitung,
732 431 895 510 31.
460 473 612 530 vom
487 560 1550 660 Sauberdenton einer klerikalen Kritien der
443 617 1555 727 Salzburger Chronik wird unter „Anatolgender¬
443 689 771 754 maßen kritisiert":
604 722 1553 785 So gern wir unser unnenmitgliedern noch zwei
478 775 1555 818 Monate Spielzeit gegönnt hätten — aber dieses freche
484 812 1550 864 Geschmuse eines sexuellen Hochstaplers
484 851 1553 896 paßt in die ernste Kriegszeit wie das Grunzen eines
484 885 1553 926 Ebers in den Konzertsaal. Es ist unglaublich, daß in
484 921 1556 966 unserer doch immer noch deutschen Stadt ein so seichtes,
585 956 1556 1005 chamlos schmutziges Dirnenstück ge¬
484 968 1556 1046 spielt werden darf; es ist unverantwortlich, daß deutsche
490 1036 1553 1079 Mütter der Stadt und Umgebung ihre Töchter zu solchen
487 1069 1553 1121 Verherrlichungen der gemeinsten Sinn¬
487 1111 1549 1159 lichkeit führen; es ist geradezu ein Skandal,
484 1146 1547 1193 daß sich in allen zuständigen Stellen auch nicht ein deutscher
487 1183 1549 1233 Mann findet, der solchen nicht einmal graziösen, sondern
487 1221 1556 1269 orientalisch=gemeinen Unzuchtsszenen
487 1258 1553 1302 ein kräftiges Veto entgegensetzt. Von dem Intendanten
478 1295 1555 1338 des Theaters solch eine deutsche Mannestat zu erwarten
478 1330 1555 1372 wird man ganz besonders nach den Erfahrungen der
484 1363 1553 1423 heurigen Spielzeit wohl unterlassen, obwohl hier sein Wort
487 1406 1550 1455 am Platze gewesen wäre: „Das Stück ist zu roh und zu
487 1440 1550 1495 gemein und paßt in die Kriegszeit nicht hinein.“ Die Spiel¬
481 1480 1553 1535 zeit hat also einen Schluß erhalten, der Widerwillen
487 1515 1553 1563 und Ekel bei gesund fühlenden und vernünftig denkenden
487 1555 1552 1597 Menschen erwecken muß. Welche deutsche Mutter möchte wohl
487 1596 1557 1646 eine Schnitzlersche Ilona zur Tochter oder den Lumpen
484 1623 1553 1676 Anatol zum Sohne haben? Sie stehe auf! Aber ich wette:
484 1664 1553 1719 es meldet sich keine. Gelacht haben manche über die Schnitzlerei,
487 1702 1559 1747 aber in ihrer Familie möchten sie niemanden von dem Ge¬
490 1729 1566 1787 sindel haben, das sich da zweieinhalb Stunden auf unserer
492 1783 1008 1839 Bühne breitmachen durfte...
565 1784 1559 1876 Der Verfasser dieser Kritik ist jener Herr Ehrhardt,
451 1863 1566 1916 den wir unseren Lesern während der Verleumdungskampagne
448 1910 1567 1963 wider den verunglückten Genossen Franz Silberer wiederholt
460 1960 1062 2036 und ausreichend vorgestellt haben.
515 2050 928 2157 A
531 2027 1647 2230 von der Salzburger Wacht Salzburg
552 2207 931 2291 e
571 2251 1559 2351 auherdenton einer klerikalen Kritik. Die gestrige
547 2325 1563 2380 „Arbeiter=Zeitung" schreibt: In der „Salzburger Chro¬
560 2377 1553 2435 nik wird Schnitzlers „Anatol“ folgendermaßen kritisiert
657 2432 1555 2481 So gern wir unseren Bühnenmitgliedern noch zwei
585 2477 1559 2537 Monate Spielzeit gegönnt hätten — aber dieses freche
594 2521 1559 2581 Geschmuse eines sexuellen Hochstaplers paßt in die ernste
594 2579 1559 2634 Kriegszeit wie das Grunzen eines Ebers in den Kon¬
594 2619 1556 2687 zertsaal. Es ist unglaublich, daß in unserer doch immer
591 2674 1552 2728 noch deutschen Stadt ein so seichtes, so schamlos schmut¬
585 2718 1556 2779 ziges Dirnenstück gespielt werden darf; es ist unverant¬
594 2765 1556 2831 wortlich, daß deutsche Mütter der Stadt und Umgebung
591 2822 1553 2891 ihrer Töchter zu solchen Verherrlichungen der gemein¬
597 2865 1559 2922 sten Sinnlichkeit führen; es ist geradezu ein Skandal,
591 2916 1560 2969 daß sich in allen zuständigen Stellen auch nicht ein
594 2961 1550 3021 deutscher Mann findet, der solchen nicht einmal graziö¬
594 3011 1563 3071 sen, sondern orientalisch=gemeinen Unzuchtsszenen ein
594 3063 1559 3111 kräftiges Veto entgegensetzt. Von dem Intendanten des
592 3109 1559 3160 Theaters solch eine deutsche Mannestat zu erwarten
594 3156 1559 3208 wird man ganz besonders nach den Erfahrungen der
597 3205 1566 3259 heurigen Spielzeit wohl unterlassen, obwohl hier sein
591 3256 1560 3313 Wort am Platze gewesen wäre: „Das Stück ist zu roh
591 3303 1560 3355 und zu gemein und paßt in die Kriegszeit nicht hin¬
594 3355 1553 3406 ein.“ Die Spielzeit hat also einen Schluß erhalten, der
597 3402 1553 3457 Widerwillen und Ekel bei gesund fühlenden und ver¬
591 3446 1560 3503 nünftig denkenden Menschen erwecken muß. Welche
591 3497 1560 3553 deutsche Mutter möchte wohl eine Schnitzlersche Ilona
591 3547 1556 3603 zur Tochter oder den Lumpen Anatol zum Sohne ha¬
591 3594 1556 3653 ben? Gelacht haben manche über die Schnitzlerei, aber
591 3642 1553 3706 in ihrer Familie möchten sie niemanden von dem Ge¬
594 3692 1559 3750 findel haben, das sich da zweieinhalb Stunden auf un¬
595 3747 1213 3800 serer Bühne breitmachen durfte...
610 3793 1555 3856 Der Verfasser dieser Kritik ist jener Herr Eckhardt,
550 3824 1555 3906 den wir unseren Lesern während der Verleumdungs¬
550 3884 1563 3954 kampagne wider den verunglückten Genossen Franz Sil¬
552 3930 1483 3986 berer wiederholt und ausreichend vorgestellt haben.
2367 894 2668 961 Bug, PG.
2284 936 2765 999 (Quellenangabe ohne Gewähr.)
2554 991 2849 1093 Reichspost
1973 1006 2381 1093 Ausschnitt aus:
2188 1049 2959 1173 Nachmittagsausgabe
1970 1119 2121 1168 vom
2534 1138 2798 1213 Wien
2080 1169 3125 1255 Die „Tragische". Ein „häufiger Leser schreibt uns:
1983 1231 3119 1298 Das mit dem „tragischen Konflikte", von dem gestern die „A.=Z."
1989 1276 3121 1345 redete, hat seine Richtigkeit. Beweis sogleich. In der gleichen
1993 1328 3128 1406 Nummer, Seite 5, Spalte 1, warnte sie mit berechtigter sitt¬
1990 1378 3125 1449 licher und literarischer Entrüstung vor dem Machwerk eines
1989 1430 3126 1499 Romans „Tönender Schall"), den der Verlag auf dem Wasch¬
1986 1469 3115 1545 zettel in eindeutiger Weise allen Liebhabern sexuell Stoffe
1986 1527 3119 1589 mit folgendem Satze: „Gegen diese Berpestung
1986 1575 3118 1640 der Gehirne mit Lesedreck gibt es nur ein Mittel: den
1984 1620 3115 1686 Selbstschutz. Wer ernstlich an sich und seiner Klasse arbeitet,
1986 1672 3112 1743 wie es der Proletarier, der klassenbewußte Arbeiter soll und
1986 1716 3129 1777 muß (nur der ?), der wird solche Romane weiden, indem er¬
1976 1760 3116 1829 eine Presse verjagt, die den Geist solcher Romane
1976 1817 3112 1871 pflegt. Bravissimo! rief ich aus, wie ein begeisterter Zuhörer
1981 1857 3105 1924 Dr. Battistis, als ich das gelesen hatte. Bravissimo!
1970 1906 3112 1964 Und noch einmal: Bravissimo! Aber da stört mich
1970 1954 3105 2008 etwas mitten im Applaus. Mein Blick schweift über die zweite
1976 1997 3109 2056 Spalte derselben Seite und stößt an eine Notiz, die überschrieben
1967 2037 3113 2106 ist mit „Sauherdenton einer klerikalen Kritik". Warum das?
1976 2096 3103 2163 Ich lese. Das Urteil der Ueberschrift gilt einem Provinzblatt,
1967 2140 3105 2205 das sich in ähnlich scharfer Weise (wenn auch nicht ganz so
1967 2190 3105 2250 scharf) wie die „Arbeiter=Zeitung" gegen den erwähnten Roman,
1970 2241 3103 2320 über die Aufführung des Schnitzlerschen Anatol" auf der
1963 2288 3102 2350 dortigen Stadtbühne geäußert hatte. Denn „Anatol“ ist noch
1964 2337 3101 2402 viel eindeutiger und greller und, weil in dramatischer Form,
1964 2387 3102 2445 unvergleichlich, wie sage ich nur, pädagogisch wirksamer
1966 2438 3086 2497 als der „Lesedreck", von dem die „Arbeiter=Zeitung
1967 2474 3101 2541 selber eben männiglich gewarnt hat. Wieso dieser
1967 2524 3102 2578 Zwiespalt zwischen der Moral der Spalte 1 und jener
1959 2578 3101 2637 der Spalte 2? Will er vielleicht bedeuten, daß das
1960 2614 3099 2692 Theaterpublikum in der betreffenden Provinzstadt zu wenig
1959 2668 3101 2737 „klassenbewußt sei, als daß es verdiente, vor der „Verpestung
1960 2715 3095 2785 der Gehirne“ geschützt zu werden? Schon wollte ich das Blatt,
1961 2769 3102 2825 getreu seiner Mahnung in Spalte 1 „verjagen", da es in
1959 2814 3092 2875 Spalte 2 „den Geist solcher Romane pflegt, wenn er nur von
1964 2856 3093 2912 Schnitzler in eine Szene gegossen ist. Aber da siel mir jäh des
1956 2896 3093 2962 Rätsels Lösung ein. Mir ging das Wort vom „tragischen
1953 2942 3095 3011 Konflikte durch den Sinn, das ich vorher aus dem Leitartikel
1953 3002 3095 3069 geschöpft. Also daher bläst auch dieser Wind! Der Zwiespalt
1959 3051 3093 3109 rast über alle Spalten und spaltet sie in Spalten. Zwei Seelen
1946 3098 3093 3168 wohnen, ach, in ihrer Brust. Wohin ihr blickt, es ist Konflikt.
1947 3139 3089 3209 Und das alles ist tragisch. Indem daß ich pflichtschuldigst weine,
1953 3193 3076 3260 zeichne ich ergebenst usw. (Name und Adresse des Einsender¬
1946 3235 2604 3319 sind uns gänzlich unbekannt. D. R.)
2043 3276 2138 3332 * *
