3344 4256
154 122 670 221 4.9. Anatol
804 131 1106 236 Zyklus
1261 137 1630 233 box 9/5
2143 972 3086 1042 zu sagen: „Lieber Freund, absolut talentlos.
1159 964 2116 1048 großen Frenden im Leben des Dichters, als es ihm
1159 1010 3208 1086 vergönnt war, kurz vor seinem fünfzigsten Geburts= Selbstverständlich hieß es nun für den jungen Herrn des
233 932 1089 1115 Wiener Theaterwoche.
3118 1074 3205 1135 schw.
1156 1074 3089 1127 tage für seine Familie und sich dieses Heim zu er¬ Artur bei der Medizin bleiben und brav weiter
169 1106 1127 1173 Artur Schnitzler an drei Bühnen: Im Burg
1159 1106 3208 1170 werben. Ein Stück Boden, und wäre es noch so klein, rackern. Kürzlich zeigte uns übrigens ein Arzt eine es,
172 1159 1135 1208 theater, Vorkehrter und an der Renaissance¬
1167 1159 3202 1211 sein eigen zu nennen, war seit jeher ihm ein lieber kleine Schrift, die in jener Zeit entstanden ist und Ma¬
2140 1197 3199 1252 von deren Existenz die Schnitzlerliteratur wohl kaum von
1045 1205 1135 1269 Ein
402 1211 1004 1269 Wie der Dichter arbeitet.
163 1205 358 1278 bühne.
1162 1208 2114 1258 Traum gewesen. Im Frühling und Sommer im
1170 1240 3214 1304 Freien sein Abendbrot zu nehmen, bereitete ihm ein Kenntnis genommen hat. Sie betitelt sich: „Ueber die der
425 1252 902 1325 großmütiges Geschenk.
3115 1290 3217 1342 halb
2140 1287 3086 1342 Behandlung von Stimmbandlähmungen mittels Hyp
1167 1296 2111 1348 Wohlbehagen ganz besonderer Art. Als er sich noch
259 1290 1138 1362 Artur Schnitzler, der feinsinnige, stille Poet,
3118 1336 3202 1383 tot
1167 1330 3089 1389 nicht „zu den Hausherren zählen durfte, ging der nose." Als Verfasser zeichnet „Dr. Artur Schnitzler
172 1325 1141 1409 der in seinem lieben Häuschen zu Füßen der Stern¬
1159 1371 3199 1438 Dichter oft und oft in irgendeinen der vielen vor¬ Assistent an der Poliklinik. Es wäre übrigens nicht wie
169 1400 1132 1453 warte mit der schönen Wiener Natur heimliche Grüß¬
1159 1415 3211 1479 ortlichen Gasthofgärten, um dort zu Füßen alter uninteressant zu erfahren, ob Dr. Schnitzer auch erdo
175 1444 1135 1499 tauscht, wird in dieser seiner Freude gerade jetzt
2140 1461 3214 1534 tatsächlich eine derartige Heilung bei einem Patienten blät¬
1159 1464 2114 1523 Bäume nach wienerischer Art zu schwelgen". Ein
178 1488 1135 1537 empfindlich, aber durchaus nicht unangenehm
1167 1505 3100 1587 Gulyas, ein Stück Emmentaler, zwei „aufge¬ versucht hat. Mit hypnotischen Mitteln hat er übrigens
175 1531 1135 1587 gestört. Drei Wiener Bühnen rufen ihn gegenwärtig
2140 1549 3019 1595 vor unseren Augen schon gearbeitet, aber als
1176 1555 2114 1616 sprungene Riesenwecken dazu, und etwas Bier und
180 1575 1138 1627 zur Teilnahme an Probearbeiten: Das Burgtheater,
2140 1584 3100 1636 Dichter, nicht als Arzt. Es geschah dies im reizenden
1164 1595 2114 1662 einen Gespritzten — welchen Hochgenuß bereitet
178 1619 1135 1671 das seine neueste Dichtung, das Canovastück „Die
2143 1610 3197 1686 Einakter „Die Frage an das Schicksal". Der Held das
1159 1648 1913 1706 dieses volkstümliche Men dem Dichter!
178 1665 1135 1718 Schwestern vorbereitet, das Deutsche Volkstheater
2137 1671 3199 1729 versetzt sein Liebchen in hypnotischen Zustand, um „He
1252 1665 2111 1764 Und wenn in diesem Gasthausgarten zufälli=
175 1709 1138 1779 auf dem gangene Woche die Einakter „Der
2143 1715 3205 1770 ganz wahrhaftig zu erfahren, ob ihm das Mädchen tre¬
2026 1732 2114 1788 hatt
1164 1709 1991 1788 Volkssänger eine „Soiree", gaben, so
183 1750 1135 1811 Puppenspieler“, „Der grüne Kakadu" und „Komtesse
2143 1764 3205 1817 jemals untreu gewesen. Doch bevor es noch die ganze Kar
1167 1767 2116 1828 Schnitzler auch nichts dagegen. Er hörte in heiteren
183 1799 1135 1849 Mizzi, und die Renaissancebühne, auf der (mi
3124 1805 3202 1860 jüdi
2137 1808 3095 1881 Wahrheit aus dem Halbschlaf ausplandern kann, ge¬
1167 1822 2111 1866 Beobachtung zu und wurde solcherart ein Kenne
178 1840 1138 1895 Harry Walden) die „Komödie der Worte in neuer
1159 1843 3208 1913 dieser heute verschwundenen Welt des ungehobelten rade in dem Augenblick, in dem das entscheidende Ja deut
178 1884 1138 1939 Inszenierung gegeben worden sind. Es ist, als wär
1167 1886 3098 1956 Brettels, in der Unbildung und Talent zu wildem oder Nein fallen könnte — erwacht das Fräulein! Und
180 1924 1138 1980 unser Wiener Dichter neu in Mode gekommen. Gewiß
2143 1933 3100 1997 ist ängstlich, ob sie sich nicht doch verraten habe...
1159 1948 2119 2003 Reigen sich ketteten. Wie urdrollig hat er die Gestalten
183 1974 1135 2020 wird sich Dr. Schnitzler darüber freuen. Aber wir
2146 1974 3211 2055 Schluß: „Er weiß nach wie vor nichts Gewisses.... Frei
1164 1988 2122 2044 der Wiener Volkssängerei in der Novelle „Das neue
180 2012 1141 2090 unten darauf wetten: Er läßt sich durch all diese
3121 2032 3202 2082 zu
1170 2035 2114 2090 Lied geschildert: den „Kapellmeister" (eigentlich
804 2055 1141 2134 im festen Arbeits¬
169 2061 728 2134 Geschäftigkeit der Theater in
2233 2050 3098 2125 Wie gesagt, von Sonnenthal aus war Artur
1164 2076 2116 2137 Klavierspieler), der die „Nr. 1" spielt, die „Ouver¬
180 2105 504 2175 plan nicht stören.
3133 2114 3217 2172 läche
2151 2114 3106 2178 Schnitzler „absolut talentlos". Niemand ist jemals
1164 2125 2122 2181 türe", den Komiker Wiegel=Wagen, der im grünen
268 2119 1141 2204 Es gibt nämlich wenige Schriftsteller, die mit
1176 2157 3098 2236 Frack „direkt aus Afrika auf die Bühne kommt, den ob eines Irrtums so verlacht worden wie Sonnen¬
189 2166 1147 2256 solcher Regelmäßigkeit dem Tagewerk des Schaffens
2323 2207 3106 2268 von sich selbst. Er hatte Schnitzler schon
2146 2210 2230 2265 thal
1167 2210 2119 2271 „Musiklon" Jedek, der auf Glasrändern konzertiert
186 2239 1135 2294 obliegen wie Schnitzler. Des Morgens ein Spazier
1164 2247 3098 2306 die „Ungarin“ Ilka, die wienerisch magyarembert usw. als Kind gekannt und vielleicht gerade deshalb an
192 2282 1138 2338 gang rings um den Türkenschanzpark, dann Lektüre
1164 2291 3103 2355 Man hat diese Gestalten in Saltens „Der ihn nicht geglaubt. Er hatte auch kein Auge gehabt
180 2329 1141 2378 dann nach Tisch ein wenig Ruhe, aber gleich darauf
2160 2338 3205 2393 für die eigentümliche, halb leichtlebige, halb ver¬ eine
1170 2341 2128 2396 Gemeine“ wiedergesehen, als wären sie aus Schnitz¬
183 2367 1141 2422 die Arbeit. Er hat natürlich ein prächtiges Stück von
2157 2381 3106 2437 sonnene Gesellschaftsschichte, der dieser nachdenkliche
1167 2387 2125 2445 lers Novelle gekommen — ähnlich wie der Mann im
186 2411 1138 2469 Schreibtisch und einen bequemen, weichen Lederstüh
1167 2440 3103 2509 grünen Frack aus Afrika, nur nicht ganz so direkt.... Lebemann Anatol entstammt. Das war eine ganz
183 2457 1141 2512 davor, aber sie bleiben abseits, wenn der Dichter
2137 2472 3109 2524 andere Klasse als die Bourgoisie Bauernfelds, in
180 2504 1141 2559 schreibt. Da stellt er sich an sein hohes Stehpult, und
1252 2483 3202 2603 Wer hätte je geglaubt, als das erste Büchlein dessen Lustspielwelt Sonnenthal aufgewachsen war. dru¬
175 2547 1147 2597 erst da fließen ihm Verse und Prosa leicht aus der
2146 2553 3098 2608 Als dann Burckhard dem jungen Schnitzler di¬
1164 2559 2116 2614 von „Anatol“ vorlag, daß diese Gestalt über die ganz
186 2585 1144 2643 Feder. Es vergeht wohl selten ein Nachmittag, an
2157 2600 3103 2658 Pforte des Burgtheaters öffnete und trotz des
1167 2608 2119 2661 deutsche Bühnenwelt ihren Siegeslauf nehmen werde
186 2632 1144 2693 dem Schnitzler nicht irgend eine Arbeit fortgesetzt
1164 2641 3100 2699 Artur Schnitzler hatte das Werk noch als Student wilden Widerstandes hochadeliger Funktionäre das
189 2681 1141 2734 hätte, sei es eine Novelle, sei es ein Drama. Hat er
2154 2690 3100 2739 Proletarierstück „Liebelei“ aufführte, da sprang
1170 2693 2122 2748 der Medizin geschrieben. Sein Vater, der geschätzt
186 2719 1144 2774 die Sache fertig, so wandert sie zunächst in die Lade
2154 2728 3106 2780 Sonnenthal gleich mit beiden Füßen ins Lager der
1164 2737 2125 2792 Laryngologe Professor Dr. Johann Schnitzler, lebte
180 2769 1141 2821 dort bleibt sie mindestens drei Wochen liegen. Dann
2157 2780 3103 2830 Jungen. Sein Musikus rührte ganz Wien zu
1162 2774 2119 2833 noch in der Hoffnung, sein Sohn Artur werde ein be¬
189 2815 1144 2868 nimmt er sie wieder heraus und liest die Blätter
2154 2818 3100 2870 Tränen. Nur des Künstlers liebste Freundin und
1164 2827 2116 2876 rühmter Kehlkopfoperateur werden. Während er daran
195 2859 1141 2908 förmlich als Fremder, mit den Augen des Kritikers
1173 2862 3106 2923 schwor, sein jüngerer Sohn verde zu einem großen Kollegin Charlotte Wolter konnte sich nicht be¬
2151 2903 3066 2955 ruhigen. Die Gestalt dieses Vaters — meinte sie
192 2905 2116 2964 Da wird das Ding entweder unbarmherzig ver¬ Dramatiker sich entwickeln. Nichtig ist dieser jünger
183 2943 1147 2999 worfen oder aber neu geformt. Jedenfalls auf das
2154 2943 3103 3004 sei einfach eine Ohrfeige fürs Burgtheater. Ein
1170 2946 2122 3007 Sohn just der heutige bekannte — Operateur Pro¬
2157 2996 3095 3048 Vater, der da wisse, daß seine Tochter Beziehungen
186 2996 1907 3054 eingehendste durchgearbeitet und ausgefeilt. Kein fessor Dr. Julius Schnitzler geworden!
189 3034 1147 3086 Dialog irgendeines Schnitzlerstückes, der nicht zwei¬
2154 3039 3100 3083 zu einem jungen Mann unterhalte, die nie zu
1164 3019 2125 3098 krankte sich der alte Professor, daß sein Sohn Artur
192 3077 1138 3130 bis dreimal vollkommen umgearbeitet worden wäre
2154 3086 3115 3135 Ehe führen können, der diese Tochter darob nicht
1170 3089 2128 3135 die Medizin weniger liebte als verschiedentliche Aus¬
189 3121 1150 3173 Und erst wenn die letzte Form die Prüfung des
2154 3127 3106 3179 niederschlägt und zum mindesten aus dem Haus¬
1170 3133 2128 3205 flüge in höhere Regionen, aus denen nur Lorbeerduf
186 3162 1147 3229 Dichters bestanden hat, wird die Arbeit in die Wel¬
2151 3165 3100 3229 jagt, das sei kein Held, das sei eine abscheu
1164 3179 1383 3240 zu holen ist
1255 3185 3115 3269 Die Sache mußte aber endlich entschieden werden: erregende Erscheinung. Und doch hatte der Dichter
178 3214 425 3290 geschickt.
1170 3255 3103 3310 entweder Laryngologie oder Schreiberei fürs Theater, gerade in diesem alten Mann reinste Liebe und
1182 3301 3100 3351 Fest entschlossen nahm eines Tages Professor edelste Lebensweisheit verkörpern wollen. Der
274 3281 1150 3362 Schnitzlers Villa in der Sternwartestraße hat
2154 3336 3112 3400 greise Musikus will das junge Glück seiner armen
195 3339 2131 3406 seit jeher innige Beziehungen zum Burgtheater unter Schnitzler das Anatol-Manuskript seines Sohnes und
1173 3389 3106 3459 ging damit zu Adolf Sonnenthal, seinem alten Tochter nicht ertoten, er weiß ja, er ahnt, es ist
195 3395 1150 3450 heiten. Bevor der Dichter dieses liebliche Haus be¬
2154 3427 3106 3494 der erste und der letzte Sonnenstrahl, der in ihr
1179 3432 2125 3496 Freund. Der las die Anatol-Einakter mit Hingebung
198 3447 1153 3499 sessen, war es Eigentum des Künstlerehepaares
183 3470 2524 3543 Römer=Bleibtren gewesen. Es bedeutete eine der und kam auch einigen Tagen zum Professor, um ihr junges Leben fällt.
