<?xml version="1.0" encoding="UTF-8" standalone="yes"?>
<PcGts xmlns="http://schema.primaresearch.org/PAGE/gts/pagecontent/2013-07-15" xmlns:xsi="http://www.w3.org/2001/XMLSchema-instance" xsi:schemaLocation="http://schema.primaresearch.org/PAGE/gts/pagecontent/2013-07-15 http://schema.primaresearch.org/PAGE/gts/pagecontent/2013-07-15/pagecontent.xsd">
    <Metadata>
        <Creator>prov=READ-COOP:name=PyLaia@TranskribusPlatform:version=2.12.1:model_id=39995:lm=provided:date=29_03_2024_01:47</Creator>
        <Created>2019-10-07T11:51:31.642+02:00</Created>
        <LastChange>2024-03-29T01:47:54.048+01:00</LastChange>
        <TranskribusMetadata docId="223994" pageId="9505831" pageNr="444" tsid="156430497" status="IN_PROGRESS" userId="40391" imgUrl="https://files.transkribus.eu/Get?id=LOTJQRSPJJJYAYJIADTUNNFC&amp;fileType=view" xmlUrl="https://files.transkribus.eu/Get?id=ZUBCNOWSYQSOFIJJUIPYUKWM" imageId="6196045"/>
    </Metadata>
    <Page imageFilename="223994_0444.jpeg" imageWidth="3436" imageHeight="4256">
        <ReadingOrder>
            <OrderedGroup id="ro_1712662542643" caption="Regions reading order">
                <RegionRefIndexed index="0" regionRef="tr_1"/>
                <RegionRefIndexed index="1" regionRef="tr_2"/>
            </OrderedGroup>
        </ReadingOrder>
        <TextRegion orientation="0.0" id="tr_1" custom="readingOrder {index:0;}">
            <Coords points="235,221 235,2337 1235,2337 1235,221"/>
            <TextLine id="tr_1_tl_1" custom="readingOrder {index:0;}">
                <Coords points="917,254 1159,246 1159,188 1112,192 1094,206 1073,185 1051,194 1018,183 959,192 917,186"/>
                <Baseline points="925,245 951,243 977,241 1004,241 1030,245 1057,242 1083,241 1110,241 1136,241 1163,242"/>
                <TextEquiv>
                    <Unicode>Zyklus</Unicode>
                </TextEquiv>
            </TextLine>
            <TextLine id="tr_1_tl_2" custom="readingOrder {index:1;}">
                <Coords points="236,282 366,279 462,246 748,254 749,183 566,212 503,192 428,221 381,194 236,203"/>
                <Baseline points="244,244 269,246 294,247 320,249 345,251 371,252 396,254 421,256 447,256 472,256 498,251 523,248 548,247 574,247 599,247 625,247 650,247 675,246 701,244 726,243 752,241"/>
                <TextEquiv>
                    <Unicode>4.9. Anatol</Unicode>
                </TextEquiv>
            </TextLine>
            <TextLine id="tr_1_tl_3" custom="readingOrder {index:2;}">
                <Coords points="917,276 935,275 961,285 997,285 1006,294 1024,288 1025,249 1007,251 992,246 976,252 961,237 940,251 919,249"/>
                <Baseline points="926,261 951,262 977,262 1002,260 1028,258"/>
                <TextEquiv>
                    <Unicode></Unicode>
                </TextEquiv>
            </TextLine>
            <TextLine id="tr_1_tl_4" custom="readingOrder {index:3;}">
                <Coords points="725,278 733,278 740,273 757,278 763,272 793,279 806,275 806,245 797,243 785,254 773,248 770,251 757,249 752,254 725,254"/>
                <Baseline points="734,268 771,265 808,265"/>
                <TextEquiv>
                    <Unicode>.</Unicode>
                </TextEquiv>
            </TextLine>
            <TextLine id="tr_1_tl_5" custom="readingOrder {index:4;}">
                <Coords points="540,284 549,285 561,276 566,279 573,275 576,278 581,276 591,287 599,290 608,288 614,294 622,294 622,257 610,255 607,258 594,258 588,254 578,258 575,255 572,258 540,257"/>
                <Baseline points="549,268 574,268 600,268 626,268"/>
                <TextEquiv>
                    <Unicode>.</Unicode>
                </TextEquiv>
            </TextLine>
            <TextLine id="tr_1_tl_6" custom="readingOrder {index:5;}">
                <Coords points="233,498 309,462 348,480 429,462 489,476 506,459 597,495 628,471 661,473 653,374 596,383 504,363 285,390 257,372 222,378"/>
                <Baseline points="235,432 260,434 285,435 310,435 336,436 361,440 386,442 412,444 437,447 462,450 487,452 513,454 538,455 563,457 589,459 614,460 639,462 665,462"/>
                <TextEquiv>
                    <Unicode>Der Tag, Berlin</Unicode>
                </TextEquiv>
            </TextLine>
            <TextLine id="tr_1_tl_7" custom="readingOrder {index:6;}">
                <Coords points="844,691 857,688 880,700 916,692 929,703 986,710 1030,695 1061,706 1058,659 1019,658 1015,665 1003,656 955,667 901,649 884,659 841,655"/>
                <Baseline points="850,686 876,689 903,693 929,694 956,697 982,701 1009,701 1035,700 1062,695"/>
                <TextEquiv>
                    <Unicode></Unicode>
                </TextEquiv>
            </TextLine>
            <TextLine id="tr_1_tl_8" custom="readingOrder {index:7;}">
                <Coords points="471,776 643,758 835,776 863,751 892,773 947,755 1073,766 1073,707 914,691 560,683 471,722"/>
                <Baseline points="480,746 509,745 539,743 569,742 599,744 629,746 659,746 688,746 718,746 748,746 778,746 808,746 838,746 868,746 897,746 927,746 957,745 987,743 1017,745 1047,746 1077,746"/>
                <TextEquiv>
                    <Unicode>und Wolf.</Unicode>
                </TextEquiv>
            </TextLine>
            <TextLine id="tr_1_tl_9" custom="readingOrder {index:8;}">
                <Coords points="371,829 1210,829 1210,778 1151,760 371,791"/>
                <Baseline points="379,823 420,822 462,820 504,820 546,817 587,817 629,817 671,817 713,817 754,817 796,817 838,817 880,817 921,817 963,817 1005,817 1047,817 1088,817 1130,817 1172,820 1214,820"/>
                <TextEquiv>
                    <Unicode>p. Das Schiller-Theater Charlottenburg</Unicode>
                </TextEquiv>
            </TextLine>
            <TextLine id="tr_1_tl_10" custom="readingOrder {index:9;}">
                <Coords points="332,869 1210,868 1210,829 1157,821 386,835 332,805"/>
                <Baseline points="340,862 383,861 427,859 471,859 514,858 558,857 602,859 645,858 689,856 733,857 777,861 820,856 864,856 908,856 951,856 995,859 1039,856 1082,856 1126,856 1170,856 1214,853"/>
                <TextEquiv>
                    <Unicode>veranstaltete einen Schnitzler=Abend, zu dem des</Unicode>
                </TextEquiv>
            </TextLine>
            <TextLine id="tr_1_tl_11" custom="readingOrder {index:10;}">
                <Coords points="338,913 1210,904 1210,868 1141,857 928,886 866,857 703,886 338,866"/>
                <Baseline points="346,901 389,899 432,898 476,898 519,898 563,898 606,898 649,898 693,898 736,897 780,895 823,895 866,895 910,895 953,895 997,895 1040,895 1083,895 1127,895 1170,895 1214,892"/>
                <TextEquiv>
                    <Unicode>Dichters „Anato, bestehend aus den Ein¬</Unicode>
                </TextEquiv>
            </TextLine>
            <TextLine id="tr_1_tl_12" custom="readingOrder {index:11;}">
                <Coords points="335,956 1196,935 1180,896 335,914"/>
                <Baseline points="343,937 385,938 428,937 471,937 514,935 557,936 599,935 642,934 685,936 728,937 771,937 813,937 856,937 899,936 942,934 985,934 1027,934 1070,934 1113,937 1156,934 1199,934"/>
                <TextEquiv>
                    <Unicode>altern „Die Frage an das Schicksal</Unicode>
                </TextEquiv>
            </TextLine>
            <TextLine id="tr_1_tl_13" custom="readingOrder {index:12;}">
                <Coords points="338,1001 1216,982 1189,935 338,958"/>
                <Baseline points="346,978 389,975 433,975 477,975 520,974 564,973 608,975 651,975 695,975 739,974 783,972 826,973 870,975 914,975 957,975 1001,972 1045,969 1088,969 1132,972 1176,972 1220,969"/>
                <TextEquiv>
                    <Unicode>„Abschiedssouper, Episode und</Unicode>
                </TextEquiv>
            </TextLine>
            <TextLine id="tr_1_tl_14" custom="readingOrder {index:13;}">
                <Coords points="338,1021 1207,1025 1207,980 1129,974 338,1001"/>
                <Baseline points="346,1017 389,1015 432,1014 475,1014 519,1014 562,1012 605,1011 648,1012 692,1014 735,1014 778,1013 821,1011 865,1011 908,1011 951,1011 994,1011 1038,1011 1081,1011 1124,1011 1167,1011 1211,1008"/>
                <TextEquiv>
                    <Unicode>„Anatols Hochzeitsmorgen" in Szene</Unicode>
                </TextEquiv>
            </TextLine>
            <TextLine id="tr_1_tl_15" custom="readingOrder {index:14;}">
                <Coords points="344,1066 1102,1063 1210,1051 1212,1027 345,1024"/>
                <Baseline points="352,1056 395,1054 438,1053 481,1051 524,1052 567,1053 610,1053 653,1053 696,1053 739,1053 783,1052 826,1051 869,1053 912,1052 955,1050 998,1050 1041,1050 1084,1050 1127,1050 1170,1050 1214,1047"/>
                <TextEquiv>
                    <Unicode>ging. Schnitzler ist ein ausgesprochener Vertre¬</Unicode>
                </TextEquiv>
            </TextLine>
            <TextLine id="tr_1_tl_16" custom="readingOrder {index:15;}">
                <Coords points="335,1096 1198,1102 1178,1051 335,1063"/>
                <Baseline points="343,1089 388,1091 433,1092 478,1092 523,1090 569,1089 614,1089 659,1092 704,1089 749,1089 795,1089 840,1092 885,1092 930,1092 975,1092 1021,1089 1066,1089 1111,1089 1156,1089 1202,1086"/>
                <TextEquiv>
                    <Unicode>ter des Wiener Humor und so glänzender Sch.</Unicode>
                </TextEquiv>
            </TextLine>
            <TextLine id="tr_1_tl_17" custom="readingOrder {index:16;}">
                <Coords points="338,1136 1204,1132 1204,1096 338,1094"/>
                <Baseline points="346,1128 389,1131 432,1131 475,1131 518,1131 561,1131 604,1129 647,1130 690,1129 733,1128 777,1128 820,1128 863,1128 906,1130 949,1130 992,1128 1035,1128 1078,1128 1121,1128 1164,1127 1208,1128"/>
                <TextEquiv>
                    <Unicode>derer bestimmter Wiener Typen, und verlangt</Unicode>
                </TextEquiv>
            </TextLine>
            <TextLine id="tr_1_tl_18" custom="readingOrder {index:17;}">
                <Coords points="338,1174 1216,1181 1207,1132 338,1136"/>
                <Baseline points="346,1169 389,1167 433,1169 477,1168 520,1167 564,1169 608,1168 651,1166 695,1166 739,1166 783,1166 826,1166 870,1166 914,1166 957,1166 1001,1166 1045,1166 1088,1169 1132,1169 1176,1163 1220,1163"/>
                <TextEquiv>
                    <Unicode>einen so bestimmten Darstellungsstil, daß speziell</Unicode>
                </TextEquiv>
            </TextLine>
            <TextLine id="tr_1_tl_19" custom="readingOrder {index:18;}">
                <Coords points="347,1224 1210,1212 1210,1178 1079,1166 347,1175"/>
                <Baseline points="355,1211 400,1208 445,1206 490,1207 535,1206 581,1208 626,1205 671,1205 716,1205 761,1205 807,1205 852,1205 897,1202 942,1205 987,1205 1033,1205 1078,1208 1123,1205 1168,1205 1214,1202"/>
                <TextEquiv>
                    <Unicode>seine Einakter eigentlich nur von Schauspielern</Unicode>
                </TextEquiv>
            </TextLine>
            <TextLine id="tr_1_tl_20" custom="readingOrder {index:19;}">
                <Coords points="359,1260 1207,1252 1196,1209 359,1221"/>
                <Baseline points="367,1247 409,1247 451,1244 493,1247 535,1244 578,1244 620,1244 662,1244 704,1244 746,1246 789,1245 831,1244 873,1244 915,1244 957,1244 1000,1244 1042,1244 1084,1244 1126,1244 1168,1244 1211,1238"/>
                <TextEquiv>
                    <Unicode>gespielt werden konnen, die diesen Stil beherr¬</Unicode>
                </TextEquiv>
            </TextLine>
            <TextLine id="tr_1_tl_21" custom="readingOrder {index:20;}">
                <Coords points="356,1290 1206,1285 1207,1251 1144,1246 357,1260"/>
                <Baseline points="364,1283 406,1283 448,1286 491,1286 533,1283 575,1285 618,1284 660,1283 702,1283 745,1283 787,1283 829,1283 872,1283 914,1283 956,1283 999,1282 1041,1281 1083,1283 1126,1283 1168,1280 1211,1280"/>
                <TextEquiv>
                    <Unicode>schen, verfügt man aber nicht über solche Dar¬</Unicode>
                </TextEquiv>
            </TextLine>
            <TextLine id="tr_1_tl_22" custom="readingOrder {index:21;}">
                <Coords points="356,1333 1207,1332 1207,1285 356,1291"/>
                <Baseline points="364,1325 406,1325 448,1325 491,1325 533,1322 575,1324 618,1323 660,1322 702,1322 745,1322 787,1322 829,1322 872,1322 914,1322 956,1322 999,1322 1041,1322 1083,1322 1126,1322 1168,1322 1211,1319"/>
                <TextEquiv>
                    <Unicode>steller, so soll man es lieber lassen, und dieser Fall</Unicode>
                </TextEquiv>
            </TextLine>
            <TextLine id="tr_1_tl_23" custom="readingOrder {index:22;}">
                <Coords points="353,1368 1216,1366 1216,1329 1183,1323 353,1336"/>
                <Baseline points="361,1363 406,1363 451,1363 496,1363 541,1361 587,1360 632,1360 677,1360 722,1360 767,1360 813,1360 858,1360 903,1360 948,1360 993,1360 1039,1360 1084,1360 1129,1360 1174,1360 1220,1360"/>
                <TextEquiv>
                    <Unicode>trifft für das Schiller=Theater zu. Herr Peschke</Unicode>
                </TextEquiv>
            </TextLine>
            <TextLine id="tr_1_tl_24" custom="readingOrder {index:23;}">
                <Coords points="350,1407 1212,1405 1193,1363 350,1369"/>
                <Baseline points="358,1402 400,1401 443,1400 486,1401 529,1400 572,1401 614,1400 657,1399 700,1399 743,1399 786,1398 828,1397 871,1399 914,1398 957,1397 1000,1399 1042,1399 1085,1399 1128,1399 1171,1396 1214,1399"/>
                <TextEquiv>
                    <Unicode>gewiß ein begabter Schauspieler, aber für</Unicode>
                </TextEquiv>
            </TextLine>
            <TextLine id="tr_1_tl_25" custom="readingOrder {index:24;}">
                <Coords points="341,1452 1213,1449 1192,1401 341,1405"/>
                <Baseline points="349,1441 392,1438 435,1438 479,1440 522,1440 566,1438 609,1438 652,1438 696,1438 739,1437 783,1435 826,1436 869,1438 913,1438 956,1438 1000,1438 1043,1438 1086,1438 1130,1435 1173,1435 1217,1435"/>
                <TextEquiv>
                    <Unicode>den Schnitzlerschen Anatol fehlt ihm so ziemlich</Unicode>
                </TextEquiv>
            </TextLine>
            <TextLine id="tr_1_tl_26" custom="readingOrder {index:25;}">
                <Coords points="341,1485 1213,1485 1213,1449 1144,1441 341,1447"/>
                <Baseline points="349,1477 392,1476 435,1475 479,1474 522,1475 566,1477 609,1477 652,1477 696,1476 739,1474 783,1474 826,1474 869,1475 913,1476 956,1474 1000,1474 1043,1474 1086,1474 1130,1474 1173,1474 1217,1474"/>
                <TextEquiv>
                    <Unicode>alles. Derartige Anforderungen kann man</Unicode>
                </TextEquiv>
            </TextLine>
            <TextLine id="tr_1_tl_27" custom="readingOrder {index:26;}">
                <Coords points="344,1522 1210,1519 1189,1477 344,1485"/>
                <Baseline points="352,1513 395,1516 438,1516 481,1516 524,1516 567,1516 610,1516 653,1516 696,1514 739,1513 783,1513 826,1513 869,1513 912,1513 955,1513 998,1513 1041,1513 1084,1513 1127,1513 1170,1513 1214,1513"/>
                <TextEquiv>
                    <Unicode>überhaupt nicht an Vertreter seines Faches stel¬</Unicode>
                </TextEquiv>
            </TextLine>
            <TextLine id="tr_1_tl_28" custom="readingOrder {index:27;}">
                <Coords points="344,1567 1207,1558 1169,1518 344,1522"/>
                <Baseline points="352,1554 397,1556 442,1555 487,1554 532,1554 578,1554 623,1551 668,1551 713,1551 758,1551 804,1551 849,1551 894,1551 939,1551 984,1551 1030,1551 1075,1551 1120,1551 1165,1551 1211,1548"/>
                <TextEquiv>
                    <Unicode>len, von einem Darsteller des Hamlets und ande¬</Unicode>
                </TextEquiv>
            </TextLine>
            <TextLine id="tr_1_tl_29" custom="readingOrder {index:28;}">
                <Coords points="341,1602 1218,1606 1195,1554 341,1573"/>
                <Baseline points="349,1593 392,1593 436,1593 479,1593 523,1592 566,1590 610,1590 653,1590 697,1590 740,1590 784,1590 828,1590 871,1590 915,1590 958,1590 1002,1590 1045,1590 1089,1590 1132,1590 1176,1590 1220,1590"/>
                <TextEquiv>
                    <Unicode>rer klassischer Schau= und Lustspielheiden kann</Unicode>
                </TextEquiv>
            </TextLine>
            <TextLine id="tr_1_tl_30" custom="readingOrder {index:29;}">
                <Coords points="350,1638 1212,1641 1212,1608 1090,1594 350,1606"/>
                <Baseline points="358,1635 400,1632 443,1632 486,1632 529,1630 572,1629 614,1629 657,1629 700,1629 743,1628 786,1626 828,1627 871,1629 914,1629 957,1629 1000,1629 1042,1629 1085,1629 1128,1629 1171,1629 1214,1629"/>
                <TextEquiv>
                    <Unicode>man mit dem besten Willen keinen Anatol ver¬</Unicode>
                </TextEquiv>
            </TextLine>
            <TextLine id="tr_1_tl_31" custom="readingOrder {index:30;}">
                <Coords points="341,1674 1213,1677 1215,1641 342,1638"/>
                <Baseline points="349,1671 392,1671 435,1671 479,1668 522,1666 566,1668 609,1668 652,1668 696,1668 739,1668 783,1667 826,1666 869,1668 913,1668 956,1668 1000,1668 1043,1668 1086,1668 1130,1668 1173,1668 1217,1665"/>
                <TextEquiv>
                    <Unicode>langen Deshalb trifft der Vorwurf für die</Unicode>
                </TextEquiv>
            </TextLine>
            <TextLine id="tr_1_tl_32" custom="readingOrder {index:31;}">
                <Coords points="344,1719 1213,1717 1213,1677 1180,1669 344,1677"/>
                <Baseline points="352,1710 395,1710 438,1710 481,1708 525,1707 568,1707 611,1707 654,1707 698,1706 741,1704 784,1705 827,1706 871,1705 914,1707 957,1707 1000,1707 1044,1707 1087,1707 1130,1707 1173,1707 1217,1707"/>
                <TextEquiv>
                    <Unicode>falsche Besetzung der Rollen in erster Linie die</Unicode>
                </TextEquiv>
            </TextLine>
            <TextLine id="tr_1_tl_33" custom="readingOrder {index:32;}">
                <Coords points="341,1753 1210,1752 1210,1714 1159,1708 341,1720"/>
                <Baseline points="349,1748 392,1748 435,1746 478,1745 522,1745 565,1745 608,1745 651,1745 695,1745 738,1745 781,1745 824,1745 868,1744 911,1743 954,1745 997,1745 1041,1745 1084,1745 1127,1745 1170,1742 1214,1745"/>
                <TextEquiv>
                    <Unicode>Direktion. Zum Ueberfluß beherrschte er den</Unicode>
                </TextEquiv>
            </TextLine>
            <TextLine id="tr_1_tl_34" custom="readingOrder {index:33;}">
                <Coords points="350,1792 1212,1791 1212,1756 1145,1744 350,1755"/>
                <Baseline points="358,1784 400,1784 443,1784 486,1784 529,1784 572,1784 614,1784 657,1782 700,1781 743,1781 786,1781 828,1781 871,1781 914,1781 957,1781 1000,1781 1042,1781 1085,1781 1128,1781 1171,1781 1214,1781"/>
                <TextEquiv>
                    <Unicode>Wiener Dialeit, ohne den Schnitzler nicht denkbar</Unicode>
                </TextEquiv>
            </TextLine>
            <TextLine id="tr_1_tl_35" custom="readingOrder {index:34;}">
                <Coords points="341,1836 1210,1830 1210,1789 1181,1786 341,1789"/>
                <Baseline points="349,1826 392,1824 435,1823 478,1823 522,1823 565,1823 608,1823 651,1822 695,1820 738,1820 781,1820 824,1820 868,1820 911,1820 954,1820 997,1820 1041,1820 1084,1820 1127,1820 1170,1823 1214,1823"/>
                <TextEquiv>
                    <Unicode>ist, überhaupt nicht. Ein schwacher Versuch miß¬</Unicode>
                </TextEquiv>
            </TextLine>
            <TextLine id="tr_1_tl_36" custom="readingOrder {index:35;}">
                <Coords points="344,1872 1210,1877 1210,1830 1151,1824 344,1835"/>
                <Baseline points="352,1862 395,1863 438,1862 481,1862 524,1862 567,1862 610,1860 653,1859 696,1859 739,1859 783,1859 826,1859 869,1859 912,1859 955,1859 998,1859 1041,1859 1084,1859 1127,1859 1170,1859 1214,1859"/>
                <TextEquiv>
                    <Unicode>glückte kläglich. Diesen Versuch unternahm sein</Unicode>
                </TextEquiv>
            </TextLine>
            <TextLine id="tr_1_tl_37" custom="readingOrder {index:36;}">
                <Coords points="341,1910 1218,1911 1218,1880 1120,1863 341,1871"/>
                <Baseline points="349,1901 392,1902 436,1903 479,1901 523,1901 566,1901 610,1900 653,1899 697,1901 740,1900 784,1898 828,1898 871,1898 915,1898 958,1898 1002,1898 1045,1901 1089,1898 1132,1898 1176,1898 1220,1898"/>
                <TextEquiv>
                    <Unicode>Partner Heinz Senger, der den Max gab, schlauer¬</Unicode>
                </TextEquiv>
            </TextLine>
            <TextLine id="tr_1_tl_38" custom="readingOrder {index:37;}">
                <Coords points="344,1947 1213,1946 1198,1901 344,1910"/>
                <Baseline points="352,1936 395,1939 438,1939 481,1936 525,1939 568,1939 611,1937 654,1936 698,1936 741,1936 784,1936 827,1936 871,1936 914,1936 957,1936 1000,1937 1044,1938 1087,1937 1130,1938 1173,1936 1217,1936"/>
                <TextEquiv>
                    <Unicode>weise überhaupt nicht, aber auch ihm lag die</Unicode>
                </TextEquiv>
            </TextLine>
            <TextLine id="tr_1_tl_39" custom="readingOrder {index:38;}">
                <Coords points="344,1985 1207,1983 1180,1941 344,1947"/>
                <Baseline points="352,1981 397,1978 442,1978 487,1978 532,1978 578,1978 623,1978 668,1975 713,1975 758,1975 804,1975 849,1975 894,1975 939,1975 984,1975 1030,1975 1075,1975 1120,1975 1165,1975 1211,1975"/>
                <TextEquiv>
                    <Unicode>Rolle nicht, auch ihm fehlte der leichte Ton. Die</Unicode>
                </TextEquiv>
            </TextLine>
            <TextLine id="tr_1_tl_40" custom="readingOrder {index:39;}">
                <Coords points="341,2021 1213,2021 1213,1983 1118,1974 341,1998"/>
                <Baseline points="349,2011 392,2017 435,2017 479,2017 522,2014 566,2014 609,2017 652,2014 696,2014 739,2014 783,2014 826,2014 869,2014 913,2014 956,2014 1000,2014 1043,2014 1086,2014 1130,2014 1173,2014 1217,2014"/>
                <TextEquiv>
                    <Unicode>einzige, die den Wiener Ton traf, war Stephanie</Unicode>
                </TextEquiv>
            </TextLine>
            <TextLine id="tr_1_tl_41" custom="readingOrder {index:40;}">
                <Coords points="350,2067 1212,2069 1212,2024 1183,2018 350,2024"/>
                <Baseline points="358,2056 400,2056 443,2053 486,2056 529,2054 572,2053 614,2053 657,2053 700,2053 743,2053 786,2053 828,2053 871,2053 914,2053 957,2053 1000,2053 1042,2053 1085,2053 1128,2053 1171,2054 1214,2056"/>
                <TextEquiv>
                    <Unicode>Kriß als Annie im Abschiedssouper, nur hätte</Unicode>
                </TextEquiv>
            </TextLine>
            <TextLine id="tr_1_tl_42" custom="readingOrder {index:41;}">
                <Coords points="341,2106 1213,2096 1196,2061 1115,2054 341,2060"/>
                <Baseline points="349,2098 392,2093 435,2092 479,2094 522,2094 566,2091 609,2090 652,2091 696,2090 739,2092 783,2091 826,2089 869,2089 913,2090 956,2092 1000,2092 1043,2092 1086,2092 1130,2092 1173,2092 1217,2092"/>
                <TextEquiv>
                    <Unicode>sie ein geschmackvolleres Kleid wären sollen.</Unicode>
                </TextEquiv>
            </TextLine>
            <TextLine id="tr_1_tl_43" custom="readingOrder {index:42;}">
                <Coords points="350,2141 1213,2139 1192,2094 350,2103"/>
                <Baseline points="358,2125 403,2130 448,2130 493,2130 538,2128 584,2128 629,2130 674,2130 719,2130 764,2130 810,2130 855,2128 900,2128 945,2128 990,2128 1036,2130 1081,2130 1126,2130 1171,2130 1217,2130"/>
                <TextEquiv>
                    <Unicode>Mit den Rollen der Cora und Bianca fand sich</Unicode>
                </TextEquiv>
            </TextLine>
            <TextLine id="tr_1_tl_44" custom="readingOrder {index:43;}">
                <Coords points="344,2183 1221,2180 1221,2145 1184,2135 344,2142"/>
                <Baseline points="352,2169 395,2169 439,2169 482,2169 526,2169 569,2169 613,2166 656,2166 700,2168 743,2169 787,2167 831,2166 874,2166 918,2166 961,2166 1005,2166 1048,2166 1092,2166 1135,2166 1179,2167 1223,2169"/>
                <TextEquiv>
                    <Unicode>Claire. Selo leidlich ab. Auch Else Wasa konnte</Unicode>
                </TextEquiv>
            </TextLine>
            <TextLine id="tr_1_tl_45" custom="readingOrder {index:44;}">
                <Coords points="344,2213 1213,2210 1181,2171 344,2181"/>
                <Baseline points="352,2211 395,2208 438,2208 481,2208 525,2208 568,2208 611,2208 654,2208 698,2207 741,2206 784,2208 827,2207 871,2205 914,2205 957,2205 1000,2205 1044,2205 1087,2205 1130,2205 1173,2205 1217,2202"/>
                <TextEquiv>
                    <Unicode>als Ilona in „Anatols Hochzeitsmorgen den rech¬</Unicode>
                </TextEquiv>
            </TextLine>
            <TextLine id="tr_1_tl_46" custom="readingOrder {index:45;}">
                <Coords points="347,2261 1222,2243 1196,2214 1048,2207 348,2214"/>
                <Baseline points="355,2247 398,2247 442,2247 485,2247 529,2247 572,2247 616,2246 659,2244 703,2245 746,2247 790,2246 834,2244 877,2244 921,2244 964,2244 1008,2244 1051,2244 1095,2244 1138,2244 1182,2244 1226,2241"/>
                <TextEquiv>
                    <Unicode>ten Ton nicht finden, auch ihre Versuche, wiene¬</Unicode>
                </TextEquiv>
            </TextLine>
            <TextLine id="tr_1_tl_47" custom="readingOrder {index:46;}">
                <Coords points="347,2294 1213,2289 1213,2247 347,2262"/>
                <Baseline points="355,2286 398,2284 441,2285 484,2286 527,2284 570,2283 613,2283 656,2283 699,2283 742,2283 786,2283 829,2283 872,2283 915,2283 958,2283 1001,2283 1044,2283 1087,2283 1130,2283 1173,2283 1217,2280"/>
                <TextEquiv>
                    <Unicode>risch zu sprechen, scheiterten vollständig. Alles</Unicode>
                </TextEquiv>
            </TextLine>
            <TextLine id="tr_1_tl_48" custom="readingOrder {index:47;}">
                <Coords points="336,2349 1231,2331 1231,2294 1097,2283 338,2288"/>
                <Baseline points="346,2327 390,2324 434,2327 479,2327 523,2324 568,2327 612,2324 657,2324 701,2324 746,2324 790,2324 834,2324 879,2324 923,2324 968,2324 1012,2324 1057,2324 1101,2324 1146,2324 1190,2324 1235,2327"/>
                <TextEquiv>
                    <Unicode>zu allem war es ein verfehlter Abend, und wenn</Unicode>
                </TextEquiv>
            </TextLine>
            <TextEquiv>
                <Unicode></Unicode>
            </TextEquiv>
        </TextRegion>
        <TextRegion orientation="0.0" id="tr_2" custom="readingOrder {index:1;}">
            <Coords points="1340,212 1340,3913 3130,3913 3130,212"/>
            <TextLine id="tr_2_tl_1" custom="readingOrder {index:0;}">
                <Coords points="1354,251 1467,257 1503,243 1536,260 1590,261 1645,234 1713,248 1713,179 1699,174 1623,185 1560,174 1494,200 1455,182 1413,197 1386,176 1354,189"/>
                <Baseline points="1363,232 1388,232 1413,232 1438,234 1463,235 1489,235 1514,235 1539,235 1564,235 1589,235 1615,235 1640,234 1665,233 1690,232 1716,232"/>
                <TextEquiv>
                    <Unicode>box 9/3</Unicode>
                </TextEquiv>
            </TextLine>
            <TextLine id="tr_2_tl_2" custom="readingOrder {index:1;}">
                <Coords points="1456,491 1501,495 1512,489 1531,501 1546,492 1579,503 1608,480 1627,483 1627,465 1600,462 1588,452 1558,446 1528,458 1515,450 1485,453 1470,443 1456,446"/>
                <Baseline points="1465,480 1492,478 1519,477 1547,477 1574,478 1601,480 1629,480"/>
                <TextEquiv>
                    <Unicode>.</Unicode>
                </TextEquiv>
            </TextLine>
            <TextLine id="tr_2_tl_3" custom="readingOrder {index:2;}">
                <Coords points="1859,539 1895,534 1919,548 1974,548 1991,560 2010,555 2048,569 2073,557 2067,495 2007,506 1976,492 1950,492 1929,474 1907,474 1881,488 1853,486"/>
                <Baseline points="1865,531 1891,534 1918,538 1944,542 1971,545 1997,549 2024,549 2050,549 2077,549"/>
                <TextEquiv>
                    <Unicode>1919</Unicode>
                </TextEquiv>
            </TextLine>
            <TextLine id="tr_2_tl_4" custom="readingOrder {index:3;}">
                <Coords points="1798,650 1857,643 1896,623 1926,638 1965,632 2012,643 2070,622 2069,578 1974,548 1795,555"/>
                <Baseline points="1805,608 1831,608 1858,609 1885,610 1912,612 1939,614 1966,614 1993,614 2020,614 2047,615 2074,617"/>
                <TextEquiv>
                    <Unicode></Unicode>
                </TextEquiv>
            </TextLine>
            <TextLine id="tr_2_tl_5" custom="readingOrder {index:4;}">
                <Coords points="1362,772 1609,736 1934,776 2126,748 2124,683 2051,692 1971,656 1839,659 1762,695 1359,674"/>
                <Baseline points="1369,731 1408,731 1448,731 1488,731 1528,731 1568,732 1608,735 1648,737 1688,737 1728,740 1768,740 1808,742 1848,743 1888,745 1928,746 1968,746 2008,746 2048,746 2088,746 2128,746"/>
                <TextEquiv>
                    <Unicode>Berliner Lokal Anzeige</Unicode>
                </TextEquiv>
            </TextLine>
            <TextLine id="tr_2_tl_6" custom="readingOrder {index:5;}">
                <Coords points="2253,907 3091,923 3090,881 3013,869 2253,865"/>
                <Baseline points="2262,895 2303,892 2345,892 2386,894 2428,897 2470,900 2511,901 2553,903 2595,904 2636,905 2678,907 2720,907 2761,907 2803,907 2845,907 2886,910 2928,910 2970,910 3011,912 3053,913 3095,913"/>
                <TextEquiv>
                    <Unicode>das Publie sich trotzdem amüsierte, so ist da</Unicode>
                </TextEquiv>
            </TextLine>
            <TextLine id="tr_2_tl_7" custom="readingOrder {index:6;}">
                <Coords points="2259,944 2428,988 2593,953 2719,995 2888,962 2975,991 3043,959 3126,989 3124,938 3052,911 2258,910"/>
                <Baseline points="2268,937 2311,937 2354,934 2397,937 2440,937 2483,939 2526,942 2569,943 2612,945 2655,946 2699,946 2742,948 2785,949 2828,949 2871,949 2914,950 2957,953 3000,956 3043,959 3086,963 3130,969"/>
                <TextEquiv>
                    <Unicode>ein Verdienst von Schnitzlers urwüchsigem Hut,</Unicode>
                </TextEquiv>
            </TextLine>
            <TextLine id="tr_2_tl_8" custom="readingOrder {index:7;}">
                <Coords points="1486,965 2093,973 2091,868 2070,860 1916,847 1838,884 1773,854 1629,884 1530,848 1485,862"/>
                <Baseline points="1495,943 1525,945 1555,946 1585,946 1615,948 1645,949 1675,949 1705,949 1735,949 1765,949 1795,949 1825,950 1855,952 1885,952 1915,953 1945,955 1975,955 2005,954 2035,952 2065,954 2095,955"/>
                <TextEquiv>
                    <Unicode>Theater u. Musik.</Unicode>
                </TextEquiv>
            </TextLine>
            <TextLine id="tr_2_tl_9" custom="readingOrder {index:8;}">
                <Coords points="2259,979 2270,979 2277,985 2282,983 2285,986 2297,982 2300,985 2304,980 2313,983 2321,980 2331,986 2342,983 2342,946 2333,947 2321,941 2313,947 2295,941 2274,947 2259,944"/>
                <Baseline points="2268,975 2293,973 2319,973 2345,975"/>
                <TextEquiv>
                    <Unicode>nor.</Unicode>
                </TextEquiv>
            </TextLine>
            <TextLine id="tr_2_tl_10" custom="readingOrder {index:9;}">
                <Coords points="1378,1021 2217,1030 2217,950 2058,983 1378,971"/>
                <Baseline points="1387,1020 1428,1017 1470,1017 1511,1017 1553,1019 1595,1020 1636,1020 1678,1020 1720,1020 1761,1020 1803,1020 1845,1020 1886,1020 1928,1023 1970,1023 2011,1026 2053,1026 2095,1026 2136,1026 2178,1028 2220,1029"/>
                <TextEquiv>
                    <Unicode>b. Das Schiller-Theater Charlottenburg</Unicode>
                </TextEquiv>
            </TextLine>
            <TextLine id="tr_2_tl_11" custom="readingOrder {index:10;}">
                <Coords points="1348,1063 1644,1064 1738,1096 1785,1069 2217,1076 2217,1030 1348,1031"/>
                <Baseline points="1357,1056 1400,1056 1443,1059 1486,1056 1529,1056 1572,1058 1615,1059 1659,1059 1702,1057 1745,1056 1788,1056 1831,1056 1874,1058 1917,1062 1961,1065 2004,1066 2047,1067 2090,1065 2133,1064 2176,1062 2220,1062"/>
                <TextEquiv>
                    <Unicode>veranstaltete einen Schnitzler=Abend, zu dem des</Unicode>
                </TextEquiv>
            </TextLine>
            <TextLine id="tr_2_tl_12" custom="readingOrder {index:11;}">
                <Coords points="1348,1111 2219,1111 2219,1073 2174,1066 1716,1088 1348,1063"/>
                <Baseline points="1357,1098 1400,1095 1443,1095 1486,1098 1530,1098 1573,1098 1616,1098 1660,1098 1703,1100 1746,1099 1790,1098 1833,1100 1876,1101 1919,1101 1963,1101 2006,1101 2049,1101 2093,1101 2136,1101 2179,1100 2223,1098"/>
                <TextEquiv>
                    <Unicode>Dichters „Anatol, bestehend aus den Ein¬</Unicode>
                </TextEquiv>
            </TextLine>
            <TextLine id="tr_2_tl_13" custom="readingOrder {index:12;}">
                <Coords points="1345,1141 2192,1153 2192,1106 2129,1100 1345,1111"/>
                <Baseline points="1354,1137 1396,1134 1438,1134 1480,1134 1522,1134 1564,1134 1606,1134 1648,1134 1690,1135 1732,1137 1775,1138 1817,1140 1859,1139 1901,1138 1943,1140 1985,1140 2027,1140 2069,1143 2111,1140 2153,1140 2196,1137"/>
                <TextEquiv>
                    <Unicode>altern „Die Frage an das Schicksal</Unicode>
                </TextEquiv>
            </TextLine>
            <TextLine id="tr_2_tl_14" custom="readingOrder {index:13;}">
                <Coords points="1338,1177 2217,1190 2216,1126 2139,1166 1338,1141"/>
                <Baseline points="1346,1175 1389,1172 1433,1172 1477,1169 1520,1172 1564,1172 1608,1175 1651,1175 1695,1175 1739,1175 1783,1175 1826,1177 1870,1178 1914,1180 1957,1181 2001,1179 2045,1180 2088,1179 2132,1180 2176,1181 2220,1178"/>
                <TextEquiv>
                    <Unicode>„Abschiedsouper, Episode und</Unicode>
                </TextEquiv>
            </TextLine>
            <TextLine id="tr_2_tl_15" custom="readingOrder {index:14;}">
                <Coords points="1345,1231 2216,1233 2214,1190 2129,1178 1344,1192"/>
                <Baseline points="1352,1214 1395,1211 1438,1211 1482,1211 1525,1211 1569,1208 1612,1210 1655,1213 1699,1216 1742,1215 1786,1214 1829,1214 1872,1214 1916,1216 1959,1217 2003,1217 2046,1217 2089,1216 2133,1215 2176,1218 2220,1220"/>
                <TextEquiv>
                    <Unicode>„Anatols Hochzeitsmorgen in Szene</Unicode>
                </TextEquiv>
            </TextLine>
            <TextLine id="tr_2_tl_16" custom="readingOrder {index:15;}">
                <Coords points="1344,1267 2213,1270 2213,1234 2111,1218 1344,1230"/>
                <Baseline points="1352,1250 1395,1250 1438,1250 1481,1247 1525,1250 1568,1250 1611,1250 1654,1252 1698,1253 1741,1253 1784,1253 1827,1253 1871,1255 1914,1254 1957,1253 2000,1254 2044,1256 2087,1256 2130,1256 2173,1256 2217,1259"/>
                <TextEquiv>
                    <Unicode>ging. Schnitzler ist ein ausgesprochener Vertre¬</Unicode>
                </TextEquiv>
            </TextLine>
            <TextLine id="tr_2_tl_17" custom="readingOrder {index:16;}">
                <Coords points="1345,1291 2219,1302 2196,1261 1345,1266"/>
                <Baseline points="1354,1289 1397,1286 1440,1289 1484,1286 1527,1289 1571,1289 1614,1289 1658,1289 1701,1291 1745,1292 1788,1292 1831,1292 1875,1294 1918,1295 1962,1295 2005,1295 2049,1295 2092,1295 2136,1295 2179,1295 2223,1295"/>
                <TextEquiv>
                    <Unicode>ter des Wiener Humors und so glänzender Schil¬</Unicode>
                </TextEquiv>
            </TextLine>
            <TextLine id="tr_2_tl_18" custom="readingOrder {index:17;}">
                <Coords points="1344,1339 2189,1348 2207,1303 1342,1294"/>
                <Baseline points="1352,1325 1397,1328 1442,1328 1487,1328 1532,1328 1578,1328 1623,1328 1668,1328 1713,1328 1758,1331 1804,1331 1849,1331 1894,1334 1939,1334 1984,1334 2030,1334 2075,1334 2120,1334 2165,1334 2211,1334"/>
                <TextEquiv>
                    <Unicode>derer bestimmter Wiener Typen, und verlangt</Unicode>
                </TextEquiv>
            </TextLine>
            <TextLine id="tr_2_tl_19" custom="readingOrder {index:18;}">
                <Coords points="1345,1366 2216,1381 2201,1338 1344,1342"/>
                <Baseline points="1354,1366 1397,1363 1440,1366 1483,1363 1527,1366 1570,1366 1613,1366 1657,1366 1700,1366 1743,1366 1787,1368 1830,1369 1873,1369 1916,1371 1960,1372 2003,1372 2046,1373 2090,1374 2133,1372 2176,1372 2220,1375"/>
                <TextEquiv>
                    <Unicode>einen so bestimmten Darstellungsstil, daß speziell</Unicode>
                </TextEquiv>
            </TextLine>
            <TextLine id="tr_2_tl_20" custom="readingOrder {index:19;}">
                <Coords points="1345,1413 2204,1422 2204,1381 2088,1374 1345,1372"/>
                <Baseline points="1354,1405 1396,1402 1439,1402 1482,1405 1524,1405 1567,1405 1610,1405 1652,1405 1695,1405 1738,1407 1781,1408 1823,1409 1866,1410 1909,1409 1951,1410 1994,1408 2037,1409 2079,1411 2122,1411 2165,1411 2208,1411"/>
                <TextEquiv>
                    <Unicode>seine Einakter eigentlich nur von Schauspieler</Unicode>
                </TextEquiv>
            </TextLine>
            <TextLine id="tr_2_tl_21" custom="readingOrder {index:20;}">
                <Coords points="1350,1456 2180,1464 2211,1461 2210,1420 1348,1420"/>
                <Baseline points="1357,1441 1399,1444 1442,1441 1485,1441 1528,1443 1571,1444 1614,1444 1656,1444 1699,1446 1742,1447 1785,1447 1828,1447 1871,1447 1914,1447 1956,1447 1999,1448 2042,1450 2085,1450 2128,1450 2171,1450 2214,1447"/>
                <TextEquiv>
                    <Unicode>gespielt werden können, die diesen Stil beherr¬</Unicode>
                </TextEquiv>
            </TextLine>
            <TextLine id="tr_2_tl_22" custom="readingOrder {index:21;}">
                <Coords points="1348,1489 2213,1497 2213,1461 2085,1450 1348,1458"/>
                <Baseline points="1357,1477 1400,1477 1443,1480 1486,1477 1529,1477 1572,1479 1615,1482 1658,1483 1701,1483 1744,1483 1787,1485 1830,1486 1873,1486 1916,1486 1959,1487 2002,1489 2045,1489 2088,1489 2131,1489 2174,1489 2217,1489"/>
                <TextEquiv>
                    <Unicode>schen, verfügt man aber nicht über solche Dar¬</Unicode>
                </TextEquiv>
            </TextLine>
            <TextLine id="tr_2_tl_23" custom="readingOrder {index:22;}">
                <Coords points="1344,1522 2213,1542 2198,1492 1344,1489"/>
                <Baseline points="1352,1519 1395,1519 1438,1516 1481,1519 1525,1519 1568,1519 1611,1521 1654,1522 1698,1522 1741,1522 1784,1522 1827,1524 1871,1525 1914,1527 1957,1526 2000,1526 2044,1528 2087,1528 2130,1528 2173,1528 2217,1528"/>
                <TextEquiv>
                    <Unicode>steller, so soll man es lieber lassen, und dieser Fall</Unicode>
                </TextEquiv>
            </TextLine>
            <TextLine id="tr_2_tl_24" custom="readingOrder {index:23;}">
                <Coords points="1338,1567 2136,1587 2201,1578 2201,1531 1336,1519"/>
                <Baseline points="1346,1557 1391,1557 1436,1554 1481,1554 1526,1557 1572,1557 1617,1560 1662,1560 1707,1560 1752,1560 1798,1563 1843,1560 1888,1563 1933,1563 1978,1563 2024,1566 2069,1566 2114,1566 2159,1566 2205,1563"/>
                <TextEquiv>
                    <Unicode>trifft für das Schiller-Theater zu. Herr Patsche</Unicode>
                </TextEquiv>
            </TextLine>
            <TextLine id="tr_2_tl_25" custom="readingOrder {index:24;}">
                <Coords points="1344,1605 2063,1620 2205,1609 2205,1575 1342,1567"/>
                <Baseline points="1352,1593 1394,1596 1437,1596 1480,1593 1523,1593 1566,1595 1608,1596 1651,1596 1694,1598 1737,1599 1780,1599 1822,1599 1865,1600 1908,1602 1951,1602 1994,1603 2036,1604 2079,1602 2122,1602 2165,1602 2208,1602"/>
                <TextEquiv>
                    <Unicode>ist gewiß ein begabter Schauspieler, aber für</Unicode>
                </TextEquiv>
            </TextLine>
            <TextLine id="tr_2_tl_26" custom="readingOrder {index:25;}">
                <Coords points="1344,1642 2207,1654 2207,1609 2142,1605 1344,1603"/>
                <Baseline points="1352,1632 1397,1635 1442,1635 1487,1635 1532,1635 1578,1635 1623,1635 1668,1635 1713,1638 1758,1638 1804,1638 1849,1638 1894,1641 1939,1641 1984,1641 2030,1641 2075,1641 2120,1644 2165,1642 2211,1644"/>
                <TextEquiv>
                    <Unicode>den Schnitzlerschen Anatol fehlt ihm so ziemlich</Unicode>
                </TextEquiv>
            </TextLine>
            <TextLine id="tr_2_tl_27" custom="readingOrder {index:26;}">
                <Coords points="1341,1681 2205,1692 2204,1654 2157,1647 1341,1641"/>
                <Baseline points="1349,1671 1394,1668 1439,1671 1484,1671 1529,1674 1575,1674 1620,1674 1665,1674 1710,1674 1755,1677 1801,1677 1846,1677 1891,1677 1936,1677 1981,1680 2027,1677 2072,1680 2117,1680 2162,1681 2208,1683"/>
                <TextEquiv>
                    <Unicode>alles. Derartige Anforderungen kann man</Unicode>
                </TextEquiv>
            </TextLine>
            <TextLine id="tr_2_tl_28" custom="readingOrder {index:27;}">
                <Coords points="1335,1720 2211,1731 2189,1684 1335,1686"/>
                <Baseline points="1343,1707 1386,1710 1430,1710 1473,1710 1517,1710 1560,1713 1604,1713 1647,1713 1691,1713 1734,1713 1778,1715 1822,1716 1865,1716 1909,1716 1952,1716 1996,1716 2039,1718 2083,1719 2126,1719 2170,1719 2214,1716"/>
                <TextEquiv>
                    <Unicode>überhaupt nicht an Vertreter seines Faches stel¬</Unicode>
                </TextEquiv>
            </TextLine>
            <TextLine id="tr_2_tl_29" custom="readingOrder {index:28;}">
                <Coords points="1338,1752 2208,1761 2163,1722 1338,1719"/>
                <Baseline points="1346,1742 1389,1748 1432,1748 1475,1748 1519,1748 1562,1751 1605,1748 1648,1750 1692,1753 1735,1754 1778,1754 1821,1754 1865,1752 1908,1753 1951,1754 1994,1756 2038,1755 2081,1755 2124,1757 2167,1756 2211,1757"/>
                <TextEquiv>
                    <Unicode>len, von einem Darsteller des Hamlets und ande¬</Unicode>
                </TextEquiv>
            </TextLine>
            <TextLine id="tr_2_tl_30" custom="readingOrder {index:29;}">
                <Coords points="1341,1802 2207,1812 2198,1759 1341,1755"/>
                <Baseline points="1349,1787 1392,1787 1435,1787 1478,1787 1521,1790 1564,1788 1607,1787 1650,1787 1693,1789 1736,1790 1780,1790 1823,1790 1866,1790 1909,1792 1952,1793 1995,1793 2038,1794 2081,1796 2124,1796 2167,1796 2211,1799"/>
                <TextEquiv>
                    <Unicode>re klassischer Schau= und Lustspielheiden kann</Unicode>
                </TextEquiv>
            </TextLine>
            <TextLine id="tr_2_tl_31" custom="readingOrder {index:30;}">
                <Coords points="1338,1829 2070,1848 2210,1839 2210,1812 1336,1791"/>
                <Baseline points="1346,1823 1389,1826 1432,1826 1476,1826 1519,1829 1563,1826 1606,1826 1649,1826 1693,1826 1736,1826 1780,1828 1823,1829 1866,1829 1910,1831 1953,1834 1997,1833 2040,1832 2083,1832 2127,1832 2170,1832 2214,1832"/>
                <TextEquiv>
                    <Unicode>man mit dem besten Willen keinen Anatol vor¬</Unicode>
                </TextEquiv>
            </TextLine>
            <TextLine id="tr_2_tl_32" custom="readingOrder {index:31;}">
                <Coords points="1332,1872 2208,1878 2198,1838 1603,1827 1500,1853 1332,1824"/>
                <Baseline points="1340,1862 1383,1865 1427,1865 1470,1868 1514,1861 1557,1863 1601,1865 1644,1865 1688,1865 1731,1867 1775,1866 1819,1867 1862,1868 1906,1870 1949,1871 1993,1871 2036,1871 2080,1871 2123,1872 2167,1873 2211,1874"/>
                <TextEquiv>
                    <Unicode>langen. Deshalb trifft der Vorwurf für die</Unicode>
                </TextEquiv>
            </TextLine>
            <TextLine id="tr_2_tl_33" custom="readingOrder {index:32;}">
                <Coords points="1354,1902 1533,1932 1575,1908 2204,1917 2204,1880 2153,1872 1648,1886 1509,1860 1354,1889"/>
                <Baseline points="1363,1901 1405,1901 1447,1901 1489,1903 1532,1904 1574,1904 1616,1904 1658,1904 1701,1904 1743,1905 1785,1907 1827,1907 1870,1907 1912,1908 1954,1910 1996,1910 2039,1910 2081,1910 2123,1910 2165,1910 2208,1910"/>
                <TextEquiv>
                    <Unicode>sische Besetzung der Rollen in erster Linie die</Unicode>
                </TextEquiv>
            </TextLine>
            <TextLine id="tr_2_tl_34" custom="readingOrder {index:33;}">
                <Coords points="1344,1950 2205,1962 2205,1922 2151,1911 1531,1931 1344,1904"/>
                <Baseline points="1352,1928 1394,1939 1437,1939 1480,1942 1523,1945 1566,1940 1608,1942 1651,1942 1694,1942 1737,1942 1780,1945 1822,1942 1865,1942 1908,1945 1951,1948 1994,1948 2036,1948 2079,1948 2122,1948 2165,1948 2208,1948"/>
                <TextEquiv>
                    <Unicode>Direktion. Zum Ueberfluß beherrschte er den</Unicode>
                </TextEquiv>
            </TextLine>
            <TextLine id="tr_2_tl_35" custom="readingOrder {index:34;}">
                <Coords points="1341,1988 2207,1998 2207,1962 2130,1947 1341,1950"/>
                <Baseline points="1349,1981 1392,1978 1435,1978 1478,1978 1521,1978 1564,1980 1607,1981 1650,1981 1693,1981 1736,1981 1780,1981 1823,1981 1866,1983 1909,1984 1952,1984 1995,1985 2038,1987 2081,1987 2124,1987 2167,1987 2211,1984"/>
                <TextEquiv>
                    <Unicode>Wiener Dialekt, ohne den Schnitzler nicht denkbar</Unicode>
                </TextEquiv>
            </TextLine>
            <TextLine id="tr_2_tl_36" custom="readingOrder {index:35;}">
                <Coords points="1332,2031 2208,2031 2178,1992 1332,1986"/>
                <Baseline points="1340,2017 1383,2017 1427,2017 1470,2017 1514,2017 1557,2020 1601,2020 1644,2020 1688,2018 1731,2022 1775,2021 1819,2020 1862,2020 1906,2022 1949,2023 1993,2023 2036,2025 2080,2026 2123,2026 2167,2025 2211,2023"/>
                <TextEquiv>
                    <Unicode>ist, überhaupt nicht, in schwacher Versuch miß¬</Unicode>
                </TextEquiv>
            </TextLine>
            <TextLine id="tr_2_tl_37" custom="readingOrder {index:36;}">
                <Coords points="1341,2073 2207,2078 2207,2031 1341,2028"/>
                <Baseline points="1349,2053 1392,2056 1435,2056 1478,2056 1521,2056 1564,2056 1607,2056 1650,2056 1693,2058 1736,2059 1780,2059 1823,2059 1866,2059 1909,2061 1952,2062 1995,2062 2038,2062 2081,2063 2124,2065 2167,2064 2211,2062"/>
                <TextEquiv>
                    <Unicode>glückte kläglich. Diesen Versuch unternahm sein</Unicode>
                </TextEquiv>
            </TextLine>
            <TextLine id="tr_2_tl_38" custom="readingOrder {index:37;}">
                <Coords points="1332,2102 2201,2109 2201,2075 2106,2066 1332,2064"/>
                <Baseline points="1340,2095 1383,2095 1426,2095 1469,2095 1513,2095 1556,2095 1599,2095 1642,2095 1686,2097 1729,2098 1772,2096 1815,2097 1859,2098 1902,2100 1945,2103 1988,2103 2032,2102 2075,2104 2118,2103 2161,2102 2205,2101"/>
                <TextEquiv>
                    <Unicode>Partner Heinzeuger, der den Max gab, schlauer¬</Unicode>
                </TextEquiv>
            </TextLine>
            <TextLine id="tr_2_tl_39" custom="readingOrder {index:38;}">
                <Coords points="1332,2135 2208,2147 2208,2111 2159,2106 1332,2102"/>
                <Baseline points="1340,2130 1383,2133 1427,2133 1470,2133 1514,2133 1557,2133 1601,2133 1644,2133 1688,2133 1731,2133 1775,2133 1819,2135 1862,2136 1906,2136 1949,2138 1993,2139 2036,2139 2080,2141 2123,2142 2167,2142 2211,2142"/>
                <TextEquiv>
                    <Unicode>weise überhaupt nicht, aber auch ihm lag die</Unicode>
                </TextEquiv>
            </TextLine>
            <TextLine id="tr_2_tl_40" custom="readingOrder {index:39;}">
                <Coords points="1332,2187 2148,2193 2201,2186 2201,2153 1330,2138"/>
                <Baseline points="1340,2172 1383,2172 1426,2172 1469,2169 1513,2172 1556,2172 1599,2172 1642,2172 1686,2172 1729,2172 1772,2172 1815,2174 1859,2175 1902,2175 1945,2177 1988,2178 2032,2178 2075,2179 2118,2180 2161,2178 2205,2178"/>
                <TextEquiv>
                    <Unicode>Rolle nicht, auch ihm fehlte der leichte Ton. Die</Unicode>
                </TextEquiv>
            </TextLine>
            <TextLine id="tr_2_tl_41" custom="readingOrder {index:40;}">
                <Coords points="1335,2219 2202,2232 2201,2189 2123,2178 1335,2186"/>
                <Baseline points="1343,2211 1386,2211 1429,2211 1472,2208 1515,2208 1558,2210 1601,2211 1644,2211 1687,2211 1730,2211 1774,2211 1817,2213 1860,2214 1903,2214 1946,2215 1989,2217 2032,2217 2075,2217 2118,2217 2161,2217 2205,2217"/>
                <TextEquiv>
                    <Unicode>einzige, die den Wiener Ton traf, war Stephanie</Unicode>
                </TextEquiv>
            </TextLine>
            <TextLine id="tr_2_tl_42" custom="readingOrder {index:41;}">
                <Coords points="1335,2255 2205,2267 2204,2231 2150,2220 1335,2219"/>
                <Baseline points="1343,2250 1386,2250 1429,2247 1472,2250 1516,2247 1559,2247 1602,2247 1645,2249 1689,2250 1732,2250 1775,2250 1818,2250 1862,2252 1905,2253 1948,2253 1991,2253 2035,2256 2078,2258 2121,2256 2164,2257 2208,2259"/>
                <TextEquiv>
                    <Unicode>Kriß als Annie im Abschiedsfouper, nur hätte</Unicode>
                </TextEquiv>
            </TextLine>
            <TextLine id="tr_2_tl_43" custom="readingOrder {index:42;}">
                <Coords points="1335,2297 2201,2300 2201,2267 2115,2256 1335,2253"/>
                <Baseline points="1343,2286 1386,2286 1429,2283 1472,2286 1515,2286 1558,2286 1601,2286 1644,2286 1687,2286 1730,2288 1774,2289 1817,2289 1860,2289 1903,2291 1946,2292 1989,2292 2032,2293 2075,2295 2118,2295 2161,2296 2205,2298"/>
                <TextEquiv>
                    <Unicode>sie ein geschmackvolleres Kleid wählen sollen.</Unicode>
                </TextEquiv>
            </TextLine>
            <TextLine id="tr_2_tl_44" custom="readingOrder {index:43;}">
                <Coords points="1341,2333 2204,2343 2183,2298 1341,2295"/>
                <Baseline points="1349,2321 1391,2324 1434,2321 1477,2324 1520,2324 1563,2324 1605,2326 1648,2325 1691,2326 1734,2327 1777,2327 1819,2327 1862,2327 1905,2328 1948,2330 1991,2331 2033,2333 2076,2332 2119,2331 2162,2334 2205,2336"/>
                <TextEquiv>
                    <Unicode>Mit der Rollen der Corn und Bianca fand sich</Unicode>
                </TextEquiv>
            </TextLine>
            <TextLine id="tr_2_tl_45" custom="readingOrder {index:44;}">
                <Coords points="1332,2388 2201,2382 2199,2345 2139,2334 1330,2336"/>
                <Baseline points="1340,2360 1383,2360 1426,2363 1469,2360 1513,2363 1556,2363 1599,2363 1642,2363 1686,2365 1729,2366 1772,2366 1815,2366 1859,2366 1902,2368 1945,2369 1988,2369 2032,2369 2075,2369 2118,2370 2161,2372 2205,2372"/>
                <TextEquiv>
                    <Unicode>Claire Selo leidlich ab. Auch Else Wasa konnte</Unicode>
                </TextEquiv>
            </TextLine>
            <TextLine id="tr_2_tl_46" custom="readingOrder {index:45;}">
                <Coords points="1333,2417 2192,2416 2175,2376 1332,2385"/>
                <Baseline points="1340,2399 1382,2399 1425,2399 1468,2402 1511,2402 1554,2402 1596,2402 1639,2402 1682,2402 1725,2404 1768,2405 1810,2403 1853,2403 1896,2405 1939,2406 1982,2408 2024,2408 2067,2408 2110,2408 2153,2408 2196,2408"/>
                <TextEquiv>
                    <Unicode>als Ilona in „Anatole Hochzeitsmorgen den rech¬</Unicode>
                </TextEquiv>
            </TextLine>
            <TextLine id="tr_2_tl_47" custom="readingOrder {index:46;}">
                <Coords points="1332,2441 2198,2456 2198,2419 2108,2410 1332,2417"/>
                <Baseline points="1340,2438 1383,2438 1426,2438 1469,2438 1512,2438 1555,2438 1598,2440 1641,2441 1684,2441 1727,2441 1771,2443 1814,2442 1857,2443 1900,2442 1943,2442 1986,2445 2029,2448 2072,2450 2115,2449 2158,2447 2202,2450"/>
                <TextEquiv>
                    <Unicode>van Ton nicht finden, auch ihre Versuche, wiene¬</Unicode>
                </TextEquiv>
            </TextLine>
            <TextLine id="tr_2_tl_48" custom="readingOrder {index:47;}">
                <Coords points="1335,2479 2198,2501 2198,2456 1333,2441"/>
                <Baseline points="1343,2477 1388,2477 1433,2477 1478,2477 1523,2480 1569,2480 1614,2477 1659,2480 1704,2480 1749,2480 1795,2480 1840,2480 1885,2480 1930,2483 1975,2483 2021,2486 2066,2486 2111,2486 2156,2486 2202,2489"/>
                <TextEquiv>
                    <Unicode>risch zu sprechen, scheiterten vollständig. Alles</Unicode>
                </TextEquiv>
            </TextLine>
            <TextLine id="tr_2_tl_49" custom="readingOrder {index:48;}">
                <Coords points="1335,2546 2190,2552 2231,2542 2231,2483 1333,2479"/>
                <Baseline points="1343,2518 1387,2518 1432,2518 1476,2521 1521,2521 1566,2521 1610,2524 1655,2524 1699,2521 1744,2524 1789,2524 1833,2524 1878,2524 1922,2524 1967,2524 2012,2527 2056,2527 2101,2527 2145,2530 2190,2530 2235,2536"/>
                <TextEquiv>
                    <Unicode>in allem war es ein verfehlter Abend, und wenn</Unicode>
                </TextEquiv>
            </TextLine>
            <TextLine id="tr_2_tl_50" custom="readingOrder {index:49;}">
                <Coords points="1847,2980 1931,2989 2118,2944 2219,2947 2258,2920 2385,2917 2393,2855 2199,2825 2061,2872 1901,2882 1862,2863"/>
                <Baseline points="1856,2969 1882,2963 1909,2960 1936,2960 1962,2957 1989,2954 2016,2952 2042,2950 2069,2946 2096,2942 2123,2939 2149,2933 2176,2929 2203,2928 2229,2925 2256,2921 2283,2916 2309,2911 2336,2910 2363,2908 2390,2906"/>
                <TextEquiv>
                    <Unicode>LINER TAGE</Unicode>
                </TextEquiv>
            </TextLine>
            <TextLine id="tr_2_tl_51" custom="readingOrder {index:50;}">
                <Coords points="2102,3009 2193,2998 2232,3021 2300,3022 2342,3002 2378,3006 2378,2935 2346,2933 2313,2951 2181,2944 2147,2960 2133,2947 2102,2947"/>
                <Baseline points="2110,2987 2137,2989 2164,2991 2191,2992 2218,2993 2245,2993 2272,2991 2299,2989 2326,2987 2353,2988 2381,2990"/>
                <TextEquiv>
                    <Unicode>3-FER 1979</Unicode>
                </TextEquiv>
            </TextLine>
            <TextLine id="tr_2_tl_52" custom="readingOrder {index:51;}">
                <Coords points="1678,3133 2783,3184 2815,3130 1677,3093"/>
                <Baseline points="1686,3121 1742,3122 1799,3127 1856,3127 1912,3130 1969,3134 2026,3136 2082,3139 2139,3139 2196,3140 2253,3144 2309,3148 2366,3151 2423,3152 2479,3156 2536,3157 2593,3158 2649,3162 2706,3165 2763,3166 2820,3166"/>
                <TextEquiv>
                    <Unicode>Schiller-Theater. Die Neueinstudierung von vier Ein¬</Unicode>
                </TextEquiv>
            </TextLine>
            <TextLine id="tr_2_tl_53" custom="readingOrder {index:52;}">
                <Coords points="1624,3172 2803,3226 2812,3172 1623,3139"/>
                <Baseline points="1632,3160 1691,3161 1750,3165 1809,3166 1869,3169 1928,3169 1987,3175 2046,3178 2106,3178 2165,3183 2224,3188 2283,3190 2343,3193 2402,3194 2461,3198 2520,3199 2580,3200 2639,3205 2698,3207 2757,3208 2817,3208"/>
                <TextEquiv>
                    <Unicode>akten aus dem Schnitzlerschen „Anatole-Zyklus gab zwei</Unicode>
                </TextEquiv>
            </TextLine>
            <TextLine id="tr_2_tl_54" custom="readingOrder {index:53;}">
                <Coords points="1620,3211 2786,3268 2813,3222 1618,3175"/>
                <Baseline points="1626,3202 1685,3205 1745,3205 1804,3208 1864,3209 1923,3213 1983,3214 2042,3218 2102,3220 2161,3223 2221,3226 2281,3228 2340,3232 2400,3235 2459,3237 2519,3241 2578,3241 2638,3243 2697,3247 2757,3248 2817,3250"/>
                <TextEquiv>
                    <Unicode>jugendlichen Donneren Gelegenheit, sich der großen Anhänger¬</Unicode>
                </TextEquiv>
            </TextLine>
            <TextLine id="tr_2_tl_55" custom="readingOrder {index:54;}">
                <Coords points="1630,3253 2812,3298 2711,3253 1629,3213"/>
                <Baseline points="1638,3247 1696,3247 1755,3249 1814,3250 1873,3254 1932,3256 1990,3259 2049,3262 2108,3262 2167,3264 2226,3268 2284,3269 2343,3271 2402,3277 2461,3275 2520,3279 2578,3283 2637,3285 2696,3288 2755,3288 2814,3291"/>
                <TextEquiv>
                    <Unicode>schaft der Charlottenburger volkstümlichen Bühne vorzustellen.</Unicode>
                </TextEquiv>
            </TextLine>
            <TextLine id="tr_2_tl_56" custom="readingOrder {index:55;}">
                <Coords points="1621,3291 2810,3346 2807,3298 1620,3258"/>
                <Baseline points="1629,3283 1688,3287 1747,3290 1806,3291 1865,3294 1924,3296 1983,3300 2042,3301 2101,3305 2160,3306 2220,3312 2279,3312 2338,3315 2397,3318 2456,3318 2515,3320 2574,3324 2633,3327 2692,3329 2751,3330 2811,3333"/>
                <TextEquiv>
                    <Unicode>Th eine, Claire Selt, eine aparte, anmutige Erschung, besitzt</Unicode>
                </TextEquiv>
            </TextLine>
            <TextLine id="tr_2_tl_57" custom="readingOrder {index:56;}">
                <Coords points="1623,3339 2740,3390 2810,3387 2809,3346 1621,3291"/>
                <Baseline points="1629,3327 1688,3330 1747,3332 1806,3336 1865,3337 1924,3339 1983,3342 2042,3342 2101,3344 2160,3348 2220,3352 2279,3354 2338,3357 2397,3357 2456,3360 2515,3362 2574,3363 2633,3366 2692,3368 2751,3375 2811,3375"/>
                <TextEquiv>
                    <Unicode>augenscheinlich noch nicht viel Routine und bewegt sich auf der Bühne</Unicode>
                </TextEquiv>
            </TextLine>
            <TextLine id="tr_2_tl_58" custom="readingOrder {index:57;}">
                <Coords points="1615,3369 2773,3430 2806,3388 1614,3337"/>
                <Baseline points="1623,3363 1682,3369 1741,3373 1801,3375 1860,3376 1920,3380 1979,3381 2038,3384 2098,3386 2157,3387 2217,3391 2276,3393 2335,3396 2395,3397 2454,3401 2514,3402 2573,3403 2632,3407 2692,3411 2751,3417 2811,3414"/>
                <TextEquiv>
                    <Unicode>mitunter noch ziemlich unbeholfen, scheint aber immerhin genügend</Unicode>
                </TextEquiv>
            </TextLine>
            <TextLine id="tr_2_tl_59" custom="readingOrder {index:58;}">
                <Coords points="1615,3421 2803,3469 2759,3420 1614,3370"/>
                <Baseline points="1623,3411 1682,3412 1741,3416 1800,3417 1859,3420 1918,3422 1977,3423 2036,3427 2095,3429 2154,3432 2214,3432 2273,3434 2332,3435 2391,3439 2450,3444 2509,3444 2568,3447 2627,3448 2686,3452 2745,3456 2805,3459"/>
                <TextEquiv>
                    <Unicode>Talent zu besitzen, um sich, nach Ueberwindung gewisser äußerlicher</Unicode>
                </TextEquiv>
            </TextLine>
            <TextLine id="tr_2_tl_60" custom="readingOrder {index:59;}">
                <Coords points="1609,3463 2804,3505 2777,3462 1608,3426"/>
                <Baseline points="1617,3447 1676,3454 1735,3458 1795,3459 1854,3462 1914,3464 1973,3465 2032,3466 2092,3470 2151,3474 2211,3477 2270,3477 2329,3480 2389,3483 2448,3485 2508,3485 2567,3489 2626,3493 2686,3494 2745,3497 2805,3497"/>
                <TextEquiv>
                    <Unicode>Hemmungen, dereinst durchzusetzen. Die andere, Stephanie</Unicode>
                </TextEquiv>
            </TextLine>
            <TextLine id="tr_2_tl_61" custom="readingOrder {index:60;}">
                <Coords points="1609,3508 2783,3561 2803,3505 1608,3463"/>
                <Baseline points="1617,3494 1676,3495 1736,3499 1795,3500 1855,3501 1914,3505 1974,3506 2033,3509 2093,3509 2152,3515 2212,3516 2272,3518 2331,3518 2391,3522 2450,3524 2510,3527 2569,3528 2629,3532 2688,3536 2748,3539 2808,3539"/>
                <TextEquiv>
                    <Unicode>Kriß, hat echtes Bühnenblut; sie ist rassig und temperamentvoll</Unicode>
                </TextEquiv>
            </TextLine>
            <TextLine id="tr_2_tl_62" custom="readingOrder {index:61;}">
                <Coords points="1609,3540 2792,3586 2764,3544 1609,3508"/>
                <Baseline points="1617,3533 1679,3537 1741,3539 1803,3539 1865,3542 1927,3545 1989,3548 2051,3548 2113,3551 2175,3555 2237,3557 2299,3558 2361,3562 2423,3566 2485,3567 2547,3569 2609,3572 2671,3577 2733,3578 2796,3575"/>
                <TextEquiv>
                    <Unicode>und führte die Szene der kleinen Balletteuse im Abschieds¬</Unicode>
                </TextEquiv>
            </TextLine>
            <TextLine id="tr_2_tl_63" custom="readingOrder {index:62;}">
                <Coords points="1614,3586 2803,3635 2749,3582 1612,3543"/>
                <Baseline points="1620,3572 1679,3578 1738,3580 1797,3581 1857,3582 1916,3586 1975,3590 2034,3590 2094,3592 2153,3593 2212,3597 2271,3601 2331,3602 2390,3606 2449,3608 2508,3608 2568,3612 2627,3615 2686,3617 2745,3620 2805,3620"/>
                <TextEquiv>
                    <Unicode>souper recht pikant und voller Schneid durch. Die Hauptrollen</Unicode>
                </TextEquiv>
            </TextLine>
            <TextLine id="tr_2_tl_64" custom="readingOrder {index:63;}">
                <Coords points="1605,3636 2794,3678 2767,3627 1603,3586"/>
                <Baseline points="1611,3617 1670,3620 1729,3620 1788,3620 1848,3624 1907,3628 1966,3629 2025,3633 2085,3635 2144,3638 2203,3639 2262,3641 2322,3644 2381,3645 2440,3649 2499,3652 2559,3654 2618,3657 2677,3659 2736,3662 2796,3662"/>
                <TextEquiv>
                    <Unicode>lagen in den bwährten Händen der Herren Paschke (Anatol)</Unicode>
                </TextEquiv>
            </TextLine>
            <TextLine id="tr_2_tl_65" custom="readingOrder {index:64;}">
                <Coords points="1606,3675 2794,3725 2761,3669 1605,3636"/>
                <Baseline points="1614,3659 1673,3663 1732,3665 1791,3668 1850,3668 1909,3670 1968,3674 2027,3676 2086,3676 2145,3679 2205,3680 2264,3684 2323,3688 2382,3688 2441,3692 2500,3694 2559,3694 2618,3695 2677,3701 2736,3706 2796,3706"/>
                <TextEquiv>
                    <Unicode>und Senger (Max), wobei die überlegen ironische Art Heinz</Unicode>
                </TextEquiv>
            </TextLine>
            <TextLine id="tr_2_tl_66" custom="readingOrder {index:65;}">
                <Coords points="1609,3708 2789,3758 2788,3720 2575,3698 1608,3663"/>
                <Baseline points="1617,3697 1675,3701 1734,3705 1793,3706 1852,3707 1911,3711 1969,3715 2028,3716 2087,3719 2146,3721 2205,3721 2263,3724 2322,3728 2381,3730 2440,3731 2499,3733 2557,3736 2616,3737 2675,3739 2734,3745 2793,3745"/>
                <TextEquiv>
                    <Unicode>Sengers über den weichlich-sentimentalen Freund entschieden den</Unicode>
                </TextEquiv>
            </TextLine>
            <TextLine id="tr_2_tl_67" custom="readingOrder {index:66;}">
                <Coords points="1603,3743 2683,3801 2798,3791 2797,3749 1602,3707"/>
                <Baseline points="1611,3739 1670,3743 1730,3745 1789,3748 1849,3749 1908,3751 1968,3754 2027,3757 2087,3759 2146,3760 2206,3763 2266,3767 2325,3769 2385,3769 2444,3771 2504,3775 2563,3778 2623,3782 2682,3784 2742,3786 2802,3784"/>
                <TextEquiv>
                    <Unicode>Sieg davontrug. Das liegt aber wohl zum guten Teil in der ganzen</Unicode>
                </TextEquiv>
            </TextLine>
            <TextLine id="tr_2_tl_68" custom="readingOrder {index:67;}">
                <Coords points="1591,3780 2797,3854 2794,3788 1590,3750"/>
                <Baseline points="1599,3778 1659,3785 1719,3787 1779,3787 1839,3791 1899,3793 1959,3796 2019,3799 2079,3801 2139,3805 2199,3805 2259,3805 2319,3808 2379,3811 2439,3813 2499,3817 2559,3820 2619,3822 2679,3826 2739,3826 2799,3823"/>
                <TextEquiv>
                    <Unicode>Anlage der Dichtung. Die geschmackvolle Regie, die sehr hübsche</Unicode>
                </TextEquiv>
            </TextLine>
            <TextLine id="tr_2_tl_69" custom="readingOrder {index:68;}">
                <Coords points="1587,3842 2027,3905 2363,3858 2711,3879 2711,3837 1584,3794"/>
                <Baseline points="1593,3826 1649,3827 1705,3829 1761,3831 1817,3838 1873,3838 1929,3840 1985,3841 2041,3841 2097,3845 2154,3847 2210,3849 2266,3850 2322,3851 2378,3855 2434,3856 2490,3859 2546,3859 2602,3861 2658,3864 2715,3862"/>
                <TextEquiv>
                    <Unicode>Innenbilder zeigte, lag in den Händen von Franz Bonno.</Unicode>
                </TextEquiv>
            </TextLine>
            <TextLine id="tr_2_tl_70" custom="readingOrder {index:69;}">
                <Coords points="2316,3893 2441,3924 2467,3903 2636,3911 2690,3935 2737,3918 2806,3926 2803,3872 2786,3867 2608,3882 2315,3863"/>
                <Baseline points="2324,3879 2349,3879 2374,3880 2400,3883 2425,3886 2451,3887 2476,3888 2502,3888 2527,3891 2553,3894 2578,3894 2604,3895 2629,3896 2655,3897 2680,3897 2706,3900 2731,3903 2757,3903 2782,3902 2808,3900"/>
                <TextEquiv>
                    <Unicode></Unicode>
                </TextEquiv>
            </TextLine>
            <TextEquiv>
                <Unicode></Unicode>
            </TextEquiv>
        </TextRegion>
    </Page>
</PcGts>
