3248 4256
52 168 252 291 4.9.
447 61 2032 133 par
463 74 3026 165 les trois de religions différentes. Sa ca¬ fuira, plein de haine pour lui-même et confrères qui m'ont pris tous les adjec¬
2191 155 3026 204 tifs que je destinais à ces incomparable¬
1327 159 2168 204 de mélancolie. Si j'avais été M. Passeur
456 162 1301 227 tholique est divorcée, elle aime l'amour
1324 194 3026 252 je m'en serai tenu à son premier acte où comédiens. Une soirée qu’on ne perd pas
2201 233 3029 288 Tous mes compliments encore pour Mar¬
1320 249 2162 311 la synthèse de cet amour exceptionnel
1324 275 3036 337 inhumain, est exposée dans sa plénitude cel Achard ; qu'il ne s’écarte pas de cette
2191 320 3036 372 voie. L'avenir aujourd'hui est à Musset, à
1324 333 2168 385 avec l'âpre talent que nous lui connais¬
1324 362 3036 421 sons. Pour moi, toute la nouveauté des tout ce qui fera écho à l’amour tendre et
2188 398 3036 456 chantant, à une fantaisie naturelle qui ne
1324 421 2162 469 Tricheurs y était incluse. Les deux acte¬
1324 450 3100 528 suivants ont des longueurs, irritent, pa¬ dessèche point le cœur, à la poésie qui su
1327 502 2544 566 raissent hors de la vie, n'ajoutent rien au ne corrompt pas.
2314 521 2994 602 MAURICE MARTIN DU GARD.
1324 550 2172 602 premier. Mais j'ai peut-être mal compris
1320 595 2168 638 M. Passeur, n'ayant vu d'abord dans sa
2547 595 2680 657 a
1327 638 2168 689 pièce qu'un tricheur, non pas lui, mais
2194 621 3036 718 LE SCEPTIQUE EBLOUI, par René
1320 683 2162 731 son juif, joué par M. Dalio à la perfec¬
2227 686 2693 754 Bruyez (au Tremplin.)
1324 722 2172 773 tion, dont l'imagination morbide cherche
2220 709 3042 803 Ce drame en deux actes constituait la
1324 770 2168 845 partout des victimes et commence par
2191 770 3036 819 pièce de résistance dans le premier spec¬
2194 809 3019 851 tacle du Tremplin, « théâtre-critique au se¬
1327 806 1528 864 lui-même.
2201 838 3039 900 vice des inconnus et des méconnus ». Mais
1369 822 2175 896 Je m'en voudrais de paraître opposer
2201 877 3032 922 il serait injuste de ne pas signaler l'im¬
1320 896 2162 948 deux auteurs dramatiques de la même gé
2197 906 3036 958 promptu Loufoque, par lequel commença la
1320 939 3026 984 nération comme MM. Steve Passeur et soirée : Carlos Larronde, auteur et princi¬
1324 974 3036 1029 Marcel Achard, qui ont tous les deux beau¬ pal interprète de cette fantaisie, y mêla fort
2194 1006 3039 1055 adroitement les allusions satiriques et les
1320 1029 2165 1074 coup de talent, mais qu'ils emploient à de¬
1013 997 1175 1094 ce
2191 1042 3029 1094 professions de foi ; brandissant la marott¬
1327 1061 2172 1113 fins si différentes. Je commence à être
2191 1074 3032 1123 du fou, il fit sonner quelques dures vérités
1327 1113 3029 1162 irrité par les pièces d’où l'on sort l'esprit aux oreilles des spectateurs. Une panto
1320 1142 3032 1204 amer, fatigué d'avoir vu à la scène triom¬ mine, Les clowns verts, termina la séance
718 1136 1029 1233 Steve Passeur
2197 1178 3036 1227 Mme Dussi Bereska avait composé cette
1324 1194 2165 1252 pher une fois encore, sur les passions na
2194 1220 3032 1256 suite de tableaux; elle les dans avec une
450 1197 1294 1282 et l'indépendance ; on trouverait des jui
1324 1249 3039 1291 turelles, des malades et des demi-fous. M. troupe augmentée du clown allemand Robsi,
456 1269 1301 1317 ves dans ce cas. Son protestant est ur
1324 1285 3036 1337 Marcel Achard aime la vie, ne voit pas dont la verve gymnique anima savoureuse¬
2191 1327 2709 1366 ment ces scènes stylisées.
456 1320 2172 1375 garçon droit, sérieux, qui ne pense qu'à tout en noir, et n’exerce pas de représail¬
2220 1333 3032 1392 Le sceptique ébloui s'inspire du verset de
456 1359 1304 1408 mettre de l'ordre dans sa vie comme dans
1327 1362 2172 1417 les sur ses héros, il fait la part des choses,
2194 1388 3039 1430 saint Jean, où André Gide puisa le titre de
456 1401 1304 1466 celle des autres : M. Passeur également
1324 1414 3039 1466 il sait observer ce qu’il y a de charmant, ses confessions : « Si le grain de froment
456 1443 1304 1492 conviendra qu'on rencontre de pareils
2197 1456 3039 1498 ne meurt, après qu’on l’a jeté dans la terre,
1327 1463 2168 1511 d'ailé, d'un peu drôle et d'un peu mélan¬
2197 1489 3042 1531 il demeure seul ; mais s'il meurt, il porte
453 1489 1301 1544 traits chez des bourgeois conformistes
1327 1502 2165 1553 colique aussi dans chacun de nous. Il y
2197 1521 3039 1570 beaucoup de fruit. » Ce qui meurt dans
456 1540 2172 1595 qui ne doivent rien à Luther. Pour son a dans tout ce qu’il fait un fond de santé
2201 1557 3039 1602 l'âme de l'abbé Coulijard, c'est la foi, ou
450 1573 1304 1631 juif, c'est une autre affaire; il n'est pas
1327 1589 3039 1638 bien sympathique, et les pires aventuriers du moins une certaine forme de la foi
456 1615 1301 1667 chrétien, en tout cas. Parmi les intellec¬
2191 1625 3039 1670 ce qui naît, c'est la sainteté. Ce thème au¬
1324 1631 2168 1683 qu'il engage dans son répertoire ont tous
2194 1660 3032 1699 dacieux est traité avec autant de noblesse
460 1663 2168 1722 tualistes de Bourse, du bord de Samuel quelque chose de tendre et d'humain et un
2197 1689 3045 1735 que de vigueur ; mais une pareille crise
456 1702 1301 1754 Luckmann, ni même chez les juifs philo¬
1330 1718 2172 1770 idéalisme qui n'évoque jamais rien de
2197 1731 3045 1773 psychologique est le résultat d’une longue
456 1754 3042 1799 sophes les plus dociles aux prestiges de niais. Cela part sur une anecdote chimé évolution. Dans la discussion qu’après la
2197 1796 3045 1838 représentation Georges Delamare provoqua
447 1793 1301 1841 l'abstraction, en est-il si souvent pour se
1327 1809 2172 1854 rique, incroyable, mais pas plus incroya¬
2191 1828 3036 1874 et conduisit avec brio, d'aucuns reproche
456 1832 1301 1887 contenter de la possession spirituelle des
1320 1851 3042 1916 ble que dans Marivaux, et cela s'impose, rent à René Bruyez la lenteur de son expo¬
456 1877 1298 1932 femmes qu’ils adorent? M. Passeur veu
1330 1896 2168 1948 par la promptitude et la vérité des obser¬
2191 1896 3039 1942 sition. Je crois que si le début de chaque
456 1922 1301 1971 démontrer ici que l'amour étant une créa¬
1324 1939 3042 1990 vations, la délicatesse de la rêverie qui acte paraît se dérouler au ralenti, on en
2197 1964 3036 2010 doit accuser la nécessité où se trouve le
456 1968 2172 2029 tion de l'esprit, ceux qui possèdent le plus court, comme une petite source à peine
2201 2000 3045 2065 protagoniste de nous révéler assez de son
456 2023 2172 2071 d'imagination — et pour lui, ce sont les visible dans la prairie, le dialogue dans
2201 2032 3042 2087 passé pour rendre ce présent intelligible :
456 2058 3042 2110 juifs — sont les véritables amants. Point la vie de tous les jours, les silences bien il lui faut donc deux témoins, dont un seul,
456 2097 1301 2149 n'est besoin pour eux de posséder, on ne
2201 2110 3042 2146 le curé de Limeuil, participe vraiment à
1327 2110 2172 2159 en place, la fantaisie, le mot drôle quand
2201 2139 3042 2181 l'action. Après ces mises au point indispen¬
460 2139 1301 2194 possède que lorsqu'on désire. Pour alle
1327 2152 2168 2204 il faut, et toujours un dénouement pas
2191 2172 3039 2239 sables, le drame prend toute sa valeur hu¬
460 2184 1301 2239 jusqu'au bout de sa thèse, M. Passeur
1324 2197 2324 2246 très moral, mais cependant jamais immo¬aine
460 2220 1301 2275 devrait ajouter : les juifs étant les plu¬
2220 2217 3042 2282 Cette tragédie moderne a été fort bien in¬
1324 2243 2113 2298 ral, qui vous laisse détendu et charme.
2201 2269 3045 2317 terprétée par Mmes Dorvalley et Dagmar
456 2272 1301 2320 doués d'imagination, il est naturel qu'ils
1366 2278 2172 2330 Lorette est la femme d'un gros indus¬
2201 2307 3045 2350 Gérard, MM. Robert Aubry, Louis Tunc et
460 2317 1298 2362 n'aiment que les laiderons, étant capa¬
1327 2327 2168 2379 triel, l'épouse est honnête, le mari intelli¬
2201 2346 3045 2385 Paul Castan. Ils ne m'en voudront pas de
456 2359 1298 2408 bles à volonté de les transformer en dées
1327 2375 2172 2427 gent, d'attaque, et jaloux. Par malheur
2197 2375 3036 2417 citer à part Mlle Berthe d'Yd pour sa sai
456 2401 1304 2450 ses. Il a préféré faire jouer sa pièce par
2201 2414 3032 2453 sissante création de Mme Beurre : elle in
1327 2417 2172 2466 celui-ci a découvert une lettre adressée à
2201 2443 3045 2489 carne avec une telle maîtrise la chrétienne
453 2447 1307 2495 Mme Yolande Laffon, c'était plus sûr. A
1327 2456 2181 2505 sa femme quand elle était encore jeune
2201 2485 3039 2521 dont les vertus dégoûteraient un prêtre de
463 2495 1304 2540 vrai dire, en présence d’un telle créature
1327 2498 2168 2553 fille, lettre fort amoureuse et signée Fran
2197 2508 3036 2557 son ministère que, sur n'importe quel théâ¬
456 2531 1301 2579 ce pauvre Luckmann sait bien qu'il ne
1327 2544 2165 2592 çois. Or, François Crémone est l'ami quo
2197 2550 3039 2612 tre, la tragique ironie de cette scène assure
456 2570 1301 2628 pourrait rien obtenir par les moyens ordi¬
1327 2586 2693 2641 tidien du mari. Serait-ce lui ? Si c'est lui, rait le succès de l'œuvre.
2718 2595 3006 2689 René LALOU.
456 2615 1298 2670 naires. Qu’il avoue son amour en lui de
1333 2631 2175 2699 il le ruinera. C’était lui, mais François
453 2657 1307 2715 mandant d'être à lui, et aussitôt elle l'hu¬
1333 2676 2172 2722 Crémone n’offre vraiment aucun dan¬
453 2702 1294 2754 milierait, lui déjà si humilié d'être pau
2197 2676 3045 2780 AU THEATRE DE L'AVENUE Anatole,
1330 2712 2172 2770 ger pour l'honneur conjugal, et il n'en
2233 2754 2689 2806 par Arthur Schnitzler.
460 2751 1304 2803 vre et disgracie. Ce qu’il souhaite, c'est
1333 2757 2188 2806 a jamais présenté pour la vertu de la
2227 2757 3036 2835 Sous la forma cycle en cinq
453 2790 1301 2845 seulement que son amour soit pris pa¬
1333 2799 2172 2854 jeune fille qui a conservé cette lettre pour
2197 2822 3039 2874 bleaux » Anatole nous présente les rencontre¬
456 2841 3042 2903 elle au sérieux. Pour qu’elle ne lui ré- se rappeler sa jeunesse à elle, plus que d’un don Juan viennois avec cinq incarna
460 2880 1298 2929 ponde pas avec mépris : « Vous save
1327 2883 2172 2939 sa jeunesse à lui, garçon timore, insigni¬
2197 2900 3052 2939 tions de l'éternel féminin. Anatole endort
453 2926 1298 2971 bien que je ne serai jamais votre ma¬
2197 2932 3042 2977 Cora mais n'ose employer son pouvoir hy
1324 2935 2172 2990 fiant, dans la moyenne. Les amoureux
456 2964 3042 3023 tresse », il lui dira avec une violence toute d'autrefois imaginent de trouver un autre notique pour apprendre si elle le trompe
2204 3003 3058 3042 Un soir de Noël, Anatole revoit la mondaine
450 3010 1314 3058 nouvelle pour elle qu’il ne sera jamais
1337 3019 3052 3084 François, qui passerait pour le signataire et réveille en elle l'apre nostalgie
456 3055 1311 3104 son amant, mais qu’il n’a pas besoin de
1333 3061 3055 3110 de la lettre et détournerait d'eux les soup¬ de celles qui n'ont rien risque pour leur
2191 3097 3045 3146 amour. Parmi ses plus précieux souvenirs
456 3091 1304 3149 son consentement pour la prendre en es¬
1327 3104 2100 3152 çons. Ils font passer une annonce
2197 3123 3055 3172 Anatole montre la fleur que lui laissa jadis
453 3136 1298 3191 prit plus complètement qu'elle ne fut ja
1337 3136 2175 3210 laquelle répond François-Dominique dit
2201 3162 3055 3207 Branca : cette désinvolte artiste reparaît et
456 3178 1311 3233 mais. Langage assez surprenant pour
1337 3188 3049 3236 Domino, un chimérique, pas mal de ne reconnait point l'homme qui croyait l'a¬
460 3220 3049 3278 cette créature frivole. Elle est d'abord sa personne, décidé, adroit, qui revient voir marquée à jamais. Anatole décide de
2201 3265 3049 3317 liquider sa liaison avec Annie: c'est elle
456 3265 1311 3324 exaspérée, puis inquiète, puis flattée et
1333 3272 2172 3317 d'Afrique sans avoir fait fortune comme
2201 3301 3055 3340 qui vient lui annoncer leur rupture. Anatole
456 3311 1311 3366 conquise. Jusqu'au point d'être à la merci,
1330 3314 2172 3362 la plupart de ceux qui en reviennent, sur
2204 3337 3052 3375 enfin se marie mais ne parvient que bien
456 3356 1304 3401 au second acte, de ce petit juif avec
1330 3353 2178 3405 tout en ce moment. Il jouera le rôle de
2197 3369 3061 3430 péniblement à se débarrasser d'Ilona qu'il a
1333 3401 2877 3450 François Crémone et si bien, qu'il se pren¬ ramenée chez lui, la veille au soir.
456 3392 1301 3453 lequel elle a fui dans la banlieue de Mar¬
2227 3408 3049 3472 Cette description fait-elle sentir la curieuse
1333 3443 2172 3498 dra au jeu. Il a aimé pour un autre, et i
453 3440 1307 3489 seille et qui ne l'a toujours pas touchée
2201 3463 3045 3508 différence d'inspiration entre les deux par¬
1333 3476 2172 3534 aime en même temps pour lui, avec un
456 3482 1298 3547 Il brime à plaisir Agathe, lui ayant ré
2204 3502 3042 3537 ties du spectacle ? Les trois premiers ta
1333 3531 3049 3586 passion autrement convaincante que celle bleaux se déroulent dans une atmosphère de
453 3524 1311 3576 servé les pires besognes du ménage. C'est
2207 3570 3045 3612 poétique gratuité comme la traduction de
1333 3570 2181 3625 du vrai, du premier François, dans sa jeu¬
453 3566 1307 3628 la situation de l'Acheteuse, M. Passeur
2210 3595 3042 3641 Maurice Remon, M. Vaucaire et Suzanne
456 3612 2178 3670 a beaucoup de goût pour ces perversités, nesse. Passion qui éclaire Lorette sur la
2201 3638 3042 3673 Clauser garde au dialogue une netteté soin
460 3650 2175 3718 Son Luckmann est un monstre comme il faiblesse du sentiment que François Cré¬
2201 3667 3045 3709 tillante, le second épisode a tout le charme
1333 3699 3049 3751 mone lui portait autrefois. Et peu à peu, d’un proverbe de Musset. Mais, après l'en¬
463 3699 1304 3761 y en a déjà quelques-uns dans son théâ¬
1327 3731 3045 3806 à revivre son passé que Domino enrichit, tr'acte, il semble que l'on ait changé de cli¬
463 3744 1304 3799 tre. Il a juré de ne pas se laisser fléchi¬
2204 3767 3045 3812 mat : le « souper d'adieu » est une scène de
1333 3783 2172 3845 elle aussi se sentira prise au piège : elle
460 3790 1311 3848 et de garder abstraite l'image de celle
2201 3799 3049 3845 comédie dont les effets se laissent aisément
2201 3835 3049 3884 prévoir ; quant au tableau intitulé « le matin
456 3822 2175 3890 qu’il martyrise. Il se croirait perdu, ou aimera Domino. A la fin, partira-t-elle
453 3867 3055 3935 simplement redouterait de l’aimer moins, avec lui ? Non pas. Mais il lui laissera du mariage », le Palais-Royal et Déjazet nous
453 3903 3052 3977 s’il la possédait réellement. Il ira lui- un souvenir adorable qui éclipse l’amour ont blasés sur ce genre de farces dont la
2204 3942 2948 3994 mutlerie constitue le principal piment.
453 3951 2181 4029 chercher le jeune protestant, l'amoureux que François Crémone a pu lui montrer
2239 3964 3045 4019 La mise en scène de Georgette Bonner e¬
463 3997 3049 4087 sincère et normal d'Agathe, qu’il a écarté autrefois et qui désormais lui rendra bien Michel Tchekhoff est, dans sa simplicité, spi¬
2178 4042 3049 4110 rituellement stylisée, Mmes Vera Scherbae,
463 4045 1828 4110 au début, quand il commencera à douter morne la vie conjugale.
