3436 4352
1359 191 1725 287 box 8/4
242 197 749 291 4.9. Anato
891 194 1060 271 Zyk
979 214 1188 290 s
743 253 885 310 .
640 530 865 606 ordiaplatz 4
903 632 1304 743 . . 1910
623 734 729 818 Der
543 854 1563 1013 in Teutschen Volkstheater würde gleichzeitig mit dem
432 886 1557 1050 le esineen, unter aus den Anten.
436 949 1540 1100 als ihn gleiche Be¬
421 994 1540 1162 den und Seiten errichtung gleichen Ge¬
375 1065 1492 1231 haben feuch nicht mehr die ursprüngliche Farbe, aber sie sind
362 1139 1483 1267 edel nachgedunkelt und haben den matten Bronzeglanz von
364 1167 1484 1310 altem Eichenholz bekommen. Das Deutsche Volkstheater ist in
356 1221 1478 1372 der glücklichen Lage, für die fünf Weiblichkeiten, die hier ihren
356 1267 1473 1415 nesischen Reigen um Anatol schlingen, fünf pikante Individua¬
353 1319 1466 1469 litäten zur Verfügung zu haben: Frl. Hannemann als die
351 1387 1475 1512 Schlafrednerin Cora — sehr nett und einfach; Fr. Reinan¬
345 1444 1458 1566 als Mondaine — zu lieb und sanft und doch zu norddeutsch,
341 1475 1464 1612 Fr. Glöckner als prachtvoll reiche Anni; Fr. Müller als
330 1507 1452 1658 entzückendes Ella=Hopp-Kusinchen aus dem Zirkus: Frau
325 1554 1443 1706 Galafres als temperamentvolle Beschließerin von Anatols
328 1612 1447 1751 Junggesellenleben. Kramer war ausgezeichnet, wenn auch
325 1669 1441 1799 es sei ab Adel, Lackner reich und weich an=
322 1706 1211 1846 Raisonneur. Das Publikum war sehr vergnügt.
407 1771 1003 1894 Theater in der Josefstadt.
1298 1794 1395 1863 h. 1.
781 2280 1182 2386 5. 110
646 2369 1409 2506 Sonn- u. Montags Zeitung, Wien
441 2505 1489 2585 (Deutsches Volkstheater.) „Anatol", von Artur Schnitzler.
328 2551 1486 2625 Eine Premiere, deren Aufführungsrecht im Grunde schon verjährt
338 2591 1483 2668 ist. Liebenswürdige Einakter, die ihr dramatisches Kleid ein wenig
331 2629 1481 2706 verschämt Frage, wie ein Frandes, geliehenes Maskengewand, wie
328 2669 1484 2737 ein Kosten ihr übermäßig feierlich oder outriert
338 2708 1489 2787 graziös esiin, in den Mangel der ineten Freiheit zu verdecken.
334 2748 1486 2827 Immerhin, Schnitzlers Phänomenale Oberflächenkunst, seine außer¬
339 2787 1487 2857 ordentliche Fähigkeit, die Facet en des Dialogs zu glitzernden Pointen
341 2830 1487 2907 herauszuschleifen, machen diese gesprochenen Novellen, diese nach¬
344 2862 1486 2942 denklich melancholischen, übermütig sentimentalen Anekdoten so merk¬
339 2902 1490 2978 würdig amusant, selbst einem Publikum, das dem revolutionären
348 2942 1489 3021 Kern des Ganzen, seinem Ansturm auf die Grundlagen unserer kon¬
342 2979 1490 3061 ventionellen Gesellschafts= und Sexualethik kalt, fremd und feindlich
353 3032 1492 3098 gegenübersteht. Freilich läßt sich der Widerspruch erklären, denn
347 3062 1497 3132 dieser bodenständige Don Juan ist unter dem Einfluß der laulich
350 3099 1498 3169 warmen Wiener Luft zerronnen, und von den Ausstrahlungen über¬
350 3143 1498 3203 mütiger Liebenswürdigkeit aufgeweicht, ja selbst in dieser Konsistenz
353 3175 1497 3249 eine Figur, die wohl mehr einem Wunschtraum des Dichters, als
353 3217 1498 3284 einem eigenen tragischen Leben entspricht. Die Aufführung war eine
356 3252 1493 3324 nach jeder Richtung hin glanzvolle, es gibt wohl sonst kein Ensemble,
341 3298 1498 3355 das sich den wienerischen Konversationston so vollendet zu eigen gemacht
353 3332 1500 3400 hat, wie diese vier oder fünf Schauspieler. In erster Linie steht
353 3378 1501 3434 vielleicht Herr Lackner, dessen trockener Ton ganz ausgezeichnet zur
359 3411 1509 3477 Rolle des überlegenen philosophischen Max paßt, der gewissermaßen
362 3449 1500 3516 die Spule ist, auf welche der ganze Dialog aufgewickelt wird, dann
359 3497 1503 3554 Herr Kramer und selbstredend das vierblättrige weibliche Kleeblatt,
361 3525 1501 3594 Galafres, Müller, Rainau, Hannemann, die präch¬
359 3557 1509 3640 tigen Marksteine von Anatols Reise durch das Land seiner weiblichen
308 3619 584 3693 Eroberungen.
2716 242 3058 345 Konkordiaplatz 4
2051 692 3004 803 511 Montag at
2068 817 3140 880 (Deutsches Volkstheater.) „Anatols Reise rund um die
1947 868 3141 922 Liebe in fünf Stationen hatte für das Publikum des Deutschen
1945 897 3132 960 Volkstheaters die Annehmlichkeit seines Vergnügungszuges. Rei¬
1950 939 3140 1008 zende Veduten öffnen sich, von / sonnigen Dichterhumor erhellt.
1940 980 3132 1042 Nicht nur das Publikum, auch die Schauspieler haben Schnitz¬
1950 1028 3138 1082 ler in ihr Herz geschlossen. Das bewies ihre Spielfreude an der
1953 1057 3132 1117 „Anatol-Serie. Besonders Herr Kramer, der an diesem
1954 1097 3141 1171 Abende nicht von der Bühne kommt, fand den richtigen Ton in
1950 1141 3130 1196 allen auf- und absteigenden Lebensläufen des charmanten Schwe¬
1956 1176 3130 1242 rennöters. Sein Freund Max, durch Herrn Lackner weniger
1962 1218 3140 1279 glücklich interpretiert, gab sich zu klobig für die halbdekadente
1953 1256 3135 1318 Gesellschaft der Schnitzlerschen Dichtung. Die fünf Spezies des
1959 1296 3140 1359 süßen Mädels, die jedem Akte die wirksame Pointe geben, wa¬
1962 1349 3138 1403 ren den gewandten Händen der Damen Hannemann, Rein¬
1956 1378 3143 1438 au Glöckner, Müller und Galafres anvertraut. Der
1953 1424 3141 1475 kontinuierlich steigende Beifall des vollen Hauses konnte den wie¬
1956 1455 3138 1509 derholt gerufenen Dichter davon überzeugen, daß es mehr zu
1962 1492 3143 1563 seinem jungen Anatol als zu seinem Medardus halte. Besonders
1962 1532 3141 1592 „Abschiedssouper, dieser pointensprühende Einakter gefiel wie¬
1956 1567 3140 1628 der ausnehmend und die durch den echten Veuve Cliquot-Cham¬
1956 1608 3158 1706 pagnet auf der Bühne erzeugte Stimmung schien sich von Frau
1956 1668 2876 1731 Glöckner ganz auf das Publikum zu übertragen.
2238 2181 2853 2316 SOLVE
2053 2286 3133 2361 1. österr. beh. konz. Unternehmen für Zeitungs¬
2287 2347 2935 2407 Ausschnitte und Bibliographie.
2256 2398 2981 2481 Wien, I., Concordiaplatz 4.
2480 2464 2757 2532 Vertretungen
2081 2491 3143 2579 in Berlin, Brüssel, Budapest, Chicago, Cleveland, Christiania,
2078 2572 3138 2616 Genf, Kopenhagen, London, Madrid, Mailand, Minneapolis,
2078 2611 3149 2671 New-York, Paris, Rom, San Francisco, Stockholm, St. Peters¬
2472 2640 2753 2697 burg, Toronto.
2423 2671 2800 2743 Quellenangabe ohne Gewähr.)
2078 2720 2455 2817 Ausschnitt aus:
2087 2825 3050 2962 vom Lateinische Zeitung
2216 2981 2915 3072 Theater und Musik.
1993 3046 3153 3107 Wien. Nach dem neuesten dramatischen Werke Arthur
2050 3104 3164 3178 nitzlers, dem Jungen Medardus, das vom Burgtheater gegeben
1967 3130 3156 3193 sah man am Samstag im Deutschen Volkstheater dessen
1953 3177 3164 3238 ältesten dramatischen Versuch, die Einakterfolge Anatol zum ersten
1962 3207 3153 3277 Male aufgeführt. Nur der letzte dieser Einakter, Anatols Hochzeits¬
1967 3250 3161 3312 morgen, ist auf dieser Bühne dargestellt worden. Im Gegensatz zu
1968 3287 3160 3351 dem Schauspiel Liebelei, das bei seiner letzten Aufführung im Deutschen
1959 3326 3149 3398 Volkstheater schon merklich verblaßt erschien, erwiesen sich diese kurz¬
1925 3360 3163 3432 atmigen dramatischen Plaudereien trotz ihres zwanzigjährigen Alters
1968 3403 3160 3486 noch ganz wirksam, dank ihrem leichten, flüssigen Dialog und ihrer fast
1965 3451 3160 3517 Französischen Frivolität. Man konnte bei einem Vergleiche mit dem
1956 3480 3166 3540 Jungen Medardus feststellen, daß Schnitzler das Anatol=Thema jeden¬
1976 3520 3166 3588 falls besser beherrscht als das des nationalen Märtyrers, der ihm unter
1965 3554 3166 3616 der Hand doch wieder zu einer Art Anatol geworden ist. Auch ihm
1970 3607 3126 3668 ist es also nicht gegeben, die Grenzen seines Könnens zu überspringen¬
2014 3628 3184 3717 — London. Salome wird in der Beecham-Oper in Corent¬
1964 3685 2726 3775 garden einziehen aber wohl unter an¬
