3436 4320
154 261 1101 352 4.9. Anatol - Zyklus
1263 254 1622 338 box 8/7
2058 194 2816 235 McCarthye first say in management,
2062 227 2815 272 seemed just about the right sort of audience
2062 261 2819 319 for the dialogues a very important point.
2068 294 2819 341 Abend of the advanced drama crowd
2070 329 2818 376 with men and women of the more or les
2062 366 2815 405 smart world seemed to touch off just the
2068 396 2816 456 necessary compromise between intellect,
2056 436 2644 490 elegante, and a sense of humour.
2113 466 2815 513 What, then, of Anato himself to tell
2074 506 2821 552 the truth, he turns out a most entertaining
2070 540 2824 583 companion even for a whole evening. We
2062 575 2825 621 had no fewer than five of his love stories on
2070 608 2822 650 end, and so far from boring one they rather
2074 647 2821 689 grew upon the imagination. One found
2074 680 2819 730 oneself quite sorry to think that Anatol was
2073 716 2815 759 going to be married after all-perhaps, in¬
2074 746 2819 793 deed, he was not ! Even though he started
2068 786 2821 830 out with his bouquet, who knows what avec
2080 825 2828 866 a glance from a bright eye on his way to
2068 850 2827 910 the church might not have bad upon the
2068 890 2500 940 Anatolian temperament !
2109 905 2827 968 Of the five girl Hilda, Gabrielle, Bibi,
2068 959 2831 997 Mimi, and Lons who occupied his heart in
2074 997 2831 1036 turn on Saturday night, only two were new
2076 1030 2830 1069 to London. These were Gabrielle and Bibi.
2070 1066 2829 1114 Hilda, Mimi, and Lona have already figured
2068 1101 2827 1164 in Ack No Questions," arwell
2076 1132 2839 1190 Supper," and "The wedding Morning at
2076 1174 2770 1219 the Palace. The two new dialogues
2074 1206 2814 1262 Christmas Present and an An Episode
2080 1230 2831 1307 were both worthy of Schnitzler and of
2076 1284 2210 1337 Anatol.
2122 1290 2834 1359 The first one has a touch almost of pathos
2074 1354 2821 1393 in it though heaven forbid that any heavy
2074 1384 2834 1427 business should weigh down the heart of
2074 1422 2834 1471 Anatol. He has offered his umbrella te a
2080 1455 2839 1506 lady in a shower. She turns out to be
2075 1488 2834 1543 Gabrielle, an old flame of his, married. He
2075 1526 2834 1582 was buying a Christmas present for another
2082 1562 2835 1622 gir just a dear little girl who lived
2080 1602 2844 1651 all alone in a little room with cheap and
2080 1633 2838 1680 nasty wallpaper," a little girl to whom he
2080 1669 2834 1715 was all he world for them, and
2080 1700 2834 1749 who would be sure to great him by throwing
2685 1737 2837 1783 g. It is
2080 1744 2618 1802 her arme round his neck ande¬
2683 1775 2841 1820 Take her
2081 1775 2618 1843 good to have you back again!
2081 1808 2839 1861 these flowers, said Gabrielle, and tell her
2088 1838 2836 1896 that they are from someone who might have
2088 1880 2841 1954 been as happy as she, if she had had the
2088 1924 2254 1981 courage.
2124 1940 2845 2000 The other new dialogue is, by way of
2089 1995 2839 2048 revenge, a humiliation for Anatol. He is
2084 2018 2844 2083 sorting his old love letters with his friend
2089 2060 2845 2115 Max. He comes one with just the
2095 2085 2839 2142 remnants of a rebus nothing more.
2091 2133 2848 2177 Ah," says ne, that was little Bibi.
2091 2169 2841 2214 We'd loved each other for only an hour
2088 2197 2842 2244 or two. I sat at the piano. She sat at
2096 2230 2856 2289 my feet, her head in ni lap. I knew that
2097 2267 2851 2329 I was the whole world to ber ... and
2096 2302 2851 2354 always would be . . . one is se certain of
2096 2340 2852 2400 these things sometimes. While to me she
2094 2377 2702 2442 and her love were just an episode.
2134 2403 2843 2458 As it happens, Max know little Bibi.
2097 2443 2845 2494 She is calling at his rooms this very evening.
2097 2481 2850 2534 A knock at the door. It is she. Anatol
2100 2518 2855 2574 reveals himself. She does worse than not
2096 2548 2875 2607 remember him. She mistakes him for a
2097 2596 2709 2632 friend she met in St. Petersburg.
2140 2605 2858 2670 In each of the five dialogues one cannot
2105 2662 2854 2714 admire too much the excellence of Mr.
2103 2685 2862 2745 Granville Burkers adaptation natural and
2102 2728 2862 2782 idiomatic in every line. His acting as
2103 2757 2857 2822 Anatol is never quite so perfect. One can
2103 2794 2862 2849 see that he is intellectually interested in
2103 2837 2862 2887 the blend of cynicism and sentiment that
2107 2865 2861 2925 Anatol present; but he never for a moment
2102 2901 2861 2955 suggests the light-hearted amoristmaster
2102 2937 2857 2992 of glance and sigh that Anatol must needs
2113 2982 2859 3023 be. Still, taking into account Mr. Barker
2113 3011 2861 3064 personal contrast to Anatol, the perform¬
2111 3037 2854 3090 ance was all the more remarkable. Mr.
2107 3077 2867 3125 Nigel Playfair made an ideally matter of¬
2107 3117 2865 3168 fact foll as Max, and for the five girls there
2109 3149 2867 3201 was a deliciously varied galaxy-Miss
2109 3179 2867 3232 Gertrude Robin, Miss Katherine Pole, Mies
2109 3219 2864 3283 Dorothy Minto, Miss Alice Crawford, and
2108 3257 2655 3321 Miss Lillah McCarthy herself.
2141 3332 2883 3418 The Great Northern Railway Company of
2636 3383 2889 3432 in
