3484 4352
1398 206 1761 313 box 8/4
925 212 1188 332 Zyklu-
282 216 815 322 4.9. Anatol
570 551 931 679 OBSERVER
557 616 982 729 16 terr. behördl.
601 706 933 792 konzessionirtes
691 765 855 834 Bureau
574 803 1648 929 für Leitungsnachrichtenblatt
708 877 879 942 Wien, 1.
616 902 965 1003 Konkordiaplatz
1089 923 1581 1051 4-O HER 1910
1070 1038 2602 1263 Feuilleton-Beilage.
1938 1370 3199 1442 Anatol erkennt die anderen Gebote an, die von der Gesellschaft
750 1383 1454 1484 Deutsches Volkstheater.
1827 1427 3199 1492 im Namen der Sitte, des Anstandes erhoben werden, wenigstens
652 1467 1547 1539 („Anatol." Von Artur Schnitzler.)
1833 1486 3195 1553 fügt er sich ihnen. Nur auf dem Gebiete des Liebesverkehres
1831 1534 3187 1597 zwischen Mann und Frau fällt es ihm gar nicht ein, sie zu befolgen:
521 1513 1780 1598 Im Jahre 1893 hat Schnitzler seine Laufbahn als Dramatiker
1837 1583 3199 1640 denn er sieht zu gut, welche heuchlerische Verlogenheit in diesen Ge¬
404 1585 1787 1646 in der Oeffentlichkeit begonnen: damals ist sein „Anatol", das erste
1827 1625 3201 1696 boten steckt, wieviele von denen, die sie öffentlich vertreten oder
412 1637 1784 1694 seiner Bücher, als Buch erschienen. Auf dem Theater gegeben wurde
1846 1677 3201 1740 sich als ihre Anhänger dort bekennen, wo es sich um andere
412 1684 1780 1743 der „Anatol“ — gestern zum erstenmal. Zum erstenmal in Wien,
1833 1722 3195 1804 Personen handelt, unbedenklich bei jeder Gelegenheit selbst gegen sie
412 1738 1793 1789 wo der „Schleier der Beatrice" allerdings bisher noch gar nicht
1831 1785 2022 1862 verstoßen.
416 1787 1787 1839 gegeben worden ist; zum erstenmal in Deutschland. Freilich, einzelne
1948 1797 3201 1881 Was Anatol den Stempel der Melancholie ausdrückt, auch wo
410 1835 1782 1887 Teile hat man gelegentlich hier und dort gesehen. In Wien meines
1837 1879 3203 1934 er fündigt und scherzhaft ist, das ist nicht ein sittlicher Zwiespalt, in
412 1881 1787 1936 Wissens „Die Frage an das Schicksal, die „Episode" und das
1837 1919 3203 1988 den er gerät. Nicht einmal der Gedanke an das Los, dem vielleicht
410 1932 1791 1984 „Abschiedssoper. Auch die heutige Premiere bringt eigentlich nur
1831 1969 3203 2031 die Geliebte verfallen wird durch ihre Liebe zu ihm. Es ist der Ge¬
416 1982 1787 2041 fünf Siebentel „Anatol“, das ist fünf von den sieben Szenen, die
1833 2012 3201 2079 danke an die Vergänglichkeit all der süßen Freuden, welche die Liebe
410 2024 1724 2081 durch gemeinsame Gestalten, die Idee und den Titel vereint sind.
1831 2060 3203 2142 dem Menschen bringt. An das „Gesetz der Umwertung", dem wir alle
517 2068 1787 2131 Daß Anatol erst jetzt zur Aufführung gelangt, ist umso
1833 2115 3208 2175 unterliegen, dem Anatol selbst unterliegt und das er so oft schon an
412 2117 1784 2176 bemerkenswerter, als eine Reihe von Erfolgen längst des Dichters
1848 2159 3201 2224 sich erlebt hat. Der Gedanke, daß all' das Schöne, dessen er sich jetzt
418 2175 1791 2228 Namen durch ganz Deutschland getragen hat, wobei freilich nur der
1846 2220 3201 2274 freut oder das ihm bevorsteht, vergeht, daß es ihm einmal nicht mehr
418 2220 1785 2272 der „Liebelei“ von des Dichters Heimat ausging, während andere
1846 2260 3203 2327 so schön erscheinen wird, daß es anders sein wird, als es jetzt ist, daß
416 2270 1787 2320 draußen im Reiche einsetzten und von da erst sich nach Wien fort¬
1839 2306 3191 2369 er wenigstens anders sein wird, als er jetzt ist, anders sehen
416 2318 1787 2384 pflanzten; umso bemerkenswerter, als Anatol oder doch aus Anatol
1837 2354 3203 2417 anders empfinden wird, so daß er, wenn er darüber raisonnieren
425 2361 1787 2424 genommen die Marke war, die ihm aufgebrannt wurde, sobald er
1835 2407 3201 2478 wollte, eigentlich zu dem Schlusse kommen müßte, daß es schon jetzt
422 2413 1787 2476 seinen Namen bekannt gemacht hatte. Das Buch Anatol meinte man,
1839 2451 3210 2516 nicht so schön ist, als es ihn anmutet. Das ist der letzte Grund von
416 2461 1778 2514 auch wo man nicht von „Anatol“, sondern vom süßen Mädel
1843 2495 3207 2562 Anatols Melancholie. Es ist nicht eine Melancholie aus dem einzelnen
416 2506 1782 2566 sprach. Und von Anatol war man in die Seele, das heiß
1839 2550 3201 2613 Fall und auch nicht eine Melancholie aus der Nichtigkeit und Schein¬
422 2554 1795 2619 in die Empfindlichkeit der verletzten Eigenliebe getroffen, auch
1841 2592 3207 2663 barkeit der Liebe, sondern eine Melancholie aus der Nichtigkeit und
410 2606 1774 2665 wo man nur seine moralische Indignation über das süße Mädel
1837 2650 3208 2705 Scheinbarkeit alles Irdischen. Es ist eine Melancholie nicht aus der
416 2659 1787 2712 zum Ausdrucke brachte. Und manche, die ihre eigene Art und
1837 2699 3203 2762 besonderen Ausnahmsnatur Anatols, sondern aus der Natur des
422 2699 1793 2762 Skrupellosigkeit im „Anatol“ bloßgestellt sahen, können dem Dichter
1837 2743 3195 2808 Menschen. Des Menschen wenigstens, der wie Anatol Lebenslust und
418 2756 1789 2810 des „Anatol“ diese Indiskretion eines Mannes in einer Männersache
1831 2793 3218 2873 Lebensfreude mit aufmerksamen Schauen und vernünftigem Denken
412 2800 1785 2869 wohl bis heute nicht verzeihen, wenn sie auch gar nichts von der
416 2850 1791 2911 anderen, besseren Hälfte des „Anatol“ an sich haben sollten, die ihn
1839 2850 2041 2924 verbindet.
3031 2861 3212 2913 in
1864 2869 3218 2951 Und weil Anatol bei aller Anlage zum Genuß immer mit
416 2903 1787 2959 vielleicht dem Dichter erst wert machte, von ihm gestaltet zu werden.
1837 2941 3222 3004 diesem melancholischen Zug behaftet vor uns steht, wird in uns
454 2951 1787 3008 Seit Anatol suchen sie die Gestalten in Schnitzlers Werken als
1843 2985 3208 3050 auch etwas von der Trauer um die Vergänglichkeit alles dessen, was
427 2997 1789 3048 Anatols und süße Mädeln zu deuten und sie hiedurch im Sinne
1846 3031 3212 3100 das Leben uns bietet, auf die Gestalt des „süßen Mädels" überfließen,
425 3046 1787 3105 ihrer Auffassung zu deklassieren, seit Anatol möchten sie ihm nicht
1837 3086 3212 3147 das sich ja auch wie Anatol ohne irgendwelche sittliche Bedenken dem
425 3090 1787 3149 gestatten, andere Figuren als Anatols und süße Mädeln zu schaffen.
1846 3130 3208 3201 Drange des Herzens hingibt, des süßen Mädels, dem es so natürlich
427 3144 1785 3203 Seit Anatol lassen sie sich nur von Fall zu Fall ihren Beifall
1837 3180 3214 3245 erscheint, wo es liebt oder verliebt ist, sich zu geben und das, wenn
425 3189 1797 3248 entringen, seit Anatol gehen sie in den Premieren Schnitzlerischer
1839 3227 3201 3287 es sich gegeben, nach einer traurigen Erfahrung, die das Leben
425 3231 1787 3294 Stücke mit sauren Gesichtern umher und begleiten den lauten
1845 3271 3208 3340 bietet, bald so ganz anders erscheint als ehevor, und wenn zu dem
416 3285 1787 3342 Beifall der anderen mit allerlei Grimassen und hämischen Be¬
1846 3332 3214 3390 Bande der Liebe nicht das der Familie tritt, meistens verlassen
416 3334 1787 3393 merkungen. Wenn andere von der elementaren Kraft erschüttert
1846 3374 3203 3435 wird. In der „Liebelei" hat Schnitzler das süße Mädel und auch
416 3382 1793 3437 waren, mit der Schnitzler soziale Probleme vorführte, wie im
1843 3426 3218 3491 Anatol künstlerisch ausgestaltet. In dem so verketzerten „Reigen“ hat
439 3430 1791 3496 „Leutnant Gustl“, im „Freiwild“, dann vermochten sie nur das
1843 3464 3205 3529 er in humoristischer, grotesker Form den Gedanken von der Ver¬
427 3475 1791 3538 süße Mädel und Anatol zu sehen, und wenn sie einmal bei einer
1843 3517 3214 3588 gänglichkeit der Liebe durchgeführt. Im Anatol haftet Schnitzler
427 3529 1801 3584 Premiere nicht mit Fingern auf Anatol und das süße Mädel zeigen
1846 3569 3214 3638 viel weniger an der rein sinnlichen Seite des Phänomens, und hier
425 3578 1618 3638 können, dann halten sie sich schadlos dafür, wie sie können.
1843 3611 3214 3676 tritt auch das Tragische an diesem Gedanken viel mehr heraus,
542 3603 1801 3680 Anatol nennt sich selbst einen „leichtsinnigen Melancholiker in
1843 3662 3224 3729 wenn er es immerhin auch hier so stark mit Lichtern des Humors¬
422 3674 1803 3727 den „Weihnachtseinkäufen", der zweiten der Anatolszenen, wo er
1846 3712 3227 3783 erleuchtet hat, daß viele darüber heute noch das Tragische, das
431 3723 1803 3775 auch dem Typus des süßen Mädels, indem er ihn der „mondainen
431 3771 1803 3823 Dame" beschreibend vorführt, seinen charakterisierenden Namen gibt.
1852 3767 2493 3851 diese umspielen, gar nicht sehen.
1957 3781 3205 3878 Gewiß, eine Fülle von Humor steckt im „Anatol. Aber auch
427 3813 1799 3870 Anatol ist eine zwiespaltige Natur — wie es ja so viele Menschen
1843 3830 3224 3920 blutige Ironie und bittere Selbstversiflage hat Schnitzler reichlich¬
439 3865 1806 3928 sind. Diese Zwiespaltigkeit so scharf gesehen und diese Zwiespaltigkeit
1848 3916 3222 3971 über die Figur seines Helden gegossen. Und etliche Male hat er den
431 3914 1803 3968 in ihren beiden Bestandteilen und in ihrem Zusammenhang so wahr
1858 3954 3239 4019 Gedanken von der Tragik des Lebens, das so unheimlich ist un¬
431 3966 1803 4023 und überzeugend und mit solch humoristischer, über die Misere des
1854 4000 3235 4065 verhüllt vorgeführt. Nicht an die Stelle in der „Agonie" denke
433 4011 1806 4078 zwiespaltigen Lebens erhebender Kraft gestaltet zu haben, wie es eben
1854 4048 3226 4116 ich, wo Max als der richtige Raisonneur halb scherzhaft
427 4057 1808 4120 nur einer kann, der die Figur nicht nur gesehen, sondern auch
1854 4099 3226 4168 eine tragische Schuld des Mannes in der Liebe konstruieren
431 4107 1803 4174 empfunden und erlebt hat, das gab dem Anatol literarischen Cha¬
2524 4147 2747 4200 wir nicht
1982 4149 2329 4200 n
610 4156 1715 4208 literarisch damals nach so vielen das Milieu au
