3296 4224
134 151 597 275 4.9. Anate
436 1360 531 1550 )(
1242 157 1606 265 box 8/6
623 161 1082 282 Zyklus
567 1173 1596 1259 Großindustrie und auch das selbständig erwerbs
1622 1170 2648 1285 Geburtsnamen verbunden, wie er das ja auch be¬
2674 1186 3189 1291 den Staatssekretär Delbe
570 1242 1599 1308 tätige Bürgertum, jene bisher nationalliberal, diese
1626 1259 2645 1331 der Verleihung des Grafentitels an Caprivi und
2678 1275 3202 1337 Fragen, die im Verlauf die
570 1288 3196 1436 bisher fortschrittlicht. Um die Bundesgenossenschaft Bülow getan hat, ohne Hinzufügung eines anderen sonsverhandlungen austa
1616 1406 2645 1478 dies alles auf, wirft Reflexe, zeichnet Silhouetten
2668 1327 3189 1478 den die bessere
701 1422 1472 1547 Schnitzlers Anatol.
1616 1462 3196 1531 In diesen Szenen wird so vieles nur ganz leise ge¬ einer Dämmerstunde einfi¬
1622 1508 2638 1570 sagt. Oft ists nur ein einziges halblautes Wort
2674 1521 3196 1573 dersehen kaum wiedererke
564 1501 1596 1609 Zur Erstaufführung im Mannheimer Hoftheater
1616 1554 3192 1632 das gesprochen wird. Aber dieses eine halblaute vorher schon Andere besaß
918 1573 1262 1658 am 2. Juni 1911.
1616 1603 3196 1672 Wort genügt, um irgend einen verglommenen an alle jene Andern opfer
626 1616 1596 1704 Sieben Einakter. Sieben Episoden voll schmerz¬
1622 1652 2645 1721 Schmerz aufzuwühlen, um uns vor Wehmut zittern
2671 1658 3192 1724 winzigen Gedenkstein, b
570 1672 2635 1770 lich-süßester Wehmut, voll Grazie, Geist, Zweifel zu machen, um unsere Teilnahme wachzurufen. Die
2665 1714 3189 1776 schwarzen Diamanten, der
564 1750 1603 1809 sucht, Liebesseligkeit, Ironie und Leichtsinn. Sieben
1626 1753 2642 1812 ses eine halblaute Wort schmiegt sich an unsere
2671 1767 3186 1822 erste Liebesnacht war und
577 1799 1596 1855 Stücke, die im Rausch einer lauen Sommernacht ge¬
1619 1799 2642 1862 Sinne und kettet unsere Sehnsucht los; und die Er¬
2671 1809 3196 1871 Ferner (im „Abschiedssoup¬
577 1849 1596 1904 schrieben sein mögen; bei geöffnetem Fenster, im
1619 1845 3205 1921 innerungen an stillgewordene Schmerzen beginnen das Anatol den Abschied gi¬
567 1888 1596 1947 Dämmerlicht einer rotverhängten Lampe, in einem
1616 1894 3202 1989 sich zu regen und umwehen uns mit leiser Trauer, nicht brechen will und der
574 1937 1596 1996 Zimmer, in dem noch die Tonwellen traumseliger
2665 1957 3192 2022 ruft, daß er an ihr längst
567 1986 869 2055 Lieder zittern.
1675 1976 3196 2075 Dieser Anatol ist ein melancholischer Schwelger. lich der feierlich=wehmüti
633 1999 2638 2098 Solcher Art ist die Stimmung von Schnitzlers Er sitzt an der Tafel des Lebens und kostet von al¬
2665 2045 3064 2117 liebestollen Jugend.
564 2071 2645 2160 „Anatol. Man muß ihn im Zwielicht lesen, im len Schüsseln. Ein Glücklicher. Aber er kann nicht
2730 2098 3202 2160 Episodenstücke. Bruchte
570 2137 2635 2196 Gaukelspiel der Dämmerung, am geöffneten Fenster, glauben, daß er glücklich sei. Es ist immer etwas
2658 2134 3199 2219 kette. Dramatische Kleinig
560 2186 1590 2239 Oder beim roten Lampenschein, wenns still im Zim¬
1613 2189 2642 2248 das seine Freude überschattet, das ihn einschnürt
2665 2199 3189 2258 gibt noch mehr Etiketten
560 2232 2638 2298 mer ist. Dann werden die Gestalten dieser Episoden und das sein Glücksgefühl verdüstert. Einmal ist es
2661 2239 3189 2304 Glanz, eine wie menschlich
560 2278 3196 2350 leise hereintreten, werden das Zimmer mit der ent¬ die Eifersucht, die ihn lähmt, dann wieder ists das Stücken aus. In allen
560 2330 1583 2389 zückenden Anmut ihrer Gespräche füllen; werden
1613 2330 2629 2396 Unerreichbare einer Frauenliebe, was ihn schmerzt
2661 2343 3189 2399 wir auf irgend eine lebend
567 2373 1583 2435 uns die Schmerzen ihrer Liebschaften mitteilen, und
1613 2376 3189 2445 dann wieder die Enttäuschung einer Liebe, die ihn mit dem Stück in Bezieh-
557 2422 1590 2478 mit dem Duft amoureuser Abenteuer unsere Sinne
1613 2429 2632 2488 wie aus dem Hinterhalt anfällt, oder das Abschieds¬
2658 2435 3196 2514 zerflossener Träume umfän
564 2478 1586 2527 verschleiern. Und wir werden ihnen zuhören. Un¬
1609 2478 3196 2547 weh von irgend einer Geliebten. Immer ist ein. Zuweilen ist es, al
567 2527 1586 2579 ser Herz wird leise zu bluten beginnen oder die
1613 2527 3189 2602 eine Bitterkeit in seinem Glück. Immer ist es ein welken Herbstblättern heran
547 2563 1583 2625 Seligkeit süßer Liebesstunden mitfühlen. Und
1606 2576 2632 2645 leiser Schmerz, der ihn bedrängt, der ihn empfind¬
2658 2586 2937 2661 keitsgedanken.
564 2619 1586 2674 wenn die Hand die letzte Seite wendet, werden wir
1613 2625 2471 2707 lich macht und der seine Zweifelsucht nährt.
2717 2609 3182 2704 Wir haben in unserer
557 2668 1580 2747 lächeln und leise sagen: welch wundervolles Buch
1675 2651 3192 2756 Ein melancholischer Schwelger, der das Glück ratur nichts von einer ähn
1606 2710 3192 2796 nur hinter den Schmerzen der Liebe finden kann, als diesen „Anatol". Wir
629 2727 1586 2822 Ein Oesterreicher hat es geschrieben. Und nur
1613 2769 3192 2835 Die Frauen gehen durch sein Dasein und jede schenkt mit seiner wiegenden Gra¬
564 2792 2625 2878 ein Oesterreicher hat es schreiben können, nur ein ihm ihr Herz. Jede läßt sich von seiner weichen An¬
2655 2825 3192 2904 sanften Lächeln, mit seine
567 2858 1590 2917 Wiener, (ich muß den Kreis noch enger ziehen:) nur
1613 2871 2625 2924 mut bezaubern und jede hinterläßt ihm irgend ein
2651 2881 3192 2946 zückte, als dieses Schnitzler
560 2907 1583 2966 der Arthur Schnitzler. Ich glaube, daß diese über¬
1613 2917 2625 2973 Weh. Er genießt ihre Liebe, aber niemals nimm
2651 2917 3189 2986 auch keine Komödien, diese
564 2963 2625 3022 zarten Töne unserer Seele, diese Gefühle, die wie im die Leidenschaft mit allen ihren Nöten von ihn
2651 2976 3189 3028 geschrieben sind, als die k.
564 3012 1586 3068 Zwielicht leben, diese selbstquälerische Melancholie
1613 3012 2629 3078 Besitz. Er ist zu klug, sich ganz wegzugeben. Er
2651 3028 3189 3084 dieses Schwelgers, der an
564 3048 1586 3110 und liebesselige Torheit nur Schnitzler aufzeigen
1613 3058 2625 3127 kennt nur Augenblicke der Ekstase. Immer
2651 3071 3189 3140 und von allen Schüsseln
564 3107 1583 3160 konnte. Er hat Farben von einer bezaubernden
1606 3117 3196 3202 rettet er sich wieder auf neutrales Land. So huschen immer erst hinter den Sch
557 3150 1586 3215 Weichheit und von stärkster Leuchtkraft. Freilich:
1609 3160 2625 3222 sie durch sein Zimmer: das Mädchen aus der Vor¬
2642 3169 2766 3248 kann.
564 3205 1583 3261 er gibt nur Episodenhaftes. Aber in diesem Episo¬
1613 3209 2625 3268 stadt, das seine ganze herzliche Frische hereinbringt;
560 3248 2625 3317 denhaften wird Menschliches und Menschenschicksal die verheiratete Frau, die nach einem Abenteuer
2704 3241 3192 3327 Man muß (sagte ich) d
547 3291 3169 3402 herrlich verdeutlicht. In diesen Szenen leuchtet hungert und doch kein Talent dazu besitzt, Geliebte lesen, im Gaukelspiel der
