3248 4224
1177 150 1548 252 box 9/4
69 158 1010 274 4.9. Anatol Zyklus
945 901 1895 1104 ANATOL in PARIS.
863 1087 1985 1153 Aus Paris berichtet unser Korrespondent: Im Theater
811 1144 1988 1207 des Avenue spielen unter der Leitung von Dr. Georgette Boner
811 1200 1995 1255 und Michel Tchechow französische Künstler fünf Szenen aus
814 1238 1988 1283 Arthur Schnitzlers „Anatol. Schnitzler ist tot, sein Wiener
807 1280 1988 1328 Don Juan Anatol bleibt unsterblich. Es gibt grössere und tiefere
810 1318 1988 1380 Dichtungen Schnitzlers, aber nach meinem Empfinden keine, die
808 1366 1988 1411 blut warmen Menschen inniger das Herz umschmeichelt. Eigent¬
808 1405 1988 1462 lich muss der Kritiker ein Wiener sein, um den Reiz dieser hei¬
811 1447 1985 1500 teren Melancholie ganz zu empfinden. Da aber, dem Himmel sei
814 1495 1988 1548 Dank, der Anatol nicht mehr kritisiert zu werden braucht, darf
808 1542 1985 1595 auch ein Mensch aus dem Norden seine Freude bekennen, wenn
816 1581 1988 1642 in dieser kaltschnauzigen Welt einmal holdere Bilder aus einer
811 1621 1988 1668 froheren Zeit vor den der Schönheit entwöhnten Augen er¬
808 1664 1988 1729 scheinen. Es war ein merkwürdiges Erlebnis, durch die guten
814 1710 1983 1761 Uebertragungen von Maurice Remon, M. Vaucaire und Suzanne
814 1749 1988 1804 Clauser und die erstaunlich gelungene Darstellung die oft
808 1792 1985 1847 wiederholte Banalität der Aehnlichkeit zwischen Wien und Paris
810 1836 1985 1900 in feinerem Sinne bestätigt zu sehen. Anatol und die Mädchen
808 1888 1989 1938 und Frauen seiner Liebe und seiner Enttäuschungen wurden dem
814 1925 1988 1976 Pariser Publikum so verständlich, dass einige französische Kri¬
811 1967 1985 2016 tiker den Wunsch aussprechen, diese Szenen und diese Dar¬
817 2010 1979 2066 stellung möchten gallischen Dichtern und Spielleitern als Muster
808 2051 954 2107 dienen.
857 2081 1989 2156 Das stärkste Verdienst an diesem Erfolg gebührt unzweifelhaft
811 2126 1982 2193 der Schweizerin Georgette Boner, die eine starke Begabung für
811 2182 1985 2234 klare szenische Bilder und für die Durchleuchtung moderner
805 2229 1985 2278 Menschen besitzt. Diese Fähigkeit hat sich schon in der Inszenie¬
808 2274 1988 2318 rung von Bruckners „Krankheit der Jugend“ gezeigt. Dass
811 2316 1988 2374 Georgette Boner auch die hellere Sinnlichkeit weniger kompli¬
811 2360 1985 2419 zierter Naturen nachzufühlen vermag, war für manchen eine an¬
817 2399 1252 2455 genehme Ueberraschung.
864 2434 1985 2496 Die beiden Männerrollen des Anatol und seines Freundes Max
805 2493 1983 2550 waren mit Louis Raymond und Alfred Penay besetzt, zwei Künst¬
808 2534 1992 2584 lern, die, soweit es mir bekannt ist, grosse Erfolge in Paris noch
808 2584 1988 2624 nicht gehabt haben, die aber solche Erfolge eher verdienen als
803 2624 1982 2676 manche berühmteren Darsteller. Die Frauen, Vera Scherbane,
817 2667 1986 2717 Yvette Andreyer, Dagmar Gérard und eine französisch sprechende
807 2696 1985 2768 Deutsche, Irene Hupka, hatten es leichter als die Männer; die
811 2755 1991 2799 Liebe ist für die Frauen das Esperanto der Bühne und wie sollte
811 2795 1794 2848 Schnitzler einem jungen Weibe unverständlich bleiben?
860 2836 1975 2904 Das Publikum war entzückt, die Kritiker, die sich einige Tage
801 2873 1982 2946 Zeit liessen, entdecken, dass Schnitzlers resignierte Ironie dem
805 2927 1979 3008 französischen Esprit sehr nahe kommt. Kann ein Pariser Kritiker
805 2966 1128 3032 höher schwören?
1814 2979 1936 3054 P. B.
