3484 4256
421 179 1269 299 4.9. Anatol Zykl
1537 188 1896 301 box 8/5
1011 1098 2298 1188 sucht hatte, griff er zu dem verzweifelten Mittel, Anatol zu parodieren.
999 1165 2303 1225 Er machte das Publikum, das über den Herrn längst keine Illusionen
1003 1222 2303 1287 mehr hatte, durch Blicke und Mätzchen darauf aufmerksam, daß es da
1006 1268 2299 1342 eigentlich einen Thaddädl vor sich habe, und schmückte sich für seinen
1006 1323 2301 1399 Hochzeitsmorgen mit einer Possenglatze, die Alfred Schmasow den Dank
1014 1376 2299 1458 jeder berliner Vorstadt eintragen würde. Als Freund Max war
1008 1427 2299 1510 Reicher am besten in dem Akt, für den ihn der Zettel zwar ankündigte,
1008 1485 2299 1554 aber nicht auf die Bühne ließ. Max ist ein etwa gleichaltriger Freund
1008 1542 2298 1612 des wiener Lebejünglings Anatol. Reicher war ein Schnittwaren¬
1008 1591 2296 1667 händler aus der Bukowina, der Anatols Großonkel zu sein schien. Ihr
1011 1658 2299 1737 Frauen verdient, daß man euch Tempel baute! Denn ohne euch wäre
1008 1703 2306 1776 man an diesem Abend schwermütig geworden. Als Erste schwebte
1014 1762 2301 1840 Fräulein Somary herein, lieb und lind und leichten Sinns. Als
1025 1809 2303 1892 Zweite schritt durch eine Winterlandschaft Fräulein Lossen, dunkel,
1008 1864 2303 1942 vornehm, seelenvoll und würdig, weniger flüchtig durch Schnitzlers
1014 1919 2304 1996 ernste Dichtungen zu schreiten. Als Dritte wirbelte Fräulein Sussin
1016 1971 2299 2056 herein, nicht gut angezogen, aber so gut gelaunt und so überraschend
1017 2026 2308 2093 befähigt, ihre gute Laune mit künstlerischer Delikatesse zu übertragen,
1014 2091 2311 2155 daß Brahm sie in Zukunft nur richtig zu beschäftigen braucht, um
1014 2130 2304 2207 eine wertvolle Kraft mehr zu haben. Als Vierte erschien Fräulein
1017 2187 2308 2262 Herterich, die vielleicht eines Tages auch noch ihr Feld finden wird.
1024 2244 2306 2322 Als Fünfte schließlich tollte sich die Triesch aus, von der wir immer
1024 2314 2316 2372 gewußt haben, daß sie mehr als ein Lustspieltemperament, daß sie eine
1017 2346 2309 2421 Lustspielcharakteristikerin von blühendem mimischen Reichtum ist. Ihr
1014 2412 2311 2485 Frauen verdient... Aber vor allem verdiente Arthur Schnitzler,
1017 2454 2312 2530 nach seinem wirklichen Alter und nicht als ein Literaturgreis
1017 2516 2311 2582 behandelt zu werden, dessen Entwicklung man pedantisch und
1016 2561 2316 2639 chronologisch aufzeigt. Dazu ist seine Gegenwart zu fruchtbar. Sein
1029 2618 2316 2694 jüngstes Drama heißt: Das weite Land. Warum also kriecht man in
1020 2678 1771 2759 die engen Winkel seiner Anfänge zurück?
1014 2798 1960 2894 Der junge Medardus / von Alfred Polgar
1110 2865 2319 2943 Eine sehr große, mit historischen Bildchen bunt bemalte äußerste
1019 2933 2319 3000 Hülle. In ihr fest eingewickelt: ein Theaterstück, eine starke
2147 2982 2317 3045 In dieses
1025 2995 2096 3047 Komödie voll Spannung und Konflikt, Ueberspannung.
1032 3034 2319 3097 Theaterstück gebettet: eine balladeske Dichtung von Helden, Tod und
1029 3084 2320 3141 Liebe. Und im Innersten dieser Dichtung: ein kleines, schüchtern¬
1029 3131 2327 3198 modernes psychologisches Drama von den Edelmenschen, die an ihrem
1029 3178 2320 3252 ethischen Temperament, an ihren fanatischen Herzens=Reinlichkeiten
1029 3237 1337 3315 zugrunde gehen.
2208 3330 2334 3409 1263
