3248 4256
1890 199 2303 298 Ne DE DEBIT
1069 199 1445 314 box 3/4
583 243 933 329 Zyklus
16 227 536 337 9. Anatol
2094 272 2601 366 SEMAINE A PARIS
1675 337 1913 423 Extrait de :
2075 340 2611 444 28, rue d'Assus, Vi¬
1686 439 1879 538 Adresse:
2086 450 2582 565 28 JANVIER 1932
1686 541 1822 622 Oate:
2232 452 2585 643 en 1932
293 802 891 883 LA SEMAINE A PARIS
1025 873 1767 1074 PECTACL
387 1087 2491 1210 Le Théâtre de l'Avenue nous donne l'occasion de voir du Schnitzler
340 1189 1019 1257 cet Arthur Schnitzler, dont la se
308 1249 1027 1296 maine à Paris vous parlait dans son
311 1286 1027 1328 dernier numéro fut incontestablement
311 1320 1014 1359 un grand bonhomme. Fut » car il es
711 1351 1017 1401 Vienne — Arthur
813 1385 1006 1435 — sanoi
311 1422 1017 1479 riété se répandit dans toute l'Europ
311 1453 1027 1500 Centrale: et bientôt fut de la gloire.
314 1485 1022 1534 est donc très intéressant de prendre
314 1521 1025 1566 contact avec une telle personnalité. Or
1788 1511 1887 1587 6
285 1558 1027 1610 Théâtre de l'Avenue nous donne de
306 1594 1027 1634 lui Anatole — en traduction française
311 1628 1035 1670 bien entendu. Qui est cet Anatole ? un
311 1660 1038 1704 amoureux au mauvais sens, ou plutôt
308 1694 1019 1736 au sens purement physique du mot. II.
308 1730 1032 1775 prend feu à toute occasion. Mais par
308 1764 1032 1801 une contradiction de sa nature — con¬
311 1793 1043 1840 tradiction qui n'est, d'ailleurs, point
308 1827 1038 1877 rare — il ver d'une défroque sentimen¬
308 1869 1038 1911 tale chacune de ses expériences sen¬
314 1900 1038 1945 suelles. Du moins, est-ce de la sorte
314 1937 1043 1979 qu'il m'apparaît. Et ce devait être ainsi
308 1966 1040 2015 que le concevait son auteur, puisque
311 2005 1040 2047 celui-ci se préoccupait de ce que l'on a
311 2033 1040 2081 appelé le freudisme. Casanova est le
311 2070 1040 2120 patron de tels malades (car il y a une
311 2104 1038 2180 part de maladie dans ce cas, Cas¬
1226 2318 1343 2379 veuve
1223 2368 1362 2436 A
1145 2509 2491 2595 De gauche à droite : Louis Raymond, velle Andreyer, Alfred Penay
2062 2569 2522 2635 (Dessin de Hervé Baille).
1848 2614 2572 2679 sivisme. Les questions qu'au premier
1087 2622 1803 2684 c'est qu'en réalité il n'a jamais aimé.
1853 2674 2569 2716 tableau il tolère chez son ami le clas¬
1090 2682 1809 2724 Les fluctuations de l'amour véritable
1848 2705 2572 2750 sent lui-même... Je parle plus haut du
1093 2716 1803 2755 sont dues à des causes infiniment plu¬
1856 2739 2575 2784 tableau « Episode » : Une ballerine de
1090 2752 1801 2794 profondes (et plus lentes, tandis que
1851 2778 2577 2820 Cirque ne peut plus mettre de non sur
1087 2778 1803 2825 le désir est brusque, superficiel, absur¬
1856 2810 2572 2849 ce visage d'un ancien amant. Joué avec
1087 2818 1796 2854 de à l'occasion et à l'occasion cocasse
1853 2841 2575 2883 beaucoup de naturel par Mme Irène
1093 2852 1798 2891 Tout lui est bon et rien en lui est bon,
1856 2875 2575 2925 Hupka, cet épisode nous a eu et
1090 2886 1793 2927 Il est vaniteux, une déception d'amour
1853 2909 2577 2954 la se devait. Il est symptomatique de
1090 2914 1801 2967 propre lui est un aiguillon. Un piètre
1853 2943 2575 2990 la manière de Schnitzler. Ce pessimiste
606 2933 698 3006 e
1090 2951 1809 2998 bonhomme, quoi ! mais, encore un
1856 2977 2572 3024 est un romantique de la seconde géné¬
1090 2985 1806 3029 coup, le peu de qualité morale du su¬
531 2985 810 3061 Irene Haupt
1853 3011 2575 3058 ration. Autre chose : volontiers il pro¬
1093 3024 1798 3063 jet ne diminue pas l'intérêt de l'étude
1853 3042 2580 3095 cède par une suite de touches brèves.
308 3037 1040 3100 nova opposé à Don Juan. Don Juan est
1090 3055 1796 3095 Le tableau dit Episode », d'une ton¬
1853 3084 2572 3126 des a tableaux rapides, s'en remettant
1090 3089 1806 3134 lité poétique si émue, ne s'oppose pas
308 3089 1038 3131 un cérébral qui n'est sensuel que par
1848 3116 2577 3160 à l'ensemble de dégager la physiono¬
1087 3126 1806 3168 à ma thèse. Anatole y égrène ses sou¬
311 3123 1035 3163 surcroit : chasseur qui volontiers ne
1856 3152 2575 3194 mie de l'œuvre. Ainsi, d'autre part, est
1085 3157 1803 3204 venirs. Plus volontiers, surtout plus
311 3157 1040 3199 mangerait pas son gibier. Casanova.
1856 3184 2572 3236 construite sa pièce la plus fameuse
1090 3186 1806 3233 complaisamment il evoque l'un d'eux.
314 3199 1043 3233 tout au contraire est un sensuel qui se
1851 3210 2580 3267 La ronde. Je ne prétends certes point
308 3231 1040 3267 camoufle en sentimental (ou, suivant
1090 3223 1798 3280 Est-ce donc que cette fois il a aimé
1851 3257 2572 3301 avoir en cet article analysé Schnitzler,
1093 3254 1803 3304 Nullement ! mais certaines contingen¬
316 3265 1040 3301 le cas, en cérébral) parce que cela fait
1851 3291 2582 3333 tempérament complexe, j'ai simplement
1087 3288 1803 3335 ces colorent joliment cette aventure et,
308 3296 1040 3338 bien à ses propres yeux. Donc l'Ana¬
1866 3325 2575 3361 val attirer l'attention sur le sens
1087 3327 1803 3369 de fait, la rendent chère à ce sensuel
314 3333 1043 3377 tole d'Arthur Schmitzler est un sensuel:
1856 3356 2575 3411 d'une œuvre qui n'est pas du théâtre
1085 3364 1798 3408 qui joue à l'amoureux. Une autre preu¬
311 3369 1040 3408 mais, à force d'avoir joué au sentimen¬
1908 3393 2473 3445 tous les jours et qui compte
1093 3398 1801 3440 ve que la sensualité seule est en jeu
314 3400 1038 3442 tal, il s'est pris à son propre piège. Il
2135 3414 2543 3482 Charles de Saint-Cyr,
1093 3434 1803 3492 c'est qu'Anatole semble ignorer l'exclu¬
316 3429 1032 3476 se figure qu'il aime (alors qu'il désire
314 3468 1038 3510 simplement et qu'il souffre de cet
311 3497 1040 3544 amour. Qu'il ne soit ainsi malheureux
1362 3510 2303 3597 Paris, à la Porte Saint-Martin
311 3539 1040 3576 que par la persuasion qu'il s'en donne
314 3573 1035 3610 ne diminue pas l'intérêt de l'ouvrage,
1856 3570 2577 3646 pas dans la famille du médecin. Le
314 3599 1038 3646 l'augmente bien au contraire le person¬
1113 3583 1790 3646 Qui croirait qu'une pièce de M. Ren
1851 3625 2580 3670 chauffeur semble surtout indésirable. Il
1074 3620 1793 3685 Benjamin a besoin d'indulgence ? C'es
314 3638 1038 3680 nage à moins d'envergure mais il est
1848 3659 2582 3706 le comprend et débarrasse la société
321 3672 1038 3722 plus curieux, plus neue La preuve que
1087 3675 1806 3722 pourtant le cas de Paris. Les intentions
1848 3696 2580 3738 dans un accident combiné. Voilà un
1085 3706 1803 3748 sont excellentes. Comment ne serions¬
308 3709 1027 3751 l'explication que je donne est la veti
1856 3725 2577 3774 meurtre peu acceptable et qui achève
1085 3740 1801 3777 nous pas touchés de l'amour que tous
316 3735 1035 3782 table nous est administrée par le ta¬
1853 3761 2575 3803 de rendre odieux les bourgeois de M.
1085 3772 1809 3813 les personnages de M. Benjamin mani¬
316 3777 1035 3816 bleau dit « souper d'adieu » où, soit
1853 3795 2582 3842 Benjamin. Montibus ne ferait pas
1085 3806 1796 3850 festent pour la Grand'ille ? Mais pré
311 3800 1040 3855 dit entre parentheses, Mlle Yvette An¬
1848 3829 2582 3874 mieux, et cela montre combien les in¬
1082 3834 1801 3884 cisément cet amour est tout verbal, et
314 3842 1030 3889 dreyor est plaisante et vive à souhait
1858 3863 2580 3923 tentions de l'auteur de Paris sont invo¬
1077 3868 1811 3923 rarement en situation. C'est du plaque,
314 3879 1043 3921 nempe avec
1853 3894 2595 3947 lontairement tales, à quelques
1090 3908 1814 3952 une réminiscence de chanson populai-
314 3913 1043 3955 Annie, une danseuse d'opéra, dont il
1085 3928 2590 3989 re. Quant au sujet rappellen besse¬
314 3944 1035 3986 est las (Il est toujours très rapidement
1085 3970 2580 4020 coup moins bien le Cain de Paris évoquentes sages are
314 3983 1030 4025 las) : que celle-ci le précède et lui si
1856 4004 2577 4046 Henry
1085 4004 1801 4054 de mil huit cent quarantesque memo¬
319 4012 1040 4062 gnifie que c'est elle qui rompt, il n'aura
1856 4038 2590 4091 versenden
1085 4043 1809 4083 re. Un médecin alme une couturière,
319 4051 1027 4104 plus qu'une volonté, prolonger l'aven
2467 4067 2564 4127 M.
1077 4080 1811 4140 la fille d'un chauffeur. On n'en veut
314 4083 1030 4151 ture : c'est qu'il n'aime pas en réalité
