3248 4256
369 178 1217 235 secrétaires de rédaction pourraient encore
370 219 1211 270 tourner à l'expéditeur ses communi¬
370 258 1217 316 qués avec cette mention « Vous êtes
364 302 1212 386 bre exagérémer nos minutes aussi sont
376 357 646 421 précieuses ».
416 385 1211 468 Vendredi 22. Je pourrais redire
370 447 1212 515 parlant d'un autre théâtre, qu'il est in¬
370 503 1223 559 tile de nommer, d'autant plus que pas
373 535 1214 597 mal d'autres en ce moment lui asser¬
364 589 1218 641 bent je pourrais réditer la réflexion
373 639 1215 686 de une « J'étais seul, les au
364 670 1210 724 Théâtre-Francis, ou presque seul... »
363 711 1205 770 Une trentaine de spectateurs, dont peut¬
364 753 1211 820 être une dizaine de critiques. J'avais le
367 800 1209 858 désespoir dans l'âme pour les artistes;
361 848 1211 904 mais ceux-ci faisaient vaillante figure et
367 888 1218 953 tenaient leurs rôles avec le même bio
373 935 1221 991 que si la salle eût été pleine, à craquer. Et
364 981 1211 1048 je pensais que les chirondelles au¬
367 1017 1211 1081 raient, en ce moment, un beau geste de
363 1067 1211 1127 reconnaissance à accomplir : organiser,
358 1115 1209 1166 se mobiliser, envoyer des escouades tan¬
361 1160 1214 1212 tôt dans un théâtre et tantôt dans un au¬
361 1199 1215 1249 tre, s'imposant de verser, pour une fois,
358 1239 1211 1304 le prix d'une place modeste elles qui,
361 1284 1211 1345 chaque jour, aux répétitions générales,
367 1331 1211 1386 volètent de strapontin en fauteuil, des
361 1373 1221 1439 galeries ou foyers à l'orchestre ou aux lo¬
364 1408 1212 1488 ges, sans bourse délier. Mais y a-t-il place
364 1479 1207 1525 pour de la reconnaissance dans le cou¬
361 1507 1211 1567 d'une « hirondelle » de théâtre ? Et, si je
358 1556 1205 1606 dis e hirondelles », j'entends maints au¬
361 1598 1199 1655 tres ayants-droit » qui ne passent ja¬
361 1641 1205 1692 mais au guichet, bien qu'ils ne puissent
358 1690 1207 1765 invoquer aucune excuse professionnelle...
405 1742 1210 1832 Samedi 23. Je ne veux pas chica¬
357 1799 1204 1859 ner Mme Simone-Camille Sans sur
367 1846 1209 1904 son nom il est le sien et elle en a
364 1889 1210 1943 comme de juste, la fierté. Mais ce mo¬
361 1933 1205 1991 nosyllabe sour pourrait devenir la
364 1969 1205 2038 pierre d'achoppement de sa carrière
358 2023 1211 2079 dramatique, même si elle prononce l'a
367 2065 1209 2137 final. Mme Sans a écrit une pièce mé-
367 2107 1210 2170 dévale, L'ombre, dont elle a tenu à
361 2150 1205 2206 interpréter le principal rôle féminin.
364 2193 1202 2255 Le public de la générale lui a fait, cette
364 2246 1202 2291 après-midi, un accueil mitig, aussi
361 2279 1207 2339 bien à l'auteur qu'à la comédienne.
358 2338 1207 2385 Mais il s'est conduit avec correction,
358 2378 1207 2436 ayant conscience du courage, de la
361 2406 1199 2466 volonté, de la foi qu'apportait Mme
361 2456 1196 2526 Sans à mettre en valeur son personna¬
360 2502 1199 2560 ge, en dépit d'une inexpérience totale
355 2544 1205 2602 de la scène et d'une déclamation qui
367 2590 1209 2646 ignore les nuances. L'œuvre de Mme
367 2638 1203 2691 Simone Camille Sans obéit plus
358 2675 1199 2735 fantaisie qu'à la logique les situa¬
364 2720 1199 2769 tous et les évolutions de caractères
367 2765 1202 2823 rent l'art des transitions. Il est,
363 2806 1199 2875 par ailleurs assez piquant de se dire
358 2843 1199 2928 que le sujet pourrait être de notre
364 2887 1199 2947 temps au lieu du poison, par lequel
363 2937 1202 2989 cette sorcière se débarrasse sans
364 2978 1202 3035 vergogne de la femme de son amant,
424 3023 1209 3083 suffirait qu'elle prit en main le
358 3079 1207 3128 browning si épidémiquement actuel.
355 3126 1194 3176 J'avoue que cela nuirait fort aux dé¬
358 3153 1205 3220 veloppements verbeux et obscurément
367 3209 1200 3258 philosophiques où se complaît Mme
361 3244 1207 3323 Sans. Que de « beaux » effets tragi¬
373 3293 815 3359 que la couperait
399 3323 1187 3415 Dimanche 24. — Je rentre de
367 3401 1197 3465 sieux, à la faveur de l'agréable voya-
354 3446 1194 3506 ge temps see, ciel d'une totale pre¬
355 3482 1207 3549 te que me conviait à faire dans la
367 3532 1199 3595 même journée un de mes amis pos¬
358 3572 1200 3635 sesseur d'une voiture, j'ai disposé
361 3614 1202 3670 non esprit en favorable « terrain
361 3664 1197 3730 d'atterissage » pour les informations
358 3703 1199 3770 qui s'envoleront de là-bas, en juin
367 3747 1199 3806 prochain, sur la grande semaine pro-
357 3792 1199 3852 jetée. J'ai vu la crypte qu'on doit alors
364 3831 1205 3892 inaugurer et sur laquelle s'élèvera la
361 3882 1199 3932 future basilique. J'ai mesuré les rela-
361 3919 1197 3982 tions de solidaire voisinage auxquelles
355 3965 1197 4014 se sont raisonnablement décidées les
358 4020 1192 4076 deux petites villes dissemblables, ac
358 4062 1197 4112 coupées désormais sous le nom de
361 4094 1199 4145 Lisieux l'ancienne, celle des grands
361 4141 1179 4190 marchés, normands, si riche en viel
1276 195 2026 253 les sont capables de mettre sur
1281 242 2099 289 esprits qui ne se gardent pas vou-
1274 279 2107 322 comprendre que soient devenes in¬
1282 322 2111 381 suffisantes les ressources hospitaliè¬
1283 363 2111 413 les de Lisieux et que l'on soit en train
1273 405 2107 473 de préparer de nouveaux pris pour
1345 457 2104 508 pleins tenant compte de la mo-
1279 488 2107 552 este de leur bourre. Je m'arrêter
1286 536 2122 587 rait enthousiasme de conver-
1274 576 2116 630 soudain, moins qu'on ne
1264 623 2117 685 nette sur le compte du déjeuner que
1273 670 2104 716 usines, déjeuner por
1274 713 2107 758 fut abondant, succulent, dicat, arros
1268 756 2104 828 de vins d'élection, de calvados et d'unani
1268 790 1677 873 me bonne humeur !
1306 844 2110 932 Lundi 24. — Le Palais des Sports, hier
1264 927 2107 983 soir, nous organisa une fête très russe,
1266 963 2104 1009 autrement dit très parisienne, puisque
1259 1007 2105 1068 tout ce qui est cosaque, danseur en blou-
1267 1052 2109 1111 se rouge on joueur de balalanka est de¬
1266 1091 2109 1153 puis longtemps une des notes indispen¬
1268 1141 2104 1189 bles de la grande fresque animée de
1264 1177 2112 1245 Paris. Ceux qui donnaient, cette fois, le
1274 1228 2106 1284 spectacle étaient les guites. Bondisse¬
1266 1267 2104 1325 ments rapides de petits chevaux, tandis
1268 1322 2109 1367 que de hardis hommes de la steppe se
1266 1366 2104 1421 livrent, sur les reins ou sous le ventre de
1266 1404 2107 1459 la montre, à de prodigieux exercices
1268 1451 2110 1508 d'équilibre, accompagnés de cris et de
1266 1493 2104 1545 dépens d'orflammes. Danses fréné¬
1268 1540 2110 1591 tiques dont le vertige toujours nous
1268 1580 2111 1641 prend et nous surprend, bien que nous le
1266 1630 2109 1674 voyons presque chaque jour, ici ou la
1266 1671 2107 1732 Les charges prennent dans ce cadre vaste
1258 1711 2107 1766 une allure fantastique qu'elles ne sau¬
1268 1763 2096 1810 raient atteindre à l'intérieur d'une pist¬
1264 1805 2107 1861 Cirque, où d’ailleurs les chevaux son
1266 1850 2109 1908 bridés étroitement et pour ainsi dire en¬
1263 1889 1400 1948 través.
1301 1957 2117 2037 Mardi 26. Dans la masse du peuple,
1262 2011 2110 2069 on a rarement sous la main, pour le
1256 2057 2104 2103 feuilletter à tout instant, un La Rochefou¬
1256 2104 2116 2156 caud, Et j'entends par ce nom propre un
1266 2143 2113 2192 recueil quelconque de maximes, du plus
1262 2181 2111 2238 classique au plus moderne. Je ne saurais
1262 2233 2109 2284 dire s'il eut conscience de remédier à
1268 2274 2111 2324 cette carence, celui qui le premier eut
1258 2324 2111 2373 l'idée d'inscrire une pensée différente au
1259 2363 2107 2420 bas de chaque feuillet quotidien des
1262 2405 2111 2467 éphémérides. Le vrai est, pourtant, que
1262 2456 2109 2517 l’éphéméride remplace le La Rochefou¬
1253 2499 2107 2557 cauld, le vulgarise, le met à la portée des
1256 2542 2107 2585 moins enclin à méditer. Avez-vous re¬
1256 2586 2104 2638 marqué que les éphémérides que distri¬
1261 2627 2098 2691 buent les facteurs à la veille du jour de
1262 2676 2109 2726 l'an ou qu'on achète soi-même au bazar
1262 2722 2104 2768 à la papeterie du quartier, s'accro¬
1253 2762 2104 2819 chent de préférence à la cuisine ; elles
1256 2809 2102 2854 orthographe de l'Académie) ou ils (or¬
1262 2852 2104 2902 thographe de presque tout le monde,
1262 2894 2101 2943 elles ou ils y composent, avec les recettes
1253 2938 2101 2994 de Tante Marie et quelques mauvaises li-
1266 2983 2101 3032 vraisons populaires, l’embryon de biblio¬
1262 3028 2101 3089 thèque de la cuisinière, ou de la ména¬
1262 3069 2104 3124 gère, si celle-ci réunit en sa personne pa¬
1256 3122 2107 3169 tronat et salariat. Le matin, en préparant
1259 3157 2105 3220 le café au lait ou le chocolat, elle ne
1253 3205 2101 3256 manque pas d'arracher le feuillet périmé
1253 3248 2101 3297 et, avant de le réduire en boule et de le
1256 3290 2102 3344 jeter aux ordures, en déchiffre avec plus
1253 3342 2101 3389 ou moins d'intelligence la pensée qu'on
1259 3381 2098 3433 mit pour nourrir son cerveau ; ainsi
1252 3430 2099 3485 fonctionne ce La Rochefoucaud à répéti¬
1253 3472 2101 3515 tion ; et de cette méditation de quelques
1253 3515 2099 3565 secondes (sauf cas particulier qui retient
1262 3556 2098 3612 plus longtemps l'attention), croyez bien
1259 3606 2096 3652 qu'il reste quelque chose dans un coin
1253 3645 2104 3703 des méninges. Ce Socrate d'aujourd'hui
1319 3692 2101 3745 pourrait-on dire encore prépare un
1253 3739 2100 3797 accouchement intellectuel à longue
1253 3778 1453 3847 échéance.
1298 3849 2101 3907 Mercredi 27. La coquette salle du
1256 3896 2104 3946 Théâtre de l'Avenue doit se réjouir du
1253 3941 2101 3990 spectacle qu'on y donne en ce moment
1256 3985 2102 4041 quelque chose de léger, bien que ce ne
1247 4038 2096 4089 soit pas d'un Français de menues, su¬
1262 4072 2096 4128 perficielles et ironiques touches d'huma¬
1256 4118 2103 4177 nité. Le titre ? Anatole. Mais j'imagine
1251 4171 2048 4230 qu'il groupe arbitrairement cina es
