3248 4256
8 257 536 369 1.9. Anatol
630 265 933 373 Zyklus
1102 265 1450 377 box 9/4
820 367 1556 534 ARGUS de la PRESSE
950 509 1414 606 Voit tout
829 553 1571 668 LES PLUS ANCILES BUREAUTE ETATS DE PRESSE
829 642 1565 731 37. Rue Bergère, PARIS (9e)
931 791 1389 924 der vor.
712 914 946 1026 Envoi de
1028 916 1543 1045 NEUE PAGER LEURS
1071 1003 1323 1109 elle
712 1032 895 1128 dre
710 1132 848 1217 Data
1054 1100 1545 1230 30 JANVIER 1932
717 1208 931 1329 Sucre
837 1338 962 1401 .
1575 1376 2124 1558 Theater
958 1408 1113 1569 a
1501 1569 2347 1685 was gezwungen, holte aber bald durch
782 1592 1376 1694 THEATRE DE L'AVENUE
950 1664 1194 1724 ANATOLE
1505 1660 2340 1738 Lebendigkeit und Frische das Ver¬
829 1683 1321 1774 Von Arthur Schnitzler.
1509 1707 2351 1783 säumte ein. Dass der « Maître d'hô¬
695 1741 1459 1844 Französische Fassung von M. Reinon,
1514 1755 2351 1825 tel mehr einem Wiener Pferdedrosch¬
782 1798 1370 1870 M. Vancaire und S. Clauser.
1509 1813 2340 1895 kenkutscher ähnlich sah, sei nur der
1526 1870 2224 1944 Vollständigkeit halber erwähnt.
702 1842 1488 1944 Arthur Schnitzler, der im vergange
1552 1919 2336 1991 Das Werk wurde von Georgette Bo¬
651 1933 1492 2016 nen Herbst im Alter von 69 Jahren
657 1991 2345 2061 starb, gehörte zu den bedeutensten ner, der Regisseurin der leider ver¬
1516 2031 2357 2101 schwundenen deutschen Bühne, und
651 2035 1480 2099 Dramatikern um die Jahrhunderten
651 2071 2345 2141 de. Man hat ihn mancherorts als « Lo-Michel Tschekhoff in Szene gesetzt.
1522 2131 2357 2201 Und we man gestehen muss mit Glück
653 2148 1492 2211 kaldramatiker » bezeichnet, denn in
1516 2184 2351 2251 und gutem Geschmack. Die Spielweise
657 2190 1486 2258 seinen Werken spiegelt sich seine Va¬
1522 2239 2343 2298 war lebendig und liess trotz mancher¬
657 2243 1492 2309 terstadt Wien mit all ihrem Scharm,
1516 2294 2345 2347 lei toter Punkte in der Dichtung weder
649 2300 1486 2368 ihren Reizen und auch ihren Schwä¬
1520 2338 2349 2415 Langeweile noch Ermüdung eintreten.
657 2351 1492 2432 chen. Anatole war eines der ersten
1522 2396 2349 2461 Auch die meisten der Bühnenbilder
666 2402 1486 2470 Werke des Dramatikers, die ihm zu
1526 2451 2351 2516 waren von grosser Eindringlichkeit
666 2455 1486 2516 Ansehen und Berühmtheit verhalfen
1526 2504 2351 2567 und wirkungsvoller Einfachheit. Um
657 2510 1486 2572 Den Jungen der Neuzeit wurde Schnitt¬
1514 2557 2351 2614 se mehr muss man sich wundern, wie
657 2563 1484 2627 ler mit seinem Drama « Liebelei » ge
657 2608 2355 2686 recht. Heute ist nun alles anders ge¬ man es fertig brachte, das Bild zur
661 2658 2351 2741 worden. Das Wien Schnitzlers gibt es zweiten Szene (Weihnachtseinkauf,
1529 2711 2355 2779 gelinde ausgedrückt, so unzureichend
653 2718 1499 2786 nicht mehr und die Menschen Schnitz¬
1522 2767 2343 2832 darzustellen. Eine graublau gestriche¬
659 2769 1499 2841 lers gibt es auch nicht mehr. Was
1520 2817 2351 2883 ne Leinwand, mit einem schlecht auf¬
657 2820 1492 2890 einst ein Zeitstück war, ist heute eine
1516 2875 2345 2943 gezeichnetem Türgriff und der Auf¬
651 2877 1323 2945 literarhistorische Erinnerung.
712 2915 2343 2991 Das Werk « Anatole » besteht aus schrift « Poussez », davor ein Gaskan-
1520 2972 2353 3044 delaber, dazu ein unwahrscheinlich
657 2983 1492 3049 fünf, scheinbar unzusammenhängen¬
1522 3027 2347 3097 schmaler Gegsteig dürfte selbst in der
666 3040 1492 3099 den Szenen, in dessen Mittelpunkt
1520 3080 2349 3152 ärmsten und obskursten Wiener Vor¬
666 3089 1492 3152 Anatole, der unabhängige Junggeselle
659 3133 2116 3199 der Vorkriegszeit steht und agiert. stadt nicht zu finden sein.
1567 3159 2351 3254 Die Wiedergabe fand beim Publikum
659 3195 1507 3263 Man könnte das Werk auch « Anatol
1526 3241 2355 3320 reichen und verdienten Beifall und die
659 3250 1495 3328 und die Frauen überschreiben. Jede
1522 3294 2351 3360 Darsteller konnten sich wiederholt bei
661 3299 1492 3381 einzelne Szene trägt eine Ueberschrift
1526 3345 2355 3417 dem kritisch eingestellten Publikum
661 3352 1497 3420 « La Frousse », « Achats de Noel »,
1526 3396 2194 3475 einer Generalprobe bedanken.
672 3405 1492 3485 « Episode », « Souper d'Adieu », « Le
1573 3443 2345 3515 Nach dem Programm ging dem ei¬
668 3460 1492 3517 Matin du Mariage ». In allen Szenen
672 3511 2357 3572 sehen wir Anatole auf der Jagd nach gentlichen Bühnenwerk ein Vorspruch
1522 3559 2347 3632 von Hugo von Hofmannsthal voraus
666 3566 1492 3625 Liebesglück, ohne viel Gewissensbisse
1522 3604 2351 3682 der aber leider im Lärm der unpunkt¬
666 3619 1497 3687 immer unzufrieden mit sich und sei¬
1526 3665 2355 3746 lichen Besucher vollkommen unter¬
661 3665 1499 3742 ner Umwelt, da sich das ersehnte
1982 3714 2304 3788 Lutz FRANK,
1522 3716 1647 3788 ging.
657 3716 1492 3782 ständige, innerliche Glück nicht ein¬
1560 3765 1683 3829 P.S.
1728 3752 2355 3837 Wegen Platzmangel mussten
661 3765 1492 3837 stellen will. Mir dünkt der letztge¬
1526 3803 2351 3880 leider die Besprechungen der stattge¬
661 3818 1497 3888 nannte einzige sympathische Zug des
1522 3877 2357 3937 fundenen Premieren in den Theatern
672 3882 1497 3937 Titelhelden wichtig genug, um ihm bei
666 3924 2360 3988 der Ausarbeitung besondere Sorgfalt Atelier, Odeon und Comédie-Française
661 3973 2366 4049 angedeihen zu lassen. Mit ihm steht auf die nächsten Nummern verteilt
2194 4030 2311 4092 L. F.
1529 4032 1704 4094 werden.
668 4034 1503 4089 und fällt das Stück, Hier zeigt sich
668 4087 1514 4145 der rote Faden, der die einzelnen Ge¬
674 4138 1492 4193 schehnisse zusammenbindet. Diese
