3436 4352
238 204 790 294 4.9. Anatol
856 207 1189 300 Zyklus
1359 209 1712 299 box 9/5
678 871 1786 948 jetzt handeli, ist die Wiedereroberung von Galizien, und da
671 933 1789 981 ist denn doch fraglich, ob jetzt schon der Augenblick da ist, um
668 978 1791 1034 diese zu versuchen. An dieser Stelle wurde immer die Ansicht
671 1025 1796 1078 vertreten, daß der Kriegführende alle seine Kraft an der
671 1060 1786 1113 Stelle einsetzen müsse, wo die wichtigste Entscheidung vom
668 1108 1780 1156 militärischen Standpunkt aus gesucht werden muß. Alle an¬
678 1148 1785 1203 deren und zwar auch die politischen Ziele sollen erst dann ver¬
996 1283 1463 1381 Am Schönherr.
829 1354 1640 1449 Ein Kapitel Literaturgeschichte.
1002 1418 1475 1499 Von Hugo Ganz (Wien).
744 1467 1794 1544 In Wien habens die Talente nicht leicht. Der Markt ist
683 1513 1781 1576 klein, der Zudrang groß. Aber das Gedränge beginnt eigent¬
675 1569 1789 1617 lich erst in den vorderen Reihen, der erste Einlaß wird nicht
692 1609 1791 1656 schwer gemacht. Im Gegenteil. Man findet hier viel Litera¬
683 1646 1793 1695 turgönner, die mit einer gewissen Entdeckerfreude auf neue
679 1685 1789 1733 Talente aufmerksam machen und — sie sich verpflichten. Na¬
686 1725 1796 1772 mentlich als noch Hermann Bahr das Horn des Heerrufers
679 1765 1786 1809 handhabte, wurde alle Augenblick des Tages mobilisiert, einen
689 1799 1796 1846 Neuen festlich zu empfangen. Auch Karl Schönherr wurde
683 1834 1793 1886 anfangs mit allen Ehren aufgenommen Max Burkhardt
679 1873 1794 1923 u. A. begrüßten ihn als einen neuen herberen Anzengruber
686 1913 1801 1958 und seinen „Bildschnitzern öffneten sich sofort die ersten Büh¬
683 1953 1793 1997 nen. Auch der „Sonnwendtag“ hatte noch einen starken
678 1990 1793 2045 Erfolg und hielt sogar, von Schlenther geleitet, im Burg¬
689 2027 1797 2077 theater seinen Einzug. Da aber setzte die Opposition ein. Es
686 2077 1802 2119 war eine Literaten=Opposition. Man hatte eine bestimmte
689 2106 1797 2162 Wiener Marke eingeführt. — „Anatol", „Liebelei“ — und zu der
686 2143 1801 2193 mehr oder minder guten, großstädtischen Galanterieware paßte
686 2180 1796 2223 die elementare Kunst des „griffigen Krolers schlecht. Der
692 2218 1801 2268 Schottenring lehnte sich auf gegen die „Provinz, das Raffi¬
686 2257 1797 2308 niert Erotische, Ueberspitzt=Psychologische gegen das Knorrig¬
689 2292 1797 2348 Bildhafte, Primitive der Schönherrschen Figuren und
692 2332 1804 2392 Probleme. Aber die Literatenkritik kam nicht auf gegen die
686 2372 1801 2427 urwüchsige Stärke dieser Theater= und Gestaltungskraft.
692 2411 1804 2464 „Erde und „Glaube und Heimat“ wurden unerhörte
686 2448 1797 2491 Erfolge, die dem Dichter auch die materielle Unabhängigkeit und
686 2488 1801 2543 damit die Gleichgültigkeit gegen Gunst und Ungunst, Kritik
696 2523 1804 2580 und Konjunktur, freilich auch den Neid der minder Glücklichen
692 2564 1809 2615 und den ganzen Haß der Klerikalen brachten. Nun kam erst
686 2602 1804 2655 der Handwerksmeister in ihm zum Vorschein. Er ging an's
689 2636 1807 2689 Experimentieren. Alte Stoffe, deren erste Gestaltung ihn nicht
689 2676 1797 2735 befriedigte, wurden hervorgesucht. Er mußte das Zeug „los¬
691 2713 1804 2777 werden. So entstand aus dem „Sonnwendtag“ die ganz
686 2753 1804 2808 neue Tragikomödie „Die Trenkwalder, ein neues, aber
696 2788 1801 2845 kein besseres Stück, trotz vieler seltener und kaum gewürdigter
696 2829 1804 2885 Schönheiten. Damit begann wieder ein neues Kapitel. Es
702 2866 1804 2933 schien, als habe der Mißerfolg aller Feindseligkeit die Schleusen
702 2902 1804 2968 geöffnet. Von Berlin aus ging ein wahres Kesseltreiben gegen
699 2944 1805 2999 Schönherr los und jeder Aesthet wetzte an ihm den Schnabel.
696 2980 1804 3037 Die Rückwirkung in Oesterreich blieb aber nicht aus. Selbst
696 3028 1804 3079 die Wiener Literaten lehnten sich gegen die deutsche „Schutz¬
702 3057 1807 3124 zollkritik auf, und wer sich in Wien zum Mundstück der
699 3097 1817 3156 norddeutschen „Böswilligkeit" machte, konnte Vieles erleben.
699 3135 1807 3188 Schönherr wurde zum Schiboleth. Eine „Mainlinie des Ge¬
692 3169 1810 3230 schmacks" wurde konstatiert und den Norddeutschen überhaupt
696 3212 1812 3278 das Recht abgesprochen, über einen österreichischen Dichter
704 3262 1820 3307 sachkundig zu urteilen. Gemeint war damit, daß den Nord¬
692 3288 1804 3354 deutschen das Organ für das Wurzelhaft=Echte in der Dich¬
692 3323 1815 3386 tung, das Ohr für den Naturlaut fehle. Wie solle da einer
699 3362 1810 3423 von jenseits der Mainlinie die ganz im Dialekt wurzelnde
699 3400 1801 3470 Schönherrsche Sprach= und Gestaltungskunst würdigen können
747 3442 1813 3534 Dies Hin und Har des Beifalls und des Widerspruch¬
2996 830 3155 895 te
1833 830 2943 912 „wir haben keine Ang. Unbegreich ist, so Europa
2996 879 3155 932 auf sein
1833 890 2933 948 wegen der Dardanellen beunruhigt sein konnte. Die Türken
2996 922 3151 986 und stün
1841 941 2944 1002 verfügt über eine viel mächtigere und stärkere Armee, als man
3009 964 3111 1020 blieb.
1838 986 2941 1041 glaubt. Die allgemeine Kriegslage ist günstig und gut. Wir
3005 1002 3156 1059 eine Lu
1838 1023 2946 1094 sind zufrieden. Auch in den Karpathen ist alles in Ord¬
3005 1046 3156 1105 beide a
1836 1057 2949 1156 nung. Wir dürfen mit voller Zuversicht den Dingen ent¬
3005 1087 3158 1152 Maschin
1831 1120 2062 1197 gegensehen."
2991 1137 3134 1190 wurde.
2996 1232 3155 1287 Meine 1
1836 1234 2944 1299 machte auf den Dichter selbst gar keinen Eindruck. Er ging
3009 1272 3151 1328 hängigke
1833 1275 2951 1341 weiter seinen Weg und vergrub sich in ein Problem, das ihn
3009 1314 3159 1372 gegen sie
1838 1314 2954 1375 reizte, die seelische Verwüstung eines primitiven Weibes
3009 1359 3156 1401 und aus
1838 1364 2946 1418 durch männlichen Mißbrauch. Ihm ist das Weib eine Na¬
3005 1391 3145 1446 Machen
1838 1402 2946 1460 turkraft, weder gut noch böse, eingedämmt und recht geleitet
3009 1428 3155 1484 Bürgerk
1836 1436 2946 1502 von Nutzen, entfesselt und irregeleitet aber Unheil stiftend. Da
3004 1471 3156 1524 in mein
1838 1470 2943 1540 gerät nun ein jungfrisches, zum Weibsein noch gar nicht er¬
3005 1508 3156 1558 der verr
1844 1510 2946 1569 wachtes Frauenzimmer in ein männliches Spiel von Habsucht
3005 1550 3148 1605 war, so
1841 1556 2949 1608 Ehrgeiz und Sinnlichkeit. Es wird „Schindluder mit ihr ge¬
3062 1587 3145 1645 Wir
1844 1587 2944 1645 trieben". Vergebens lehnt ihr angeborenes Schamgefühl sich
3002 1616 3161 1679 unter al
1836 1622 2952 1693 gegen das Spiel aus. Der eigene Mann, das „Flaschenmander!“,
2996 1669 3159 1719 Oesterre
1847 1667 2952 1720 der mit der Saugflasche aufgezogene Sproß einer verbrauch¬
3002 1704 3163 1757 den; ab
1844 1701 2952 1759 ten Mutter, zwingt sie dazu. Und wie das unvermeidlich ist,
3009 1743 3155 1794 irgend
1858 1741 2951 1794 fängt sie Feuer an dem jungen „Kraftlackel“ von Grenzjäger,
3005 1778 3166 1834 liche Ac
1857 1778 2947 1838 für den sie nur ein Mittel zu einem vorzeitigen Avancement
3002 1818 3161 1871 Engla
1852 1815 2952 1878 sein sollte. Aber auch der Grenzjäger brennt, und das Feuer
3007 1860 3159 1913 Welt
1854 1857 2956 1921 scheint den überflüssigen Dritten verzehren zu sollen. Brunst
3012 1900 3159 1952 gewieser
1844 1894 2960 1948 und Mordgier schwelen um das Paar. Mit letzter Kraft reißt
3015 1940 3164 1993 überziel
1850 1932 2956 1992 sich der junge, ehrliebende Jäger von dem Weibsdämon los,
3017 1981 3156 2032 seinen
1858 1979 2959 2030 stößt sie zuruck, verwundet sie mit brutalem Wort im Tiefsten
1847 2017 2965 2059 ihrer Seele und will seiner Wege gehen. Aber da macht sie
3017 2019 3164 2069 Zurecht
1857 2048 2965 2107 sich auch ihm und von aller Menschlichkeit los, hetzt die
3012 2058 3156 2107 Gemüte
1847 2087 2957 2136 Männer zu blutiger Tat gegeneinander und — der Damm
3002 2093 3155 2156 denkend
1844 2125 2964 2175 bricht. Der Wildbach verwüstet drei Leben, eines physisch,
3002 2136 3156 2188 aus der
1844 2165 2954 2220 zwei andere moralisch, Weibsteufel und Mannsteufel zeigen
3012 2175 3159 2226 gegen u
1854 2217 2499 2270 sich die Zähne wie hungrige Wölfe.
3009 2212 3158 2268 aufreize
1900 2231 2952 2295 Ein düsterer Vorwurf, unerquicklich und drückend, fast als
3017 2252 3121 2302 lands.
1855 2279 2943 2335 habe der Dichter zeigen wollen, daß er nichts „Gefälliges
3017 2286 3159 2342 England
1854 2318 2957 2371 braucht, um zu wirken. Es liegt etwas Trotziges in der
3009 2329 3148 2380 winnen
1846 2355 2962 2409 Abwehr alles Lichten und Erfreulichen in dieser Dichtung, in
3010 2369 3134 2433 hat es
1844 2390 2959 2446 der Klarheit ihrer theatralischen Mittel, in der unerbittlichen
1850 2433 2957 2485 Konsequenz, mit der die Tragik aus ihrem ersten unschein¬
3013 2430 3118 2511 in
1850 2470 2960 2525 baren Keim entwickelt wird. Wie der unverstandene Ibsen
3015 2496 3159 2546 v. Me
1850 2509 2965 2560 der kompakten Majorität seinen „Volksfeind" in die Zähne ge¬
3020 2536 3163 2588 Württer
1858 2549 2967 2613 schleudert hat, so der Tiroler Kraftmensch seinen Felsblock
3015 2578 3164 2628 Jugende
1857 2586 2964 2645 „Weibsteufel“ der Kritik und dem Publikum. „Mach mirs
3021 2617 3161 2666 Frau.
1850 2626 2965 2681 einer nach", mag er gedacht haben, drei Personen und fünf
3029 2650 3156 2703 fünfzig
1850 2663 2965 2726 Akte, kein freundliches Wort, und doch kein Nachlassen des in¬
3023 2692 3159 2735 des Be¬
1854 2698 2957 2753 nersten Anteils an dem Bühnenvorgang. Gewiß, es wird
3015 2724 3166 2779 Friedbe
1854 2740 2964 2795 ihm keiner nachmachen und der Beweis für die unbedingte
3015 2768 3159 2816 als Kir
1858 2779 2965 2832 Meisterschaft im Technischen und die unverminderte Kraft des
3017 2806 3166 2861 Schön
1871 2817 2964 2870 figuralen Gestaltens ist wiederum erbracht. Der „Weibs¬
3015 2845 3174 2898 ten jede
1852 2858 2964 2911 teufel“ ist ein gigantisches, in unserer Literatur ganz ein¬
3017 2882 3163 2930 dabei di
1850 2894 2964 2952 zig dastehendes Werk. Aber wir hoffen doch, daß diese Kraft¬
3015 2919 3159 2972 des Ba¬
1854 2931 2972 2986 probe nur eine Episode bleibt. Das Wort der Sophokleischen
3020 2960 3159 3021 hinaus.
1857 2972 2968 3034 Ismene, „Nicht mitzuhassen, mitzulieben bin ich da, gilt vor
3023 3000 3163 3045 von au
1858 3026 2276 3087 allem für den Dichter.
3023 3033 3159 3086 mit Me¬
3023 3073 3166 3124 Mädchen
3015 3108 3135 3163 Bäcker
2175 3111 2674 3204 Kleines Feuilleton.
3029 3143 3164 3200 gemiete
3036 3190 3155 3238 schönen
1902 3163 2970 3241 — Ein Amerikaner über England.] Aus dem Privat¬
3029 3229 3145 3275 sie sich
1857 3225 2975 3278 brief eines hervorragenden Amerikaners, eines der
3029 3264 3137 3319 schäft.
1865 3266 2965 3327 führenden Geister der Wissenschaft, entnehmen wir folgende
3023 3306 3151 3360 ihr ge¬
1857 3320 1990 3388 Zeilen:
3023 3344 3159 3389 dem P.
1916 3331 2976 3402 „Ich gehöre zu einer der ältesten englischen Familien in
3020 3380 3164 3441 überlief
1857 3391 2976 3444 Amerika, meine Ahnen waren unter jenen Puritanern, die
1855 3418 3145 3486 auf der „Mayflower, dem Pionier=Schiff, herüber kamen, lassen,
