3484 4256
1420 176 1774 271 box 8/7
1077 188 1169 283 kl
313 180 984 284 4.9. Anatol-
1245 836 1601 917 Telephon 12.801.
691 961 1404 1052 „OSSEN
532 1046 1591 1127 1. österr. beh. konz. Unternehmen für Zeitungs¬
745 1099 1393 1155 Ausschnitte und Bibliographie.
711 1156 1432 1241 Wien, I., Concordiaplatz 4.
937 1218 1210 1290 Vertretungen
534 1264 1591 1336 in Berlin, Brüssel, Budapest, Chicago, Cleveland, Christiania,
531 1309 1589 1377 Genf, Kopenhagen, London, Madrid, Mailand, Minneapolis,
534 1345 1591 1416 New-York, Paris, Rom, San Francisco, Stockholm, St. Peters¬
914 1391 1198 1447 burg, Toronto.
879 1431 1253 1493 (Quellenangabe ohne Gewähr.)
528 1478 905 1545 Ausschnitt aus:
721 1531 1307 1642 12 2 1911 Zeit, Wien
876 1608 957 1657 .
530 1595 678 1656 vor:
515 1652 1414 1723 und Rosa loigner, wurden wiederholt
573 1722 1465 1776 a Literatur in Londoner Variétés. Aus Lon¬
530 1760 1468 1815 don, 6. d., wird uns geschrieben: Seit Monaten
530 1804 1467 1858 macht die Entwicklung des hiesigen Theater¬
532 1854 1467 1904 und Kunstlebens eine seltsame Phase durch, in¬
532 1891 1471 1948 dem die besten und vornehmsten Künstler es
542 1934 1473 1987 nicht mehr verschmähen, sich auf den Brettern
542 1979 1465 2029 der Variétés (Music Halls) zu produzieren.
539 2020 1471 2072 Die von weittragenden Folgen begleitete Er¬
542 2062 1473 2118 scheinung trat zuerst mit Sarah Bernhardt
499 2110 1471 2179 Am vergangenen Oktober am Coliseum auf.
530 2156 1471 2213 Nun gibt Thomas Beecham allabendlich am
532 2200 1471 2247 neueröffneten Palladium-Variété kurze Opern¬
539 2238 1469 2298 vorstellungen, und hervorragende Mimen und
542 2286 1472 2335 Sängerinnen, wie ein Lewis Waller und eine
542 2329 1465 2384 Edyth Walker, wollen auf das Music Hall¬
544 2373 1471 2431 Publikum erzieherisch wirken. Gestern bescherte
539 2417 1469 2469 uns der bekannte Regisseur und Dramatiker
548 2459 1473 2510 Granville Barker in seiner geschmackvollen
542 2506 1456 2555 Uebertragung die „Frage an das Schicksal
544 2555 1471 2612 („Ask no questions and you'll hear no
539 2598 1472 2662 stories) aus Arthur Schnitzlers Anatol¬
542 2639 1473 2690 Zyklus. Das Ereignis haben wir an dieser
542 2679 1472 2746 Stelle bereits angekündigt. Obzwar die Auffüh¬
542 2727 1480 2801 rung leider in der Umrahmung der unsinnigsten
552 2808 1482 2896 Variéténummern stattfand, hatte sich das ganze
559 2853 1480 2929 literarische London dazu eingefunden. Die
552 2908 1481 2977 mise en scène verriet Geschmack und Geschick,
550 2949 1480 3014 wenn auch der ganz unenglische Schwerenöter
547 2989 1472 3063 von einem Helden durch Barker nicht tief genug
550 3035 1478 3105 erfaßt worden war. Der berühmte Komiker Mr.
552 3063 1478 3149 Nigel Playfair gab uns einen wenig
543 3109 1478 3179 wienerischen, aber nichtsdestoweniger lebens¬
539 3154 1472 3232 wahren Max, und Miß Gertrude Robins sah
548 3205 1473 3271 als Hilda (in die man die Cora verwandelt
543 3242 1471 3314 hatte) recht herzig, aber auch englisch und nicht
534 3285 1471 3360 wienerisch aus. Das Publikum verhielt sich bis
540 3343 1473 3411 zur Hypnose kühl, schien aber dann warm zu
531 3380 1465 3450 werden und rief die Darsteller am Ende mehr¬
535 3430 1467 3489 mals hervor. „Die Frage an das Schicksal“ wird
534 3463 1461 3546 die ganze Woche hindurch gespielt, für nächsten
526 3511 1441 3577 Montag ist die Premiere von „Abschiedssouper
526 3559 1452 3631 und auf den nächstnächsten von „Hochzeits¬
532 3598 1460 3672 morgen" angesetzt. Beinahe die ganze hiesige
527 3639 1452 3723 Presse begrüßt aufs sympathischeste das Unter¬
522 3685 1452 3756 nehmen, das einen wichtigen Schritt, in der
531 3727 1459 3824 Entwicklung des Londoner Kunstlebens be¬
502 3764 761 3829 on
2771 1370 3101 1456 Telephon 12.801.
2777 1461 2905 1545 De¬
2279 1465 2731 1600 „OBSERV
2044 1592 3108 1659 österr. behördl. konz. Unternehmen für Zeitungs-Ausschnitte
2175 1656 2987 1730 Wien, I., Concordiaplatz 4.
2380 1720 2772 1798 Vertretungen
2043 1784 3102 1844 in Berlin, Budapest, Chicago, Christiania, Genf, Kopen¬
2043 1827 3102 1887 hagen, London, Madrid, Mailand, Minneapolis, New-York,
2094 1871 3052 1934 Paris Rom, San Francisco, Stockholm, St. Petersburg.
2376 1905 2775 1963 (Quellenangabe ohne Gewähr).
2039 1969 3005 2056 Ausschnitt aus: The Observer, London
2036 2049 2588 2168 von 12
2421 2275 2673 2335 ANATOL.
2143 2273 2956 2387 ANATOLA SERENCE OF DIALOGUES. By Arthur
2238 2348 2949 2423 chnitzler. Pared for the English stage
2212 2373 2949 2468 bancker. (Sidgwick and Jackson.)
2204 2414 2504 2456 13. d. and 2. net.
2179 2446 2945 2533 Through Mr. Granville Barker's presentation
2143 2488 2941 2561 of some of these dialogues at the Palace
2144 2529 2946 2602 Theatre the world has already been acquainte¬
2139 2559 2937 2639 with the fact of Anatolis elaborate and fas¬
2136 2595 2941 2673 tidious amours, which are not even to end¬
2138 2623 2956 2718 if we read aright the menace on the last page
2146 2672 2936 2743 with his marriage. Anatol is a young man
2134 2702 2934 2781 of fashion in Vienna, an egoist, a sentimentalist,
2130 2740 2934 2816 and something of a coward; and his friend Max
2130 2763 2936 2843 and the lady of the moment complete the dra¬
2127 2812 2937 2883 matis persone of these curiously clever dia¬
2127 2834 2937 2915 logues, which have something of the delicate
2125 2870 2936 2956 and fragile quality of Dresden China. One
2127 2916 2931 2985 would like to be able to compare them with the
2119 2956 2921 3026 original. Mr. Barker calls them a para¬
2122 2993 2924 3055 phrase," but even to a paraphrase the author
2123 3024 2923 3098 of "The Madras House could not help con¬
2114 3052 2917 3126 tributing a good deal of himself, and there
2122 3090 2913 3174 are touches which suggest Granville Barker and
2119 3134 2916 3196 nobody else. In every case the thing is astonish¬
2119 3154 2916 3238 ingly well done too well for the real charm of
2107 3199 2904 3273 the dialogues to get properly across the foot¬
2107 3233 2920 3319 lights to any but the most discriminating
2107 3261 2269 3328 audience.
