3392 4192
372 25 1377 80 schwankt zwischen dem Feinschmecker der Halbwelt
366 71 1377 122 und dem sentimentalen Liebhaber, natürlich ohne
364 112 1373 181 Familiensinn er betrachtet, sein Bummelleben als
363 162 1369 220 höchste Notwendigkeit. Er findet in seinem Freund
363 215 1374 269 Max eine angenehme Ergänzung, vom Dichter zu
363 261 1374 311 dem Zwecke, seine Figur durch den treffsicheren
363 308 1364 368 Dialog erst recht zu unterstreichen. Psychologisch
363 357 1368 415 ist „die Frage an das Schicksal ein guter Witz,
355 401 1368 467 die Beantwortung originell. Am feinsten stehen
354 447 1368 511 die Weihnachtseinkäufe" herausgearbeitet, etwas
352 493 1367 568 derber und für die breite Masse des Publikums
345 543 1367 614 wirkender das „Abschiedssouper" und der „Hoch¬
378 643 1391 731 keitsmorgen". Es geht manche gute Pointe der
374 730 1386 786 ersteren zwei durch die Voreingenommenheit des
386 780 1392 838 Zuhörers verloren, der glaubt, er müsse bei
381 828 1392 883 Schnitzler trot Geistesschärfe noch mehr und zwar
387 878 1392 927 nicht immer des Einwandlosen vernehmen. Anatol
387 923 1392 974 braucht einen talentialen Schauspieler, sonst wird
399 972 1411 1042 sein Bild eine Operettenfigur und unmöglich.
383 1016 1385 1078 Er fand in Hr. Heppner einen überzeugenden
373 1071 1386 1135 Vertreter, der auch in äußerer Eleganz und Welt¬
381 1122 1388 1187 mannsgebaren waschecht war. Die Schwierigkeit
381 1174 1382 1232 der Straßenscene gelang ihm trefflich, freilich hatte
382 1225 1381 1289 er an Fr. Speidel (Gabriele) gute Hilfe. Dies¬
386 1262 1379 1330 Scene kann recht langweilig gespielt werden
383 1318 1382 1373 Wenn da nicht Schlag auf Schlag, mit feinen
381 1368 1382 1425 Ironie kommt, ist der Erfolg verpufft; sie wir
387 1416 1376 1476 von einem Großteil nicht verstanden, wie auch der
383 1461 1376 1523 Beifall wies. Ganz aus ihren sonstigen Rolle
396 1511 1376 1565 fiel diesmals Frl. Schrattenbach als Annie, w
387 1564 1376 1621 war die Schüchterne, oft weinerliche Naive? Di
382 1607 1369 1679 Souperscene (ganz dem Intimen Theater abge¬
380 1656 1367 1725 lauscht erreichte gute Wirkung, auch der Ueber
383 1712 1367 1774 gang von der Schampusstimmung zur Entrüstun
381 1765 1360 1823 und das Abflauen zur Wurstigkeit gelang ihr gu
380 1805 1297 1860 Eine gefährliche Rolle bietet die Ilona
382 1851 1358 1908 Frl. Kreß. Sie kann sehr frech gegeben werden
381 1900 1358 1959 Diese Wiedergabe traf nicht zu, das letzte Liebche
381 1953 1274 2014 hatte sich recht hübsch gemacht, nahm alles
387 2001 1362 2065 selbstverständlich, bis auf die Nachricht der Hoch
381 2057 1360 2111 zeit. Sie übertrieb nichts, auch nicht in ihre
378 2095 1364 2156 eigensinnigsten Heftigkeit. Es ist die Darstellun¬
374 2140 1368 2210 der feinen, jugendlichen Salondame, ihr wie an
386 2197 1369 2256 geboren. Schade Man liest zwar sehr oft der
373 2246 1364 2303 Namen der Schauspielerin auf den Theaterzetteln
381 2299 1373 2350 aber heuer meistens nur als Lückenbeißer
380 2344 1373 2401 Hr. Karma (Max) ermangelte nicht mit satirischem
378 2392 1367 2455 Lächeln seinem Freunde Anatole, das zu sagen
374 2441 1373 2500 was notwendig war. Wie schon erwähnt, kann
378 2488 1378 2548 jene Rolle keinen eigenen Weg gehen. Er machte, was
373 2546 1373 2605 zu machen war, das gleiche gilt auch von der Cor¬
374 2592 1373 2648 Frl. Gaminas, dem „süßen Mädel", die Anatolens
378 2634 1373 2691 Liebesreigen eröffnete. Das Küssen war echt und ge¬
372 2680 1376 2741 räuschvoll. Alles in Allem. Ein bunter Abend, gute
372 2728 1371 2798 Darstellung und seine Regie. Es klappte alles, wie
378 2786 1378 2847 am Schnürchen. Nicht so bei der Wiederholung
381 2832 1033 2893 „Hamlets" am Donnerstag.
1097 2837 1377 2902 Volkstümliche
373 2886 1379 2955 Vorstellungen bedeuten trotz des Erfolges der
374 2936 1369 2989 „Faustaufführungen" bei gutem Wetter an Sonn¬
372 2979 1371 3037 tagen Wagnisse. Die Darstellung schien uns über¬
374 3028 1379 3082 dies oberflächlich, trotz vereinzelt guter Einzel¬
374 3075 1373 3141 leistungen. Sie vermochte das abgerundete Bild
374 3132 1329 3206 der Erstaufführung nicht zu ersetzen. K. v. K
678 3240 1072 3356 Richartisch
1605 92 2537 192 4.9. Anatol - Zyklus
2718 92 3054 186 box 9/1
