<?xml version="1.0" encoding="UTF-8" standalone="yes"?>
<PcGts xmlns="http://schema.primaresearch.org/PAGE/gts/pagecontent/2013-07-15" xmlns:xsi="http://www.w3.org/2001/XMLSchema-instance" xsi:schemaLocation="http://schema.primaresearch.org/PAGE/gts/pagecontent/2013-07-15 http://schema.primaresearch.org/PAGE/gts/pagecontent/2013-07-15/pagecontent.xsd">
    <Metadata>
        <Creator>prov=READ-COOP:name=PyLaia@TranskribusPlatform:version=2.12.1:model_id=39995:lm=provided:date=29_03_2024_01:47</Creator>
        <Created>2019-10-07T11:50:25.850+02:00</Created>
        <LastChange>2024-03-29T01:47:14.527+01:00</LastChange>
        <TranskribusMetadata docId="223994" pageId="9505054" pageNr="237" tsid="156430290" status="IN_PROGRESS" userId="40391" imgUrl="https://files.transkribus.eu/Get?id=TZYXKTDZLYTCIDHEKYTERCIJ&amp;fileType=view" xmlUrl="https://files.transkribus.eu/Get?id=JNTNOHTSKHCVJSKTVXSSDLZM" imageId="6195268"/>
    </Metadata>
    <Page imageFilename="223994_0237.jpeg" imageWidth="3484" imageHeight="4256">
        <ReadingOrder>
            <OrderedGroup id="ro_1712662527263" caption="Regions reading order">
                <RegionRefIndexed index="0" regionRef="tr_1"/>
            </OrderedGroup>
        </ReadingOrder>
        <TextRegion orientation="0.0" id="tr_1" custom="readingOrder {index:0;}">
            <Coords points="235,224 235,3337 3112,3337 3112,224"/>
            <TextLine id="tr_1_tl_1" custom="readingOrder {index:0;}">
                <Coords points="1432,273 1472,280 1497,269 1511,280 1540,258 1583,280 1594,269 1608,280 1630,269 1655,280 1716,273 1727,284 1745,269 1759,280 1788,273 1791,194 1763,187 1659,187 1619,215 1562,183 1436,194"/>
                <Baseline points="1453,247 1479,249 1505,250 1531,250 1557,251 1583,253 1609,253 1636,253 1662,251 1688,249 1714,248 1740,247 1766,247 1793,247"/>
                <TextEquiv>
                    <Unicode>box 8/6</Unicode>
                </TextEquiv>
            </TextLine>
            <TextLine id="tr_1_tl_2" custom="readingOrder {index:1;}">
                <Coords points="951,284 1264,284 1264,201 1242,205 1224,190 1188,190 1174,205 1160,190 1106,201 1088,190 1052,208 1016,190 951,194"/>
                <Baseline points="972,253 997,253 1022,253 1047,253 1072,254 1097,255 1123,256 1148,256 1173,255 1198,253 1223,253 1248,253 1274,253"/>
                <TextEquiv>
                    <Unicode>Zyklus</Unicode>
                </TextEquiv>
            </TextLine>
            <TextLine id="tr_1_tl_3" custom="readingOrder {index:2;}">
                <Coords points="316,280 836,284 836,183 693,197 578,180 535,212 460,183 402,205 373,183 316,187"/>
                <Baseline points="334,244 359,249 385,253 410,253 436,253 461,253 487,254 512,256 538,256 563,256 589,256 614,256 640,256 665,256 691,256 716,256 742,256 767,254 793,254 818,255 844,256"/>
                <TextEquiv>
                    <Unicode>4.9. Anatol</Unicode>
                </TextEquiv>
            </TextLine>
            <TextLine id="tr_1_tl_4" custom="readingOrder {index:3;}">
                <Coords points="1770,1698 2448,1702 2448,1644 2391,1633 2265,1659 2222,1630 2179,1655 2093,1651 2061,1626 1770,1623"/>
                <Baseline points="1790,1680 1823,1682 1856,1684 1889,1686 1923,1686 1956,1686 1989,1686 2023,1686 2056,1686 2089,1686 2123,1686 2156,1686 2189,1686 2222,1688 2256,1689 2289,1689 2322,1689 2356,1689 2389,1689 2422,1689 2456,1689"/>
                <TextEquiv>
                    <Unicode></Unicode>
                </TextEquiv>
            </TextLine>
            <TextLine id="tr_1_tl_5" custom="readingOrder {index:4;}">
                <Coords points="567,1720 1824,1745 1824,1694 1723,1648 567,1666"/>
                <Baseline points="587,1719 649,1719 711,1719 773,1719 836,1721 898,1722 960,1720 1022,1722 1085,1723 1147,1726 1209,1720 1271,1723 1334,1725 1396,1725 1458,1728 1520,1728 1583,1730 1645,1730 1707,1731 1769,1730 1832,1731"/>
                <TextEquiv>
                    <Unicode>doch, wenn's ein anderer kriegt? — Und Anatol bringt ihr, der doch</Unicode>
                </TextEquiv>
            </TextLine>
            <TextLine id="tr_1_tl_6" custom="readingOrder {index:5;}">
                <Coords points="1856,1734 3091,1741 3091,1655 2445,1662 2373,1705 1856,1691"/>
                <Baseline points="1874,1728 1935,1728 1996,1728 2057,1728 2119,1729 2180,1731 2241,1731 2303,1731 2364,1734 2425,1733 2487,1733 2548,1734 2609,1734 2670,1734 2732,1734 2793,1734 2854,1734 2916,1735 2977,1737 3038,1737 3100,1737"/>
                <TextEquiv>
                    <Unicode>so hätte man für jetzt wenigstens die Aufführung unterlassen sollen</Unicode>
                </TextEquiv>
            </TextLine>
            <TextLine id="tr_1_tl_7" custom="readingOrder {index:6;}">
                <Coords points="226,1759 1817,1806 1784,1738 646,1734 513,1662 226,1684"/>
                <Baseline points="247,1725 330,1725 413,1730 496,1737 579,1758 662,1761 745,1761 828,1761 911,1763 994,1763 1078,1766 1161,1766 1244,1766 1327,1766 1410,1769 1493,1772 1576,1772 1659,1775 1742,1778 1826,1772"/>
                <TextEquiv>
                    <Unicode>innerlich Widerstrebenden, der diese kleine Welt gar so fremd ist, et</Unicode>
                </TextEquiv>
            </TextLine>
            <TextLine id="tr_1_tl_8" custom="readingOrder {index:7;}">
                <Coords points="1849,1784 3102,1806 3080,1745 1849,1738"/>
                <Baseline points="1868,1769 1930,1769 1992,1771 2054,1769 2116,1771 2178,1769 2240,1772 2302,1772 2364,1775 2426,1776 2488,1775 2550,1776 2612,1776 2674,1775 2736,1775 2798,1775 2860,1778 2922,1778 2984,1778 3046,1778 3109,1778"/>
                <TextEquiv>
                    <Unicode>statt dem Werkchen den feinsten Zauber zu nehmen. Nun präsentiert.</Unicode>
                </TextEquiv>
            </TextLine>
            <TextLine id="tr_1_tl_9" custom="readingOrder {index:8;}">
                <Coords points="230,1806 1748,1831 1806,1788 226,1745"/>
                <Baseline points="250,1796 328,1793 406,1793 484,1794 562,1799 640,1802 718,1805 796,1806 874,1807 952,1805 1030,1805 1108,1810 1186,1809 1264,1811 1342,1811 1420,1811 1498,1814 1576,1811 1654,1814 1732,1817 1811,1820"/>
                <TextEquiv>
                    <Unicode>chtseinkäufe, neue Anschauung bei. „Sie können sich da nicht hineindenken!...</Unicode>
                </TextEquiv>
            </TextLine>
            <TextLine id="tr_1_tl_10" custom="readingOrder {index:9;}">
                <Coords points="1838,1849 2965,1831 2937,1781 1838,1784"/>
                <Baseline points="1859,1811 1914,1811 1970,1812 2025,1814 2081,1814 2137,1814 2192,1814 2248,1814 2304,1817 2359,1818 2415,1820 2471,1820 2526,1823 2582,1820 2638,1820 2693,1820 2749,1817 2805,1820 2860,1820 2916,1820 2972,1823"/>
                <TextEquiv>
                    <Unicode>es sich wie ein Amor, dem man die Flügel ausgerupft hatte.</Unicode>
                </TextEquiv>
            </TextLine>
            <TextLine id="tr_1_tl_11" custom="readingOrder {index:10;}">
                <Coords points="223,1845 1817,1870 1788,1820 223,1820"/>
                <Baseline points="244,1844 323,1845 402,1847 481,1847 560,1847 639,1847 718,1850 797,1850 876,1850 955,1850 1035,1850 1114,1850 1193,1853 1272,1853 1351,1853 1430,1856 1509,1856 1588,1857 1667,1859 1746,1859 1826,1859"/>
                <TextEquiv>
                    <Unicode>eines der fesselnd Man hat Ihnen zu viel verschwiegen, als Sie junges Mädchen ware</Unicode>
                </TextEquiv>
            </TextLine>
            <TextLine id="tr_1_tl_12" custom="readingOrder {index:11;}">
                <Coords points="1921,1892 3023,1903 3023,1831 1921,1827"/>
                <Baseline points="1939,1874 1993,1874 2048,1874 2102,1874 2157,1874 2212,1877 2266,1877 2321,1877 2376,1879 2430,1880 2485,1880 2540,1880 2594,1880 2649,1880 2704,1880 2758,1880 2813,1880 2868,1880 2922,1880 2977,1881 3032,1886"/>
                <TextEquiv>
                    <Unicode>Zum erstenmal: Otto Erich Hartleben: Die Lore.</Unicode>
                </TextEquiv>
            </TextLine>
            <TextLine id="tr_1_tl_13" custom="readingOrder {index:12;}">
                <Coords points="226,1903 546,1903 546,1863 226,1852"/>
                <Baseline points="247,1889 272,1889 298,1889 324,1889 349,1890 375,1892 401,1891 426,1889 452,1889 478,1889 503,1889 529,1890 555,1892"/>
                <TextEquiv>
                    <Unicode>pisoden, in denen</Unicode>
                </TextEquiv>
            </TextLine>
            <TextLine id="tr_1_tl_14" custom="readingOrder {index:13;}">
                <Coords points="617,1896 1712,1903 1712,1867 1540,1856 617,1867"/>
                <Baseline points="638,1889 692,1890 746,1892 800,1892 854,1894 909,1892 963,1894 1017,1893 1071,1897 1125,1895 1180,1895 1234,1895 1288,1895 1342,1897 1396,1898 1451,1898 1505,1899 1559,1899 1613,1900 1667,1901 1722,1901"/>
                <TextEquiv>
                    <Unicode>und hat Ihnen zu viel gesagt, seit Sie junge Frau sind!</Unicode>
                </TextEquiv>
            </TextLine>
            <TextLine id="tr_1_tl_15" custom="readingOrder {index:14;}">
                <Coords points="223,1939 262,1946 294,1935 352,1949 463,1935 474,1946 549,1942 549,1899 223,1903"/>
                <Baseline points="244,1931 270,1931 296,1931 322,1931 348,1931 374,1931 401,1931 427,1931 453,1931 479,1931 505,1931 531,1931 558,1931"/>
                <TextEquiv>
                    <Unicode>mit moderner Sen¬</Unicode>
                </TextEquiv>
            </TextLine>
            <TextLine id="tr_1_tl_16" custom="readingOrder {index:15;}">
                <Coords points="574,1942 1817,1953 1817,1885 1770,1878 1669,1917 574,1892"/>
                <Baseline points="593,1931 654,1932 716,1934 777,1934 839,1935 901,1934 962,1934 1024,1934 1086,1936 1147,1938 1209,1936 1271,1939 1332,1939 1394,1939 1456,1940 1517,1940 1579,1942 1641,1942 1702,1942 1764,1942 1826,1942"/>
                <TextEquiv>
                    <Unicode>Darunter leidet die Naivetät Ihrer Betrachtungen.“ Und in Gabriel</Unicode>
                </TextEquiv>
            </TextLine>
            <TextLine id="tr_1_tl_17" custom="readingOrder {index:16;}">
                <Coords points="1921,1946 3102,1953 3102,1888 1921,1892"/>
                <Baseline points="1939,1928 1997,1934 2055,1935 2114,1936 2172,1936 2230,1936 2289,1938 2347,1939 2405,1940 2464,1942 2522,1939 2580,1940 2639,1942 2697,1942 2755,1939 2814,1941 2872,1942 2930,1942 2989,1943 3047,1945 3106,1942"/>
                <TextEquiv>
                    <Unicode>Der wackere Otto Erich mit seinem herrlichen gastfreien Pastor¬</Unicode>
                </TextEquiv>
            </TextLine>
            <TextLine id="tr_1_tl_18" custom="readingOrder {index:17;}">
                <Coords points="215,2003 3026,2003 3095,2000 3095,1957 212,1928"/>
                <Baseline points="235,1972 378,1975 521,1975 665,1974 808,1975 952,1975 1095,1978 1238,1980 1382,1980 1525,1981 1669,1984 1812,1986 1955,1978 2099,1979 2242,1981 2386,1984 2529,1984 2672,1984 2816,1986 2959,1986 3103,1987"/>
                <TextEquiv>
                    <Unicode>In der verschieden wächst ein leises Verstehen und ein leises Verlangen auf, als Anatol Humor! Nun erzählt er schon seit Jahren den abgeschiedenen Geistern</Unicode>
                </TextEquiv>
            </TextLine>
            <TextLine id="tr_1_tl_19" custom="readingOrder {index:18;}">
                <Coords points="223,2025 3102,2043 3102,2000 2951,1989 223,1978"/>
                <Baseline points="241,2014 384,2017 528,2018 671,2017 815,2017 958,2017 1102,2021 1245,2023 1389,2023 1532,2026 1676,2029 1820,2027 1963,2016 2107,2023 2250,2024 2394,2026 2537,2026 2681,2029 2824,2029 2968,2029 3112,2032"/>
                <TextEquiv>
                    <Unicode>Problemen als ihr von seinem blonden Mädel erzählt, dem er alles auf der Welt ist seine Schnurren, daß es ab und zu ein homerisches Gelächter im Hades</Unicode>
                </TextEquiv>
            </TextLine>
            <TextLine id="tr_1_tl_20" custom="readingOrder {index:19;}">
                <Coords points="223,2071 269,2075 312,2061 388,2082 402,2068 474,2075 499,2064 542,2075 542,2028 373,2032 323,2021 302,2036 284,2021 223,2025"/>
                <Baseline points="241,2056 266,2058 292,2059 318,2059 344,2059 370,2059 396,2060 422,2062 448,2062 474,2061 500,2060 526,2059 552,2059"/>
                <TextEquiv>
                    <Unicode>ode darunter, be¬</Unicode>
                </TextEquiv>
            </TextLine>
            <TextLine id="tr_1_tl_21" custom="readingOrder {index:20;}">
                <Coords points="567,2071 3095,2086 3095,2043 2926,2032 567,2025"/>
                <Baseline points="587,2059 712,2062 838,2059 964,2062 1090,2065 1216,2065 1341,2065 1467,2068 1593,2069 1719,2073 1845,2066 1970,2062 2096,2065 2222,2065 2348,2068 2474,2071 2599,2068 2725,2071 2851,2071 2977,2071 3103,2071"/>
                <TextEquiv>
                    <Unicode>und das nur Liebe, vertrauende, selbstlose Liebe kennt. Und sie be¬ gibt. Die „Geschichte vom abgerissenen Knopf hat einst seinen Erd¬</Unicode>
                </TextEquiv>
            </TextLine>
            <TextLine id="tr_1_tl_22" custom="readingOrder {index:21;}">
                <Coords points="223,2111 395,2107 463,2125 492,2107 542,2115 542,2068 413,2064 377,2079 305,2057 269,2079 223,2075"/>
                <Baseline points="241,2101 266,2103 292,2104 318,2104 344,2105 370,2107 396,2106 422,2104 448,2104 474,2104 500,2104 526,2105 552,2107"/>
                <TextEquiv>
                    <Unicode>dieser Dichtun=</Unicode>
                </TextEquiv>
            </TextLine>
            <TextLine id="tr_1_tl_23" custom="readingOrder {index:22;}">
                <Coords points="571,2115 3098,2129 3098,2086 3012,2075 571,2068"/>
                <Baseline points="590,2107 715,2104 841,2104 967,2105 1093,2107 1219,2110 1344,2110 1470,2112 1596,2111 1722,2115 1848,2113 1973,2107 2099,2108 2225,2110 2351,2113 2477,2113 2602,2113 2728,2113 2854,2113 2980,2116 3106,2116"/>
                <TextEquiv>
                    <Unicode>greift, daß hier ihre Ueberhebung nicht mehr angebracht ist. Und genossen als Erzählung schon unbändiges Vergnügen gemacht. Dann</Unicode>
                </TextEquiv>
            </TextLine>
            <TextLine id="tr_1_tl_24" custom="readingOrder {index:23;}">
                <Coords points="223,2158 1820,2168 1817,2118 223,2107"/>
                <Baseline points="241,2142 320,2143 399,2145 478,2145 558,2147 637,2142 716,2145 795,2145 875,2145 954,2146 1033,2148 1112,2148 1192,2151 1271,2151 1350,2151 1429,2151 1509,2154 1588,2157 1667,2154 1746,2157 1826,2154"/>
                <TextEquiv>
                    <Unicode>Für Anatols Ver= wenn sie sich eben noch spöttisch angeboten, mit Anatol zusammen die</Unicode>
                </TextEquiv>
            </TextLine>
            <TextLine id="tr_1_tl_25" custom="readingOrder {index:24;}">
                <Coords points="1842,2158 3095,2165 3095,2125 2987,2115 1842,2118"/>
                <Baseline points="1862,2148 1924,2150 1986,2150 2048,2151 2110,2151 2172,2151 2234,2152 2296,2154 2358,2154 2420,2154 2482,2154 2544,2154 2606,2154 2668,2157 2730,2154 2792,2156 2854,2157 2916,2157 2978,2157 3040,2158 3103,2154"/>
                <TextEquiv>
                    <Unicode>hat sie in der dramatisierten Gestalt wohl etliche Behaglichkeiten</Unicode>
                </TextEquiv>
            </TextLine>
            <TextLine id="tr_1_tl_26" custom="readingOrder {index:25;}">
                <Coords points="223,2197 542,2197 542,2158 481,2158 460,2143 406,2161 309,2150 276,2165 223,2161"/>
                <Baseline points="244,2190 269,2188 295,2187 321,2187 346,2188 372,2190 398,2190 423,2190 449,2188 475,2187 500,2187 526,2188 552,2190"/>
                <TextEquiv>
                    <Unicode>die andere Anatol</Unicode>
                </TextEquiv>
            </TextLine>
            <TextLine id="tr_1_tl_27" custom="readingOrder {index:26;}">
                <Coords points="567,2197 3095,2215 3095,2165 2825,2158 567,2150"/>
                <Baseline points="587,2187 712,2187 838,2187 964,2190 1090,2191 1216,2193 1341,2193 1467,2195 1593,2199 1719,2199 1845,2193 1970,2193 2096,2193 2222,2196 2348,2196 2474,2196 2599,2198 2725,2199 2851,2199 2977,2199 3103,2202"/>
                <TextEquiv>
                    <Unicode>Weihnachtseinkäufe für seine Liebste zu machen und ihm hierfür allen ihrer lustigen Diktion eingebüßt, aber doch noch Tollheit im Ernst</Unicode>
                </TextEquiv>
            </TextLine>
            <TextLine id="tr_1_tl_28" custom="readingOrder {index:27;}">
                <Coords points="223,2240 3095,2251 3095,2215 2915,2197 223,2197"/>
                <Baseline points="244,2229 394,2232 544,2232 695,2231 845,2232 996,2232 1146,2232 1297,2238 1447,2238 1598,2240 1748,2241 1899,2235 2049,2237 2200,2238 2350,2238 2501,2241 2651,2241 2802,2241 2952,2243 3103,2244"/>
                <TextEquiv>
                    <Unicode>Münchener Schau=möglichen Talmischmuck empfahl — jetzt reicht sie ihm von den genug behalten, um uns das Lachen neu in die Kehle steigen zu</Unicode>
                </TextEquiv>
            </TextLine>
            <TextLine id="tr_1_tl_29" custom="readingOrder {index:28;}">
                <Coords points="219,2290 3095,2298 3095,2251 3044,2244 219,2240"/>
                <Baseline points="238,2274 381,2275 524,2277 667,2273 811,2274 954,2274 1097,2277 1240,2279 1384,2280 1527,2280 1670,2283 1813,2283 1957,2278 2100,2280 2243,2282 2386,2283 2530,2286 2673,2283 2816,2284 2959,2286 3103,2289"/>
                <TextEquiv>
                    <Unicode>so abgeschlossen der Blumen, die sie in der Hand trägt, daß er sie der in der Vorstadt gebe, lassen, wenn wir sehen, wie der Vetter der beiden Studenten die</Unicode>
                </TextEquiv>
            </TextLine>
            <TextLine id="tr_1_tl_30" custom="readingOrder {index:29;}">
                <Coords points="223,2326 3091,2337 3091,2294 3030,2287 223,2283"/>
                <Baseline points="241,2316 383,2319 526,2319 669,2316 812,2316 955,2318 1097,2319 1240,2321 1383,2321 1526,2324 1669,2325 1811,2327 1954,2321 2097,2321 2240,2323 2383,2324 2525,2327 2668,2327 2811,2327 2954,2327 3097,2327"/>
                <TextEquiv>
                    <Unicode>auch sein mag, die die so sehnsüchtig ihn erwartet. Und er soll ihr dabei sagen: „Diese Lore als geliebtes Verhältnis sich zulegen würde, wenn sein Ord¬</Unicode>
                </TextEquiv>
            </TextLine>
            <TextLine id="tr_1_tl_31" custom="readingOrder {index:30;}">
                <Coords points="223,2380 3091,2380 3091,2341 2911,2326 223,2319"/>
                <Baseline points="241,2363 383,2360 526,2360 669,2357 812,2357 955,2360 1097,2360 1240,2363 1383,2363 1526,2366 1669,2366 1811,2368 1954,2363 2097,2364 2240,2365 2383,2369 2525,2369 2668,2369 2811,2369 2954,2371 3097,2372"/>
                <TextEquiv>
                    <Unicode>ht zu ihrem Recht Blumen, mein . . . . süßes Mädl, schickt Dir eine Frau, die vielleicht nungssinn nicht über den ihm symbolisch werdenden abgerissenen</Unicode>
                </TextEquiv>
            </TextLine>
            <TextLine id="tr_1_tl_32" custom="readingOrder {index:31;}">
                <Coords points="571,2445 643,2409 1806,2416 1806,2384 1662,2369 571,2373"/>
                <Baseline points="590,2399 651,2400 712,2402 773,2399 834,2402 896,2402 957,2402 1018,2404 1079,2405 1140,2405 1202,2407 1263,2405 1324,2405 1385,2407 1446,2411 1508,2409 1569,2411 1630,2411 1691,2413 1752,2414 1814,2414"/>
                <TextEquiv>
                    <Unicode>ebenso lieben kann wie Du und die den Mut dazu nicht hatte....</Unicode>
                </TextEquiv>
            </TextLine>
            <TextLine id="tr_1_tl_33" custom="readingOrder {index:32;}">
                <Coords points="1834,2416 3087,2423 3087,2380 1834,2373"/>
                <Baseline points="1853,2402 1915,2406 1977,2408 2039,2408 2101,2408 2164,2408 2226,2408 2288,2410 2350,2411 2412,2411 2475,2411 2537,2412 2599,2412 2661,2411 2723,2414 2786,2414 2848,2411 2910,2413 2972,2414 3034,2414 3097,2414"/>
                <TextEquiv>
                    <Unicode>Knopf ihrer Matrosenbluse ins moralische Stolpern käme. Und wenn</Unicode>
                </TextEquiv>
            </TextLine>
            <TextLine id="tr_1_tl_34" custom="readingOrder {index:33;}">
                <Coords points="223,2459 305,2445 337,2456 542,2459 542,2395 499,2402 467,2391 452,2405 442,2395 413,2405 373,2384 316,2405 223,2398"/>
                <Baseline points="241,2444 266,2444 292,2444 318,2444 344,2445 370,2447 396,2448 422,2450 448,2448 474,2447 500,2447 526,2448 552,2450"/>
                <TextEquiv>
                    <Unicode>ode allein zu tun</Unicode>
                </TextEquiv>
            </TextLine>
            <TextLine id="tr_1_tl_35" custom="readingOrder {index:34;}">
                <Coords points="1834,2452 3087,2463 3087,2423 1834,2420"/>
                <Baseline points="1853,2450 1915,2448 1977,2450 2039,2453 2101,2450 2164,2453 2226,2451 2288,2453 2350,2453 2412,2454 2475,2453 2537,2456 2599,2456 2661,2456 2723,2456 2786,2456 2848,2456 2910,2456 2972,2456 3034,2457 3097,2456"/>
                <TextEquiv>
                    <Unicode>dann der „Kleine“, der eben noch allen Frauen Haß geschworen, weil</Unicode>
                </TextEquiv>
            </TextLine>
            <TextLine id="tr_1_tl_36" custom="readingOrder {index:35;}">
                <Coords points="646,2463 1809,2477 1809,2412 646,2416"/>
                <Baseline points="665,2441 722,2450 780,2452 838,2453 896,2453 953,2454 1011,2456 1069,2453 1127,2456 1184,2456 1242,2459 1300,2459 1358,2459 1415,2459 1473,2459 1531,2461 1589,2461 1646,2462 1704,2463 1762,2465 1820,2462"/>
                <TextEquiv>
                    <Unicode>Das Stückchen ist aus. Ein echtes Anatol-Stückchen voll leicht</Unicode>
                </TextEquiv>
            </TextLine>
            <TextLine id="tr_1_tl_37" custom="readingOrder {index:36;}">
                <Coords points="1845,2506 3091,2509 3048,2463 1842,2456"/>
                <Baseline points="1862,2492 1923,2492 1985,2492 2047,2495 2109,2495 2170,2495 2232,2495 2294,2495 2356,2495 2417,2498 2479,2498 2541,2498 2603,2496 2664,2498 2726,2498 2788,2498 2850,2498 2911,2496 2973,2500 3035,2499 3097,2498"/>
                <TextEquiv>
                    <Unicode>seine Liebste sich mit einem Pastor verlobte, zu Lores Ritter wird</Unicode>
                </TextEquiv>
            </TextLine>
            <TextLine id="tr_1_tl_38" custom="readingOrder {index:37;}">
                <Coords points="219,2495 1813,2520 1813,2481 1720,2466 219,2459"/>
                <Baseline points="238,2486 317,2488 396,2491 475,2489 554,2492 633,2495 712,2495 791,2495 870,2496 949,2498 1029,2498 1108,2500 1187,2501 1266,2501 1345,2501 1424,2501 1503,2504 1582,2504 1661,2507 1740,2507 1820,2504"/>
                <TextEquiv>
                    <Unicode>In Wiener Dichter sinniger Melancholie oder melancholischem Leichtsinn, voll Lebens</Unicode>
                </TextEquiv>
            </TextLine>
            <TextLine id="tr_1_tl_39" custom="readingOrder {index:38;}">
                <Coords points="215,2531 3091,2552 3091,2509 3008,2502 215,2495"/>
                <Baseline points="235,2530 378,2530 521,2531 664,2536 808,2536 951,2539 1094,2540 1237,2542 1381,2542 1524,2545 1667,2546 1810,2546 1954,2533 2097,2536 2240,2536 2383,2536 2527,2539 2670,2539 2813,2539 2956,2542 3100,2545"/>
                <TextEquiv>
                    <Unicode>Plauderer und in hunger an reichen Tischen, voll artigen Verbeugungen gegen eben das und beide zusammen die Philistermoral des Vetters herunterzusetzen,</Unicode>
                </TextEquiv>
            </TextLine>
            <TextLine id="tr_1_tl_40" custom="readingOrder {index:39;}">
                <Coords points="1834,2588 3087,2596 3087,2552 1834,2542"/>
                <Baseline points="1856,2578 1918,2578 1980,2578 2042,2578 2104,2578 2166,2578 2228,2579 2290,2581 2352,2584 2414,2581 2476,2581 2538,2581 2600,2585 2662,2584 2724,2581 2786,2581 2848,2584 2910,2583 2972,2584 3034,2586 3097,2584"/>
                <TextEquiv>
                    <Unicode>so wird man in einem fröhlichen Wirbel gedreht. Nur — muß der</Unicode>
                </TextEquiv>
            </TextLine>
            <TextLine id="tr_1_tl_41" custom="readingOrder {index:40;}">
                <Coords points="223,2621 327,2578 1817,2603 1759,2549 219,2535"/>
                <Baseline points="238,2572 321,2572 404,2574 487,2576 570,2575 653,2578 736,2580 819,2581 902,2581 985,2581 1069,2584 1152,2584 1235,2586 1318,2587 1401,2587 1484,2587 1567,2587 1650,2589 1733,2590 1817,2587"/>
                <TextEquiv>
                    <Unicode>nze ein auf zwei Lehen, das unser Gegner ist und dem wir ein sentimentales Schnipp¬</Unicode>
                </TextEquiv>
            </TextLine>
            <TextLine id="tr_1_tl_42" custom="readingOrder {index:41;}">
                <Coords points="251,2631 3087,2635 3030,2585 2768,2581 251,2592"/>
                <Baseline points="271,2614 412,2620 553,2617 694,2623 835,2623 977,2623 1118,2626 1259,2629 1400,2629 1541,2630 1683,2634 1824,2629 1965,2620 2106,2623 2247,2623 2389,2623 2530,2626 2671,2626 2812,2626 2953,2626 3095,2629"/>
                <TextEquiv>
                    <Unicode>treffen sich am chen schlagen. Und ist viel köstlicher, seiner Duft darin von einem Wirbel auch wirklich von der Bühne ausgehen. Aber in der gestrige</Unicode>
                </TextEquiv>
            </TextLine>
            <TextLine id="tr_1_tl_43" custom="readingOrder {index:42;}">
                <Coords points="1834,2671 3087,2678 3087,2635 1834,2628"/>
                <Baseline points="1856,2662 1921,2662 1986,2665 2051,2668 2116,2668 2182,2667 2247,2665 2312,2666 2377,2668 2442,2668 2508,2670 2573,2668 2638,2667 2703,2668 2768,2668 2834,2668 2899,2669 2964,2671 3029,2671 3095,2668"/>
                <TextEquiv>
                    <Unicode>Vorstellung ging zum mindesten das halbe Stück recht behutsam vor</Unicode>
                </TextEquiv>
            </TextLine>
            <TextLine id="tr_1_tl_44" custom="readingOrder {index:43;}">
                <Coords points="223,2660 1809,2689 1809,2642 1705,2631 223,2621"/>
                <Baseline points="241,2659 324,2656 407,2661 490,2662 573,2667 656,2665 739,2665 822,2665 905,2665 988,2668 1072,2668 1155,2670 1238,2670 1321,2671 1404,2671 1487,2671 1570,2674 1653,2674 1736,2677 1820,2674"/>
                <TextEquiv>
                    <Unicode>der Straße. Zwei zarten, sehr diskreten Parfüm. Und ist viel wundervolle Leichtigkei</Unicode>
                </TextEquiv>
            </TextLine>
            <TextLine id="tr_1_tl_45" custom="readingOrder {index:44;}">
                <Coords points="1842,2710 3095,2728 3095,2678 1842,2667"/>
                <Baseline points="1862,2707 1923,2707 1985,2707 2047,2707 2109,2707 2171,2709 2233,2709 2295,2709 2357,2709 2419,2709 2481,2709 2542,2709 2604,2709 2666,2709 2728,2712 2790,2712 2852,2709 2914,2710 2976,2712 3038,2712 3100,2712"/>
                <TextEquiv>
                    <Unicode>sich. Und erst in Alwine Müllers Lore kam ein Schuß queck¬</Unicode>
                </TextEquiv>
            </TextLine>
            <TextLine id="tr_1_tl_46" custom="readingOrder {index:45;}">
                <Coords points="223,2710 1809,2728 1777,2678 223,2660"/>
                <Baseline points="244,2704 322,2701 401,2704 480,2704 559,2707 638,2707 716,2707 795,2707 874,2708 953,2708 1032,2709 1110,2711 1189,2711 1268,2712 1347,2712 1426,2712 1504,2715 1583,2715 1662,2715 1741,2718 1820,2715"/>
                <TextEquiv>
                    <Unicode>begefühlt, aber sich darin, wie Schmetterlingsflug. Schade, daß wir das hier nicht geben</Unicode>
                </TextEquiv>
            </TextLine>
            <TextLine id="tr_1_tl_47" custom="readingOrder {index:46;}">
                <Coords points="1838,2764 3091,2761 3091,2725 2962,2710 1838,2710"/>
                <Baseline points="1859,2745 1920,2748 1982,2748 2044,2748 2106,2751 2168,2751 2229,2749 2291,2751 2353,2751 2415,2753 2477,2753 2538,2754 2600,2754 2662,2754 2724,2754 2786,2754 2847,2754 2909,2753 2971,2754 3033,2757 3095,2754"/>
                <TextEquiv>
                    <Unicode>silbriger Beglichkeit in das Ganze hinein. Ja, auch Einakter</Unicode>
                </TextEquiv>
            </TextLine>
            <TextLine id="tr_1_tl_48" custom="readingOrder {index:47;}">
                <Coords points="215,2757 1817,2771 1817,2728 1694,2721 215,2714"/>
                <Baseline points="235,2745 314,2742 394,2745 473,2746 553,2748 632,2748 712,2751 791,2751 871,2751 950,2754 1030,2754 1110,2754 1189,2754 1269,2754 1348,2754 1428,2754 1507,2757 1587,2757 1666,2757 1746,2760 1826,2760"/>
                <TextEquiv>
                    <Unicode>Frau ihre Grenze konnten. Denn die gestrige Aufführung hatte von dem Stückchen nur</Unicode>
                </TextEquiv>
            </TextLine>
            <TextLine id="tr_1_tl_49" custom="readingOrder {index:48;}">
                <Coords points="215,2804 388,2789 409,2800 538,2797 538,2761 499,2754 470,2761 413,2746 359,2757 334,2743 276,2761 258,2750 215,2754"/>
                <Baseline points="235,2787 261,2787 287,2787 313,2785 339,2786 365,2789 392,2790 418,2790 444,2790 470,2790 496,2790 522,2790 549,2790"/>
                <TextEquiv>
                    <Unicode>niß dieser für sein</Unicode>
                </TextEquiv>
            </TextLine>
            <TextLine id="tr_1_tl_50" custom="readingOrder {index:49;}">
                <Coords points="567,2804 3084,2807 3084,2764 2940,2757 567,2757"/>
                <Baseline points="587,2790 712,2793 837,2793 962,2793 1088,2796 1213,2796 1338,2799 1463,2799 1589,2802 1714,2802 1839,2794 1964,2790 2090,2790 2215,2793 2340,2793 2465,2796 2591,2796 2716,2798 2841,2796 2966,2799 3092,2796"/>
                <TextEquiv>
                    <Unicode>den Titel und die Worte geborgt. Aber die innere Grazie, diese aus wollen auf der Bühne gelebt und nicht nur gesprochen werden. Und</Unicode>
                </TextEquiv>
            </TextLine>
            <TextLine id="tr_1_tl_51" custom="readingOrder {index:50;}">
                <Coords points="219,2836 251,2847 305,2836 538,2847 538,2797 492,2804 470,2786 456,2804 409,2804 395,2789 219,2800"/>
                <Baseline points="238,2829 263,2829 289,2829 315,2829 341,2829 367,2829 393,2830 419,2832 445,2834 471,2834 497,2833 523,2833 549,2835"/>
                <TextEquiv>
                    <Unicode>achtsgeschenk sucht</Unicode>
                </TextEquiv>
            </TextLine>
            <TextLine id="tr_1_tl_52" custom="readingOrder {index:51;}">
                <Coords points="567,2850 3087,2854 3087,2811 3016,2800 567,2804"/>
                <Baseline points="587,2841 712,2835 838,2835 963,2836 1089,2838 1214,2838 1340,2840 1465,2841 1591,2844 1716,2844 1842,2837 1967,2835 2093,2835 2218,2837 2344,2838 2469,2838 2595,2838 2720,2840 2846,2839 2971,2841 3097,2844"/>
                <TextEquiv>
                    <Unicode>gesprochene Wiener Grazie, die allein das wirkliche Stück ist, die hatte Otto Erich hätte seine halkonischen Gedichte durch einen üppigen</Unicode>
                </TextEquiv>
            </TextLine>
            <TextLine id="tr_1_tl_53" custom="readingOrder {index:52;}">
                <Coords points="219,2883 1813,2894 1813,2854 1727,2843 219,2833"/>
                <Baseline points="238,2877 321,2871 404,2874 487,2876 570,2876 653,2877 736,2878 819,2877 902,2877 985,2880 1069,2880 1152,2880 1235,2882 1318,2883 1401,2883 1484,2886 1567,2886 1650,2886 1733,2887 1817,2889"/>
                <TextEquiv>
                    <Unicode>, das den elegan- man nicht zu Gast geladen. Die Besetzung des Anatol durch Herrn</Unicode>
                </TextEquiv>
            </TextLine>
            <TextLine id="tr_1_tl_54" custom="readingOrder {index:53;}">
                <Coords points="1834,2883 3080,2908 3080,2854 2944,2840 1834,2843"/>
                <Baseline points="1856,2868 1917,2877 1979,2877 2040,2877 2102,2877 2164,2877 2225,2880 2287,2880 2349,2880 2410,2880 2472,2882 2534,2882 2595,2882 2657,2883 2719,2881 2780,2883 2842,2883 2904,2883 2965,2886 3027,2886 3089,2883"/>
                <TextEquiv>
                    <Unicode>Stachelvers unterbrochen, wenn er gesehen hätte, in welch schleppen</Unicode>
                </TextEquiv>
            </TextLine>
            <TextLine id="tr_1_tl_55" custom="readingOrder {index:54;}">
                <Coords points="219,2922 1813,2940 1813,2897 219,2886"/>
                <Baseline points="238,2915 317,2912 396,2917 475,2918 554,2921 633,2918 712,2918 791,2920 870,2921 949,2921 1029,2924 1108,2921 1187,2923 1266,2924 1345,2924 1424,2924 1503,2926 1582,2925 1661,2927 1740,2929 1820,2930"/>
                <TextEquiv>
                    <Unicode>den Welt festhält. Baumbach war unmöglich. Das wird niemand mehr wissen, al¬</Unicode>
                </TextEquiv>
            </TextLine>
            <TextLine id="tr_1_tl_56" custom="readingOrder {index:55;}">
                <Coords points="1834,2933 2947,2955 2947,2897 2911,2894 1834,2883"/>
                <Baseline points="1856,2918 1911,2921 1966,2922 2021,2922 2076,2921 2131,2921 2186,2923 2241,2921 2296,2923 2351,2924 2406,2924 2461,2924 2516,2926 2571,2924 2626,2924 2681,2924 2736,2924 2791,2924 2846,2924 2901,2928 2957,2927"/>
                <TextEquiv>
                    <Unicode>der Art sich hier sein Studentenscherz auf der Bühne gezeigt.</Unicode>
                </TextEquiv>
            </TextLine>
            <TextLine id="tr_1_tl_57" custom="readingOrder {index:56;}">
                <Coords points="215,2962 1809,2980 1759,2933 212,2908"/>
                <Baseline points="235,2954 314,2959 393,2959 472,2958 552,2963 631,2963 710,2963 789,2963 869,2965 948,2963 1027,2966 1106,2966 1186,2965 1265,2966 1344,2969 1423,2969 1503,2969 1582,2969 1661,2969 1740,2974 1820,2972"/>
                <TextEquiv>
                    <Unicode>Keine Idee! Aber Herr Baumbach selbst, dessen reiche Begabung ihn für alles, aber ju¬</Unicode>
                </TextEquiv>
            </TextLine>
            <TextLine id="tr_1_tl_58" custom="readingOrder {index:57;}">
                <Coords points="1838,3001 3091,3026 3091,2926 3023,2919 2890,2958 1838,2940"/>
                <Baseline points="1859,2981 1920,2981 1982,2983 2044,2984 2106,2983 2168,2984 2229,2984 2291,2984 2353,2987 2415,2987 2477,2987 2538,2987 2600,2987 2662,2990 2724,2989 2786,2987 2847,2990 2909,2990 2971,2990 3033,2991 3095,2996"/>
                <TextEquiv>
                    <Unicode>Zum erstenmale: Ludw. Thoma: Lottches Geburtstag.</Unicode>
                </TextEquiv>
            </TextLine>
            <TextLine id="tr_1_tl_59" custom="readingOrder {index:58;}">
                <Coords points="219,3008 538,3012 538,2973 470,2976 452,2958 348,2973 320,2958 276,2976 219,2969"/>
                <Baseline points="238,2996 263,2999 289,3002 315,3000 341,2999 367,2999 393,3000 419,3002 445,3004 471,3004 497,3003 523,3002 549,3002"/>
                <TextEquiv>
                    <Unicode>er geliebt; in der</Unicode>
                </TextEquiv>
            </TextLine>
            <TextLine id="tr_1_tl_60" custom="readingOrder {index:59;}">
                <Coords points="564,3019 1817,3023 1817,2987 1748,2976 564,2980"/>
                <Baseline points="584,3005 646,3006 708,3006 770,3005 832,3005 894,3005 956,3006 1018,3008 1080,3008 1142,3008 1205,3008 1267,3008 1329,3010 1391,3011 1453,3009 1515,3011 1577,3011 1639,3014 1701,3014 1763,3014 1826,3017"/>
                <TextEquiv>
                    <Unicode>nicht für das Gebiet der leichten Plauderei des Anatolstils geeignet</Unicode>
                </TextEquiv>
            </TextLine>
            <TextLine id="tr_1_tl_61" custom="readingOrder {index:60;}">
                <Coords points="215,3066 251,3048 298,3055 320,3044 535,3059 531,3008 503,3016 477,3005 460,3019 445,3008 395,3016 352,3005 284,3016 266,2998 212,3016"/>
                <Baseline points="235,3038 260,3040 286,3041 312,3041 337,3042 363,3044 389,3044 414,3044 440,3044 466,3044 491,3046 517,3048 543,3050"/>
                <TextEquiv>
                    <Unicode>Und Anatol wei</Unicode>
                </TextEquiv>
            </TextLine>
            <TextLine id="tr_1_tl_62" custom="readingOrder {index:61;}">
                <Coords points="1874,3052 3091,3066 3091,3026 2969,3001 2750,3030 1874,2990"/>
                <Baseline points="1892,3044 1952,3045 2012,3045 2072,3044 2132,3045 2192,3047 2252,3047 2313,3047 2373,3049 2433,3050 2493,3050 2553,3050 2613,3050 2673,3052 2734,3052 2794,3053 2854,3053 2914,3053 2974,3056 3034,3056 3095,3059"/>
                <TextEquiv>
                    <Unicode>Tut mir um Gotteswillen erst die kleinen Mädchen aus dem Theater</Unicode>
                </TextEquiv>
            </TextLine>
            <TextLine id="tr_1_tl_63" custom="readingOrder {index:62;}">
                <Coords points="564,3059 1766,3077 1806,3023 560,3016"/>
                <Baseline points="584,3050 645,3049 707,3047 769,3047 831,3050 893,3047 954,3048 1016,3052 1078,3050 1140,3050 1202,3050 1263,3050 1325,3052 1387,3053 1449,3053 1511,3053 1572,3056 1634,3057 1696,3057 1758,3057 1820,3059"/>
                <TextEquiv>
                    <Unicode>erscheinen läßt. Hier ist sein Wesen und sein Ton viel zu gewichti¬</Unicode>
                </TextEquiv>
            </TextLine>
            <TextLine id="tr_1_tl_64" custom="readingOrder {index:63;}">
                <Coords points="215,3091 1813,3113 1788,3062 215,3059"/>
                <Baseline points="235,3080 314,3083 393,3086 472,3089 551,3092 630,3090 709,3092 788,3092 867,3092 946,3092 1026,3092 1105,3094 1184,3092 1263,3092 1342,3095 1421,3095 1500,3095 1579,3097 1658,3100 1737,3100 1817,3095"/>
                <TextEquiv>
                    <Unicode>derten Bemerkungen und schwer und schlägt alle Feinheiten um sich einfach tot, ganz ab¬</Unicode>
                </TextEquiv>
            </TextLine>
            <TextLine id="tr_1_tl_65" custom="readingOrder {index:64;}">
                <Coords points="1834,3102 3087,3109 3087,3062 1834,3041"/>
                <Baseline points="1853,3089 1918,3089 1983,3092 2048,3091 2113,3089 2179,3092 2244,3092 2309,3092 2374,3095 2439,3095 2505,3095 2570,3092 2635,3093 2700,3095 2765,3097 2831,3097 2896,3097 2961,3097 3026,3098 3092,3097"/>
                <TextEquiv>
                    <Unicode>hinaus, sie werden so schon klug genug. Aber dieses frech-fidele Simpli¬</Unicode>
                </TextEquiv>
            </TextLine>
            <TextLine id="tr_1_tl_66" custom="readingOrder {index:65;}">
                <Coords points="219,3134 1813,3156 1813,3113 1727,3105 219,3091"/>
                <Baseline points="238,3124 317,3125 396,3129 475,3130 554,3132 633,3135 712,3133 791,3133 870,3133 949,3136 1029,3133 1108,3136 1187,3136 1266,3136 1345,3136 1424,3139 1503,3138 1582,3139 1661,3139 1740,3139 1820,3139"/>
                <TextEquiv>
                    <Unicode>ich eine Vorstadt gesehen von der Mißhandlung des Wiener Dialekts. Frl. Noor¬</Unicode>
                </TextEquiv>
            </TextLine>
            <TextLine id="tr_1_tl_67" custom="readingOrder {index:66;}">
                <Coords points="1834,3148 3087,3152 3066,3109 1834,3105"/>
                <Baseline points="1856,3136 1921,3133 1986,3133 2051,3133 2116,3133 2182,3133 2247,3135 2312,3137 2377,3139 2442,3139 2508,3138 2573,3139 2638,3139 2703,3139 2768,3139 2834,3139 2899,3140 2964,3142 3029,3143 3095,3145"/>
                <TextEquiv>
                    <Unicode>zissimusstück brauchen sie nun gerade nicht zu hören. Oder man hätte</Unicode>
                </TextEquiv>
            </TextLine>
            <TextLine id="tr_1_tl_68" custom="readingOrder {index:67;}">
                <Coords points="219,3184 1781,3199 1813,3156 215,3134"/>
                <Baseline points="238,3169 321,3169 404,3171 487,3172 570,3177 653,3175 736,3175 819,3175 902,3175 985,3178 1069,3178 1152,3178 1235,3178 1318,3178 1401,3181 1484,3182 1567,3184 1650,3181 1733,3184 1817,3181"/>
                <TextEquiv>
                    <Unicode>den Welt lebt in mans Gabriele war gleichfalls alles andere, nur nicht der Typ der</Unicode>
                </TextEquiv>
            </TextLine>
            <TextLine id="tr_1_tl_69" custom="readingOrder {index:68;}">
                <Coords points="1834,3184 3077,3202 3077,3152 1834,3148"/>
                <Baseline points="1856,3178 1917,3178 1979,3178 2040,3181 2102,3178 2163,3178 2225,3179 2286,3181 2348,3181 2409,3181 2471,3181 2532,3181 2594,3184 2655,3184 2717,3184 2778,3184 2840,3187 2901,3187 2963,3187 3024,3187 3086,3190"/>
                <TextEquiv>
                    <Unicode>ruhig den ganzen Schnitzlerschen Anatal=Zyklus hintereinander auf¬</Unicode>
                </TextEquiv>
            </TextLine>
            <TextLine id="tr_1_tl_70" custom="readingOrder {index:69;}">
                <Coords points="219,3220 3080,3242 3052,3199 2728,3184 219,3181"/>
                <Baseline points="238,3211 380,3214 523,3216 665,3220 808,3217 950,3218 1093,3220 1235,3220 1378,3223 1520,3223 1663,3226 1806,3226 1948,3220 2091,3223 2233,3224 2376,3226 2518,3226 2661,3229 2803,3229 2946,3232 3089,3235"/>
                <TextEquiv>
                    <Unicode>licht, daß man ihr hier gedachten Wienerin, aber das mangelnde Gegenspiel mochte das führen können. Denn der Charme des Wiener Dichters verdeckt unter</Unicode>
                </TextEquiv>
            </TextLine>
            <TextLine id="tr_1_tl_71" custom="readingOrder {index:70;}">
                <Coords points="215,3288 363,3256 1809,3278 1752,3227 215,3220"/>
                <Baseline points="235,3256 314,3253 393,3257 472,3260 551,3262 630,3262 709,3262 788,3261 867,3260 946,3260 1026,3262 1105,3262 1184,3262 1263,3265 1342,3265 1421,3268 1500,3267 1579,3265 1658,3266 1737,3268 1817,3271"/>
                <TextEquiv>
                    <Unicode>n will. „Ja ... mitverschulden. Konnte man aber das Stück nicht besetzen — wo Herr</Unicode>
                </TextEquiv>
            </TextLine>
            <TextLine id="tr_1_tl_72" custom="readingOrder {index:71;}">
                <Coords points="1834,3274 3077,3288 3077,3242 2987,3238 1834,3238"/>
                <Baseline points="1856,3262 1917,3265 1979,3265 2040,3268 2102,3268 2163,3268 2225,3269 2286,3271 2348,3268 2409,3271 2471,3271 2532,3271 2594,3271 2655,3271 2717,3271 2778,3271 2840,3274 2901,3274 2963,3274 3024,3277 3086,3274"/>
                <TextEquiv>
                    <Unicode>Blüten, was Ludwig Thoma mit dem Humor der Stammtisch=Aner¬</Unicode>
                </TextEquiv>
            </TextLine>
            <TextLine id="tr_1_tl_73" custom="readingOrder {index:72;}">
                <Coords points="223,3349 359,3317 449,3353 743,3314 819,3349 1756,3328 1756,3278 1644,3270 223,3278"/>
                <Baseline points="244,3303 320,3301 396,3300 472,3303 548,3303 624,3303 700,3305 776,3303 852,3303 928,3303 1005,3303 1081,3306 1157,3307 1233,3309 1309,3309 1385,3309 1461,3310 1537,3309 1613,3309 1689,3312 1766,3312"/>
                <TextEquiv>
                    <Unicode>es ärgert Sie Herz und Frau Ermarth die geborenen Repräsentanten sind!</Unicode>
                </TextEquiv>
            </TextLine>
            <TextLine id="tr_1_tl_74" custom="readingOrder {index:73;}">
                <Coords points="1802,3367 2150,3328 2337,3364 2710,3328 3073,3357 3041,3285 1802,3260"/>
                <Baseline points="1823,3312 1886,3312 1949,3312 2012,3312 2075,3312 2138,3312 2201,3312 2264,3312 2327,3313 2390,3315 2453,3315 2516,3316 2579,3318 2642,3316 2705,3318 2768,3318 2831,3320 2894,3321 2957,3321 3020,3321 3083,3327"/>
                <TextEquiv>
                    <Unicode>dote offen dartut. Also — sind die kleinen Mädchen alle draußen</Unicode>
                </TextEquiv>
            </TextLine>
            <TextEquiv>
                <Unicode></Unicode>
            </TextEquiv>
        </TextRegion>
    </Page>
</PcGts>
