3436 4352
894 79 1321 127 ne
395 106 1310 178 sten Glanz, überboten sich an kostbarsten Herr¬
383 157 1310 219 lichkeiten der erfinderischen Mode und wetteifer¬
383 192 1307 259 ten an allen Ecken und Enden der von hochschla¬
2795 176 3144 277 box 9/5
1663 187 2546 296 4.9. Anatol - Zykl
386 233 1310 310 gender Lebenslust sprühenden Gegend, es ein¬
390 286 1305 344 ander an Darbietungen jeder Art zuvorzutun.
388 319 1303 402 Damals gab es auch junge Menschen in großer
386 365 1298 439 Zahl an der blauen Küste — Eltern oder Vor¬
383 409 1298 485 fahren derer, die der Winter nur noch in die
377 450 1296 522 Berge zieht, die den Schnee suchen und Mimosen
377 492 1303 564 ungesehen verblühen lassen. Jene Generation, die
377 538 1301 614 so manche Errungenschaft verwirkte, aber nie¬
372 582 1296 672 mals aufhört, ihre Unschuld an den grauenhaften
374 619 1291 693 Geschehnissen zu beteuern, welche sie jedenfalls
367 658 1291 746 durch keine Großtat verhindert hat, schickt noch
365 705 1289 792 immer ihre Vertreter an den milden Strand, wo
1453 711 2278 799 CASINOS IN OSTERREICH
360 742 1284 834 der Frühling schneller bereit ist, seine Schätze
1543 778 2181 843 Baden / Salzburg / Semmering
360 804 1291 875 abzuladen. Ein Wiener aus solchen Tagen, deren
1441 820 2278 887 Roulette — Baccara — Chemin de fer
370 839 1287 910 friedliche Geborgenheit uns Heutigen, selbst wenn
367 887 1280 954 wir sie erleben durften, fast unwahrscheinlich
1446 871 2280 947 österreichische Casino A. G.
360 926 1284 1007 vorkommt, ist kürzlich dort unten im Süden er¬
1455 936 2287 989 Wien III, Schwarzenbergplatz 5a
360 966 1280 1046 loschen, gerade an dem Ort, der zuerst vor den
353 1026 1277 1086 andern Landschaften sich hinzubreiten scheint in
1994 1016 2271 1120 RATIS
358 1053 1270 1137 die nahende Sonne, in der provinziell anmuten¬
1448 1040 1878 1137 „OBSERVER
346 1097 1275 1178 den schönen Kleinstadt der französischen Riviera
1689 1109 2287 1171 1. österr. behördlich konzessioniertes
360 1153 1284 1220 — in Mentone. Er hat einmal zu Wiens
1686 1162 2287 1208 Unternehmen für Zeitungs-Ausschnitte
1686 1201 2285 1250 Wien 1, Wollzeile 11, Telephon R-23-0-43
358 1187 1275 1264 jeunesse dorée gehört. Aus altem Patrizierhaus,
349 1234 1275 1312 berechtigte er wohl zu Hoffnungen und benahm
358 1275 1275 1351 sich auch so, obgleich niemand zu sagen gewußt
344 1324 1268 1391 hätte, welche Erfüllung von ihm erwartet wurde.
351 1368 1268 1441 Immerhin hat ihn der große Dichter Arthur
1446 1356 1790 1448 Ausschnitt aus:
344 1409 1268 1490 Schnitzler, zuerst sein Schulkamerad, später
330 1460 1268 1522 der Freund seines ältern Bruders und bewun¬
1684 1416 2280 1582 Prager Tagblatt, Prag
2402 1471 3218 1580 WIENER MESSE
335 1492 1259 1571 derter Zeitgenosse, zu einem Vorbild erwählt
340 1536 1259 1617 Nach diesem blendenden jungen Lebenskünstler
2079 1525 2268 1640 1930
2446 1552 3222 1624 7. bis 13. März 1937 — Technische und
346 1582 1261 1668 formte der östereichische Dichter seinen „Anatol“.
1462 1573 1575 1666 vom
2449 1605 3222 1666 Landwirtschaftliche Messe bis 14. März
2456 1656 3218 1707 Auskünfte aller Art erteilen die ehrenamtlichen Ver¬
374 1635 1264 1726 Der im Süden einsam Entschlafene muß einen
2451 1691 3218 1739 treter der Wiener Messe in allen größeren Städten der
337 1686 1261 1776 legitimen Zauber auf seine Umwelt ausgeübt
2456 1719 3222 1788 Welt sowie das Zentralbüro der Wiener Messe-A. G.,
2670 1751 3005 1799 Wien, VII., Messepalast
340 1744 1257 1813 haben, wenn der ironische Menschenkenner Ar¬
1393 1707 2280 1804 Antatol ist gestorben. Zu unserem gestrigen
1358 1786 2280 1853 Artikel von Siegfried Trebitsch: Der kürzlich in
330 1781 1254 1866 thur Schnitzler die Abenteuer, die der Redselige
1361 1834 2280 1897 Mentone Verstorbene, der in seiner Jugend dem
340 1830 1254 1899 ihm anvertraut hat, gestaltete, und denn, der sie
2384 1846 2924 1945 „OBSERVER
1354 1876 2280 1964 Kreis um Arthur Schnitzler nahestand und dem
330 1873 1250 1950 bestand, in die Glorie der Beispielhaftigkeit hob.
2444 1901 3209 1977 I. österr. behördlich konzessioniertes Unternehmen für
333 1922 1250 1980 In solcher Verklärung sah Schnitzler die kleinen
1358 1917 2292 1989 Dichter als Modell zu seinem „Anatol" gedient
2439 1961 3222 2007 Zeitungsausschnitte, Wien, I., Wollzeile 11, Tel. R 23-0-43
333 1966 1257 2026 Romane, daß er an der Echtheit der Gefühle
1358 1968 2123 2067 hat, war Herr Paul Horn aus Wien.
337 2005 1254 2086 seiner wandelnden Vorlage nicht gezweifelt hat.
328 2051 1245 2114 Der skeptische Dichter beargwöhnte weder die
328 2095 1245 2162 Giltigkeit des Lachens, noch die jener Tränen,
2550 2047 3229 2231 elle lork Times Newyork
2372 2114 2689 2208 Ausschnitt aus:
321 2130 1250 2201 die der schnell Geliebte und schnell Verlassene
319 2181 1247 2261 mancher Schönen aus der Glanzzeit seiner Ju¬
321 2220 899 2305 gend nachgeweint haben mag.
367 2266 1247 2359 Nun ist, nach dem Dichter des „Anatol", auch
2615 2241 3047 2428 10.
323 2328 1243 2398 das Modell verblichen, das immer anspruchs¬
2384 2319 2486 2412 vom
319 2375 1243 2439 los und bescheiden die ihm zuteil gewordene Er¬
319 2419 1243 2490 höhung verschwiegen, ja die Beglaubigung seiner
321 2462 1238 2525 Abenteuer nie zu schwer genommen hatte. Er
2435 2444 2788 2539 Modern Vienna
319 2506 1141 2580 ist mit unverwüstlicher Liebenswürdigkeit,
2469 2518 3169 2590 Another landmark of the old Vienna
312 2550 1236 2617 bald die furchtbaren Qualen, die ihm sein Ster¬
2444 2559 3174 2636 of archdukes, actresses and Strauss
310 2585 1236 2687 ben bereitete, es zuließen, lächelnd in den Ab¬
2439 2596 3165 2670 waltzes, has disappeared. True, the
307 2636 663 2712 grund getaumelt.
2437 2652 3158 2717 "Eisvogel" is to repen. It has only
2430 2682 3160 2756 been closed temporarily for conversion
360 2675 1240 2763 Der Altersgenosse des Dichters ist nicht in den
2426 2726 3167 2797 into a fashionable modern restaurant.
316 2742 1240 2809 Sielen gestorben wie dieser. Längst aller Arbeit
2423 2772 3153 2839 But the meaning of its closure is pretty
314 2788 1231 2851 entfremdet, in bescheidener Zurückgezogenheit,
2416 2811 3155 2881 plain. The old Eisvogel was a gar¬
307 2837 1231 2892 versuchte der Lebensbejaher auch einen von Sor¬
2419 2848 3158 2913 den restaurant whose only pretentions
312 2883 1227 2938 gen verbitterten Daseinsabend möglichst zu genie¬
2426 2908 3155 2957 were its music and its river crabs. A
312 2927 1227 2989 tzen. Er hoffte, in der Sonne Entschädigung zu
2419 2941 3149 2994 fashionable restaurant with jazz musi¬
312 2964 1229 3019 finden und hatte sich dauernd in Mentone nie¬
2423 2985 3047 3042 will be something quite different.
307 3005 1224 3065 dergelassen. Von der Heimat brachte ihm nur sel¬
2446 3019 3151 3082 All Vienna used to gather in the
300 3049 1227 3112 ten die Post einen Gruß, immer spärlicher sah
2426 3054 3149 3116 "Eisvogels" garden on fine Summer
305 3093 1224 3165 er die Züge einer lieben vertrauten Hand, und
2421 3079 3149 3162 evenings. The food was simple but
2416 3151 3146 3197 good. The wines were the best that the
300 3146 1227 3202 als die Fremde ihm letzte Zuflucht geworden
2419 3183 3151 3246 neighboring hills produced. The old
303 3176 1215 3243 war, hatte der Namenlose auch letzte menschlich¬
2412 3216 3139 3289 guest-book contains the names of every¬
300 3227 1220 3294 Bindungen gefunden: die erlesene Freundschaft
2412 3266 3144 3329 body who mattered, from the Haps¬
300 3273 1220 3336 zweier alternder englischer Damen. Unzertrenn¬
2414 3301 3142 3363 burgs down. Arthur Schnitzler's name
300 3317 1217 3380 liche Bridgespielerinnen waren es, die dem ster¬
2407 3347 3144 3403 is there. It was the "Eisvogel" that
300 3354 1217 3433 benden Partner die Agonie erleichterten. Rüh¬
2407 3384 3139 3449 inspired his "Anatol." The names of
2407 3423 3146 3490 Franz Lehar and Oscar Strauss are
330 3400 2188 3474 rend umstanden sie das Lager des Verlornen, habe, da unterließen sie nichts, um dem Scheiden¬
2416 3467 3139 3520 there. Strauss got an idea at the "Eis¬
337 3467 2178 3523 behutsam hoben und legten sie ihn, sorgten für den das letzte Stückchen Weg zu versüßen. In
2414 3514 3137 3567 vogel" one evening from the leader of
330 3514 2178 3564 die unermüdlichste und vorsichtigste Pflege und ihren Armen glitt der Verbrauchte hinüber und
2407 3544 3135 3608 the women's orchestre who used to
330 3553 2188 3608 machten ihm alles leicht, was so unendlich schwer wußte, daß ihm nicht bange sein mußte um seine
2398 3590 3125 3645 play Viennese music on the platform
337 3597 2176 3654 war. Und als der ewig Lächelnde seinen letzten letzte Ruhestätte. Die beiden Schwestern nahmen
2402 3636 3130 3705 at one end of the garden. From that
337 3645 2178 3694 Scherz über die fahlen Lippen gleiten ließ mit ihn in ihre Familiengruft auf, wo er nun die
2389 3668 3049 3726 idea the "Waltz Dream was born.
337 3687 2185 3758 der Bemerkung, daß er sich das Sterben weni= Hochbetagten erwarten mag, während ihn viel¬
333 3735 2056 3814 ger schön, aber weniger anstrengend vorgestellt leicht ein Wiener Traum umschwebt...
