3436 4256
1382 223 1741 320 box 8/6
258 219 1192 323 4.9. Anatol - Zyklu-
330 1048 1278 1192 Büro-Ausstellung Wien 8.—19. November
628 1138 976 1213 siehe Rückseite
984 1178 1321 1274 Telephon 112
510 1264 1116 1422 OBSERVER
248 1407 1321 1490 österr. behördl. konz. Unternehmen für Zeitungs-Ausschnitte
1501 1425 3332 1508 französierender Grazie, feinpointiertem Dialog und Ratschläge holen können. Das Publik
370 1468 1195 1554 Wien, I., Concordiaplatz 4.
1501 1490 3339 1547 amüsant genrehaft geschilderten Figuren vor die der heitersten Stimmung — am heit
1501 1540 3335 1590 Sinne zaubert. Eine Welt: so leicht und doch so Lotte Klinder im Abschiedssouper über
574 1537 987 1616 Vortretungen
2535 1583 3310 1641 herfiel. Paula Wirth weiß in diese
1501 1583 2509 1637 schwer — so voller herzlicher Fröhlichkeit und doch
241 1558 1318 1666 in Berlin, Budapest, Chicago, Christiania, Genf, Kopen¬
1501 1626 3317 1680 tiefernster Tragik. Auch einen richtigen Max besitzt mehr drastischen Humor zu legen.
248 1644 1325 1712 hagen, London, Madrid, Mailand, Minneapolis, New-York,
2542 1662 3332 1720 spielerin wurde ohne besonderen Anl
1493 1673 2506 1723 das Schauspielhaus in Martin Lindemann. E
287 1691 1264 1759 Paris, Rom, San Francisco, Stockholm, St. Petersburg.
2538 1712 3314 1770 Bühne eine Blumenspende überreicht
1497 1720 2517 1770 weiß das Würdevolle mit dem Graziösen zu ver¬
2538 1759 3328 1813 Gepflogenheiten herrschen heut nur
1490 1759 2509 1813 binden und wird den Schnitzlerschen Forderungen
793 1741 1361 1870 Zeitung, Bremen
237 1748 607 1856 Ausschnitt aus
1497 1802 3328 1849 in weitestem Maße gerecht. Leider kann das von Operettentheatern und Bühnen kleine
2531 1845 2660 1913 städte.
1493 1845 2506 1896 dem Damenflor, den man in Schnitzlers Anatol
413 1834 628 1931 .
241 1874 370 1960 un
2420 1892 2509 1946 Die
1490 1892 2384 1957 Welt wandeln sah, nicht gesagt werden.
2610 1899 3335 1996 Der zweite Abend der Kammermus
1490 1928 2509 1985 Weiberchen, die Anatols Leben mit Lust, Freude
1490 1949 3335 2025 und Betrübtheit erfüllen, sind die echten Wiener der am Montag im Kaisersaale der 1
2535 2010 3332 2068 stattliche Zuhörerschaft versammelt hat
1486 2021 2509 2075 Vorstadtkinder, denen man nach Schluß der
1493 2068 3328 2115 Modistengeschäfte oder nach den Theaterproben auf uns so recht zum Bewußtsein, welch re
538 2061 1335 2165 Theater und Musik.
1486 2097 3332 2168 der Ringstraße begegnet. Sie haben alle das weite edelsten Kunstgenusses diese Veranstaltu
2531 2143 3335 2190 bedeutet. Zugleich dürfte die begeisterte
1486 2154 2495 2208 Herz, die große Eifersucht und die „wegnerische
711 2140 1213 2240 Freiner Schauspielhaus.
2542 2186 3332 2240 sämtlicher Vorträge, zu denen sich der
1483 2197 2509 2247 Leichtlebigkeit. Dieser weibliche Typus von der
876 2208 1045 2287 Anatol.
2531 2222 3324 2283 in gewohnter Weise mit den Herren Pro¬
1493 2240 2506 2290 Donau mag Julie Wirthmann auch vorgeschweb
2538 2269 3332 2326 Schumann und Hugo Dechert vereinigt
528 2244 1465 2330 Das Schauspielhaus erfreute gestern sei¬
1490 2287 2509 2337 haben, aber sie erreichte ihn nicht, und ihre Cor¬
2531 2316 3335 2369 Gewähr dafür bieten, daß es dem für u
456 2308 1461 2377 Publikum, das in der großen Mehrzahl aus Mit
1486 2319 2509 2398 blieb eine zeichnerische Studie. Ilka Challo¬
2535 2355 3339 2405 leben so bedeutsamen Unternehmen auch
452 2369 1458 2416 liedern des Goethebundes bestand, mit vier Ein
1493 2369 2502 2430 (Biana) wieder gebrach es an Leidenschaft. Si
2531 2398 3335 2448 an der warmen Teilnahme weiterer K
452 2409 1461 2466 tern des bekannten siebenteiligen Zyklus „Anatol
1486 2416 2506 2470 war edel in der Geste, aber ausdruckslos in der
2538 2441 3328 2491 fehlen wird. Der Schwerpunkt der D
449 2452 1468 2524 von Arthur Schnitzler, Man sah „Die Frage an
1490 2459 2509 2509 Mimik. Man sah keine Biama, sondern ein superbes
2535 2484 3339 2542 lag diesmal in den Händen des Pianist
449 2495 2509 2552 das Schicksal", „Episode", „Abschiedssouper" und Anstandsfräulein, das da hinging, um ein Erlebnis
2538 2531 3245 2588 Solonummer nichts Geringeres
442 2535 1465 2596 „Anatols Hochzeitsmorgen". Die auf dem Theater
1501 2549 2506 2603 fürs Tagebuch zu haben. Die Ilona im „Hochzeits
2531 2545 3342 2628 „Chromatische Fantasie und Fuge" ge¬
438 2581 1461 2646 zettel verzeichneten „Weihnachtseinkäufe" wurde
1486 2592 2509 2664 morgen" mag ja gewiß ein Mädel aus dem Volk¬
2531 2614 3324 2682 Ich glaube, das monumentale Werk, wer
438 2635 1468 2696 aus unbekannten Gründen nicht gegeben, und dami
1493 2635 2513 2685 sein — keineswegs aber darf sie an der Seite
2542 2653 2915 2718 schon stilgemäßer,
2969 2653 3324 2718 so doch unserm
442 2667 1465 2732 mußte man auf einen gewiß nicht geringen Genus
1490 2675 2509 2728 Anatols so roh, kantig und ungraziös erscheinen
2542 2703 3332 2750 Empfinden noch nie so nahe gebracht gehö
445 2714 1465 2768 verzichten: auf die Gabriele der Paula Wirth, die
1490 2721 2513 2768 wie in der Verkörperung durch Elsbeth Perron
2531 2746 3317 2793 Noch lebhafteres Entzücken rief das als
442 2757 2502 2815 als hochbegabte Darstellerin Schnitzlerscher Gestal¬ Und auch Lotte Kinder als Anni im „Abschieds
2542 2786 3332 2840 spielte a-moll-Rondo von Mozart (Ko.
445 2800 2506 2861 ten gilt. Zum Glück besitzt das Schauspielhaus souper konnte den Glanz nicht verdunkeln, der
2535 2825 3332 2883 dessen Wiedergabe mit der ganzen Anmu
438 2847 1461 2904 einen wirklichen Anatol. Das ist Max Andreas
1497 2850 2506 2901 Paula Wirth bei einer früheren Aufführung über
2535 2876 3332 2929 vollen Schönheit des hier fast in Bee
442 2890 2502 2951 der denn auch alle vier Einakter auf rühmlicher die Figur ausgebreitet hat. Mehr oldenburgisch
2535 2911 3328 2969 Geiste redenden unsterblichen Tondichter
445 2937 2506 2987 Höhe zu halten wußte. Er ließ mit gelassener, als wienerisch war die Anni, die die charmant
2535 2962 3332 3008 war. Die gleichen Eigenschaften ware
442 2980 1465 3037 weltmännischer Eleganz all die weichen, weh
1490 2987 2502 3034 Lotte Klinder mimte. Sollten es wirklich bös
2527 3001 3332 3059 die — freilich in sehr verschiedener Fär
438 3023 3317 3095 umwitterten, leichtbeschwingten Töne wienerischen Schatten gewesen sein, die eine junge Naive auf den beiden prächtigen Trios, dem in
442 3062 1461 3116 Schwerentertums erklingen, die Anatol als der
1490 3069 2509 3127 ihre Kolleginnen warf, als sie noch vor den Auf¬
2535 3087 3328 3145 Dorak und dem in Es, op. 70,2 von B
438 3116 1465 3166 typischen Vertreter modernster Dekadenz, den mit
1493 3116 2513 3170 führungen mitten im feierlichen Prolog stecken blie¬
2535 3134 3288 3199 wahrhaft vollendetem Ausdruck kamen.
442 3159 2509 3206 neurasthenischem Takt und Raffinement genießenden und klanglos abtreten mußte? Fur die Regi¬
2542 3174 3328 3245 jener Konzerte, die uns ohne jedes wen
442 3199 2377 3256 Eroberer fescher Weibchen darstellen. Zartverschleiert zeichnete Adolf Steinmann verantwortlich.
2527 3213 3324 3288 in der Stimmung reiner, freudiger
438 3235 2502 3292 lag in seinem Leichtsinn ein leiser, melancholischer Interieurs waren, wie das bei Schnitzler notwendi¬
2524 3256 2721 3339 entlassen.
438 3292 1461 3339 Zug ins Sensible, die Stille und Schweigsamkei
1486 3292 2506 3357 ist, von diskreter und intimer Stimmung erfüllt
431 3335 1468 3385 reflektierender Resignation. Eine schmerzlich füße
1490 3335 2517 3393 Für das Abschiedssouper hätte man sich aus dem
416 3375 1475 3454 Welt ist es, die uns Schnitzlers Kunst mit halb¬
1501 3367 2556 3464 neuen Regiebuch von Carl Hagemann noch einige
