3436 4256
286 181 811 262 4.9. Anatol
856 191 964 246 -
1030 156 1113 250 k
1401 167 1756 261 box 9/3
2233 111 3222 186 one who doesn't spear that it is one of the greatest
2234 146 2436 202 films ever.
2287 191 3225 251 Of course, it was not without a thorough brushing
2229 245 3226 288 of his dusty soul that Anatols introduction to fili
2233 266 3222 324 land was possible. Very much like his brother in¬
2241 312 3226 363 spirit, Lillo, he submitted to the process. In the first
2233 347 3220 395 place, le consented to an early marriage, the very
2233 390 3222 437 last deed you would have him commit. However,
2234 427 3220 477 the marriage status provided him with an impen¬
2233 459 3229 505 trable armor against the darts of morality snoopers
2237 495 3237 550 te von
2234 531 3229 584 point the gay white way in the dark red of passion.
2236 573 3221 631 is marriage, at any rate, has the effect of turning
2228 606 3220 667 Anatol into a reformer of wild, wild, women. With
2228 651 3220 696 that mission in mind he proceeds to reform a flapper
2237 692 3224 755 who has permitted her heart to become a receptacle
2556 1743 2658 1813 .
2234 1813 3222 1890 A halo radiating in competition with a self-illumi¬
2591 1868 2844 1931 nating pate.
2222 1912 3220 1975 for the diamonds and pears a gray-haired rue and
2218 1976 3211 2018 frequenter of the Rhinefeld Roof bestows upon her
2282 2006 3205 2055 The result is very much the same as in the Blac
2222 2037 3196 2091 Diamond episode of the original and unreforme
2228 2083 3194 2123 Anatol. Disgust. But if you think that Anatol,
2228 2123 3187 2164 I saw him in the picture, would turn away from the
2222 2161 3172 2206 woman with that one terrible word on his lips y
2219 2188 3179 2241 are mistaken. To begin with, Anatol insists t
2221 2242 3166 2288 she throw the jeweis into a river, and the spectator
2226 2275 3162 2323 treated to the sight of Anatol and the girl perform
2222 2312 3157 2359 the mockedronning from the dizzy height of Brook
2222 2347 3151 2405 bridge. Of course, she drops only the empty bo
2288 2389 3152 2436 There is nothing spectacular in throwing br
2216 2420 3147 2474 from Brooklyn bridge. That's only the relude
2228 2468 3139 2515 the real music which starts when Anatol disco
2221 2504 3132 2547 the deception as he drops in on the flapper the
2222 2536 3139 2582 after and while she is entertaining her gallant
2222 2567 3154 2632 friends at oysters and champagne. No word is po¬
2222 2614 3151 2663 ful enough to express Anatols outraged righte
2226 2658 3142 2706 ness, and there isn't a piece of furniture in the
2216 2693 3145 2737 strong enough to withstand his iron hands. E
2226 2735 3145 2788 thing goes to splinters pictures, chairs, tables, y
2216 2773 3146 2831 even the grand piano sinks into its wooden
2222 2811 2847 2869 before the vice crusader's wrath.
2277 2841 3155 2902 I could not help but think of a cartoon-
2216 2887 3147 2938 many years ago of your old friend and colle¬
2219 2932 3151 2974 Herman Bahr. Reminiscences were strengthened
2216 2973 3147 3019 the circumstance that the film version of The Con¬
2222 3011 3147 3059 Bahrs best known play in America, also was on
2222 3043 3151 3093 hibition during the Anatol run. It shows Bahr wit
2222 3089 3147 3132 lo radiating in competition with his self-illumi¬
2219 3124 3132 3171 ing pate-Bahr canonized. And I wondered how
2219 3162 3142 3209 would receive the news of your own canoniza
2216 3196 3160 3244 through the mediation of your dearest son, An¬
2216 3239 3219 3287 And also that President Harding has expressed him¬
2216 3277 3212 3326 self as extremely delighted over Anatols escapades
2211 3312 3211 3362 in the service of cleaner and better pictures. An in¬
2222 3351 3214 3403 vitation to the white house or, what is fully as great
2213 3394 3205 3441 an honor and more profitable, an offer to write for
2211 3437 3212 3491 one of the large American picture concerns, is sure
2213 3472 2567 3527 to come your way.
2273 3488 3202 3564 Hoping to hear from you occasionally, I remain,
2592 3542 2814 3593 Yours truly
2646 3580 3137 3639 KARLSCHAUERMANN.
2264 3650 3202 3704 Marion Andrews announces the attractions listed
2219 3698 3204 3730 on the Grand Opera course have evidently met with
2216 3723 3206 3759 the approval of Milwaukee music overs, for the sale
2219 3755 3207 3790 has been unprecedented. Milwaukeeans are anxious
2219 3784 3204 3819 to hear such operas as Monna Vanna, Lohengin, The
2219 3812 3204 3845 Jeels of the Madonna, La Boheme and La Navarraise
2211 3840 3205 3880 presented by the Chicago Opera Ass, and the Scotti
2216 3867 3206 3900 Grand Opera company which will bring the world's
2213 3896 3205 3932 famous artists, Mary Garden, Antonio Scotti, Lucian
2216 3926 3196 3961 Muratore, Rosa Raisa, George Baklanoff, Forrest La¬
2211 3953 3196 3991 mont, Edith Mason, Edward Johnson, Alice Gentle
2216 3978 3207 4017 Queena Mario, as well as the ever popular Heffetz and
2213 4012 2681 4073 the lovely Lucrezia Bori.
