3344 4256
665 419 2160 542 THIEVENING POST; NEW YORK, SATURDAY UNE 5, 1920
1421 523 2200 611 a crust of bread, a broken shoe, a spell of
2270 531 3010 628 I thought of something I had seen that
115 507 1326 669 zur Schnitzler on Vienna of Today
1416 598 2188 652 freezing weather, et rything. Even the
2241 600 3006 665 afternoon. Down one of the main streets
1425 643 2192 689 end of fighting in the field brought no
2242 652 3006 706 of Vienna a cart full of coal drove slowly,
320 654 827 745 (Continued from Page One.)
1425 687 2183 741 actual relief. Food stock still went on
2242 691 2997 734 Behind it walked a man in a soldiers
1425 723 2188 780 sinking; prices soared still higher. The
115 715 562 790 ner Wald to go to and
2242 730 3000 786 faded uniform; to guard the coal
609 708 1376 784 inclination of our people to recognize the
1425 762 2187 818 Austrian krone could buy almost nothing
112 767 559 834 ese are a most lovable
2241 784 3002 827 thought. Then as the wagon came abreast
603 773 1376 846 intrinsic worth of its own talent has a
1425 808 2183 860 from abroad. The foreigner came and
112 825 549 879 sun smiles. They have
2233 821 2997 887 me I saw that he was cally picking out
603 820 1373 881 positive fault. Viennese are prone to ac¬
1429 859 2183 905 bought everything in Austria for prac¬
127 860 548 920 for laughing, for melo¬
2233 866 2997 935 big lumps of coal from the wagon and
598 870 1373 914 cept the shody products—not in art, for
1427 898 2190 967 tically nothing and at his coming prices
117 900 559 961 graces of life. When the
2237 905 3000 967 putting them in a sack. It faces mean
609 909 1371 955 their aste is sure in that respect, but of
1425 941 1754 1000 leaped up and up.
117 948 522 1017 r. Schnitzler repeated.
2228 950 2995 1013 anything that man was habitually honest.
607 948 1371 1021 demagogues who lay themselves ou to
1464 972 2183 1043 "It became a tremendously profitable
2233 993 2995 1041 Nor was there the least sign of guilt or
603 995 1365 1047 capture popularity. We had a burgo¬
112 989 553 1056 he most characteristic
1416 1019 2185 1082 thing to smuggle in food from the country
2228 1030 2999 1095 fear in his manner. Having filled his sack
603 1043 1376 1106 master not so long ago who was a genius
115 1041 555 1097 se is changeableness
1421 1065 2185 1132 and to sell it at illegal rates to the for¬
2228 1080 2995 1142 he gave it to his comrade, another soldier
607 1084 1373 1132 in his way. He knew exactly the degree
117 1084 553 1145 ned. And the modern
1425 1112 2187 1172 eigner and the profiter. The farmer who
2233 1125 2991 1175 who had been walking near him, and tak-
598 1118 1373 1192 of folly in the Viennese mind and how to
121 1127 549 1194 the free for long, free
1416 1160 2179 1218 had food kept it from the open market
2228 1162 2999 1222 ing from him another sack proceeded to
594 1166 1376 1222 cater to it. As a result his popularity was
108 1170 559 1226 turity. From every side
1419 1203 2177 1250 for the schleichhändler, who paid him ex¬
2228 1216 3000 1278 fill that, too. Nobody seemed to notice the
594 1212 1375 1272 so tremendous that Emperor Franz Joseph
132 1212 562 1274 on them social, polit¬
1410 1246 2177 1307 orbitant prices and still made a huge profit.
2228 1252 3000 1321 proceeding nor to think anything about it
592 1259 1373 1307 himself was jealous of the huzzas which
101 1259 555 1326 tal problems which are
1416 1289 2177 1341 Our people saw their own children star¬
592 1304 1375 1365 greeted this burgomaster every time he
2231 1306 2611 1358 if they did notice it.
112 1306 557 1360 ferner peoples than the
1416 1322 2177 1393 ing. And in the big hotels and restau¬
2267 1313 2995 1393 That, commented Dr. Schnitzler,
592 1345 1365 1401 stirred out of his house. He got it all by
108 1348 557 1393 he youthful Vienna of
1416 1380 2183 1432 rants, on the Ring and before the Opera
598 1384 1373 1442 such utterances as this: Nature knows
2231 1382 2987 1442 common in Vienna today, but not char¬
117 1386 549 1456 vanished like a dream.
1416 1421 2177 1483 House, they saw overed, bejeelle, fu¬
598 1429 1371 1486 best. If I were dangerously I would
2220 1425 2995 1499 acteristic of it. It simply means that it
108 1432 553 1488 Great War came that
1419 1468 2175 1525 clad schiebers (profiteers) and schleich¬
594 1483 1367 1537 follow the advice of a superstitious wife
2222 1473 2594 1535 spirit is submerged.
112 1477 538 1538 hanged world. Possibly
1410 1510 2177 1561 händler rolling in opulence. It made our
592 1522 1347 1585 rather than that of the wiset doctor
2263 1509 2621 1574 "Crushed?" I asked.
121 1512 549 1572 much older that I see
1419 1553 1885 1611 people exceedingly bitter.
2257 1546 2987 1624 The spirit of Vienna can never be
590 1555 1363 1626 That's one aspect of Vienna, other
156 1561 546 1628 But I know many
1443 1576 2177 1650 How is it they don't take stones and
592 1598 1198 1654 the great number of bookstores.
2216 1579 2987 1652 crushed," he said with rising enthusiasm.
160 1605 549 1665 And it seems to me
1410 1641 2172 1691 smash in the windows of hotels and res¬
2226 1646 2987 1712 "There is still too much of youth in de
631 1643 1361 1704 That was one of the things which struck
102 1646 548 1704 generation is much dif¬
1414 1682 2177 1738 taurants and help themselves?" I asked.
2226 1687 2987 1749 left. Relieve it a little of the load on it
590 1678 1367 1754 me most forcibly about Vienna. Food
97 1689 551 1754 Anators day. It
1449 1728 2174 1781 Woll, for one thing, the Vienne is not
2226 1728 2993 1784 and you will see it rise. But it needs a
590 1728 1365 1788 scarce: paper coste appallingly; rag¬
101 1732 548 1799 lider stuff. It has been
1410 1754 2179 1825 te explosive kind. Physical violence is
2226 1777 2991 1829 strong friend to help it up. It needs a
592 1782 1363 1842 almost precious; and yet the books to
117 1781 549 1835 and hommered on the
1410 1818 2181 1861 rather repulsive to him. Another reason,
2218 1820 2986 1872 country like America to take it by the
590 1822 1375 1883 about the city are many and opulent in
121 1825 548 1885 life. Our young men
1414 1855 2175 1907 however, is that it is not the proletariat
2222 1866 2986 1930 hand And well it would pay any such
592 1872 1350 1930 stock. And the beauty and color of litho¬
108 1868 544 1922 had to choose sides
1410 1905 2174 1950 who have suffered out of proportion in all
2216 1902 2982 1959 assistance. It would read with talent of
592 1920 1352 1969 raphy, the unstante quality and quantity
102 1909 542 1976 a war. I don't mean
1412 1943 2166 1995 this as it is the middle class the profes¬
2222 1948 2986 2004 every kind. With high intelligence in in¬
594 1952 1354 2028 of material and the brisness of the busi¬
123 1954 535 2021 They are easier for
1404 1985 2170 2039 sionals, the people living on incomes, the
592 1997 972 2058 ness are astonishing,
2216 1989 2987 2062 dustry. With a lovingness of nature.
127 1997 538 2052 You go with the rest,
1404 2034 2177 2086 gently bred. Laborers are organized and
2226 2039 2982 2093 With enthusiasme in work in which it is
618 2017 1352 2105 There you have it, Dr. Schnitzler com¬
102 2043 544 2099 hen it is a case of war
1404 2077 2177 2129 can force their needs on the attention of
2213 2080 2986 2127 interested. With music and lithographie
585 2084 1358 2144 mented when I spoke of it. "On the one
101 2080 542 2153 against agnosticism
1408 2106 2168 2175 employers, for labor is always in demand
2209 2125 2986 2179 art, with modern science and with a sure
587 2133 1348 2183 hand, a readiness to accept the shody
102 2123 542 2183 aliam against socialism,
1404 2164 2168 2213 and labor has managed to get pald. But
2213 2168 2986 2216 taste of beauty; with machinery, surgery,
138 2172 538 2229 te antagonists why,
587 2166 1352 2229 demagogue ; on the other hand, a ken de¬
1406 2201 2170 2255 the arts, the luxuries, the refinements of
2209 2211 2982 2265 decoration, music, architecture all that a
589 2222 1347 2274 sire for the best in thought and art. Re¬
97 2205 538 2278 is often in the heart
1404 2244 2175 2296 life are dispensed with at such times I
2213 2248 2986 2310 great modern city can give to the world;
592 2259 1356 2310 luctance to accept a prophet of their own
93 2254 538 2321 of the young fellow
1404 2293 2168 2345 know that the families of even physicians
2209 2298 2976 2360 a city indomitably young in spirit, ma¬
127 2298 538 2362 longer a question of
592 2300 1354 2350 people and the quick appreciation of the
1406 2334 2168 2399 go hungering to-y. And this class of
2209 2339 2973 2397 tured by great experiences, tempered by
97 2341 529 2393 on. It becomes a mat-
587 2349 1348 2403 talent and genius of other lands. I sup¬
1406 2378 2160 2431 people have not the hardihood to take up
2209 2380 2976 2436 fire and made wiser by suffering. The
106 2384 542 2447 hing, bitter conflict in
589 2393 1345 2453 pose Vienna is adolescent still; its char¬
1395 2427 2164 2483 cobblestones and help themselves. But
2216 2423 2973 2498 Vienna of the merely gay days, the days of
97 2425 535 2490 orkshop, in the circle of
579 2434 1356 2492 acter is not yet formed; its inconsistencies
1401 2462 2168 2526 among the desperately poor and others
2213 2470 2976 2518 thoughtless youth, is gone. But it lies in
97 2473 529 2535 merly you found only
579 2481 1347 2531 still lie side by side, intact and unmodified.
1397 2514 2159 2567 there has come a new point of view in
2209 2514 2973 2581 the hands of the Allies whether in its place
101 2516 536 2578 at to play, Strikes and
579 2527 1341 2583 Or rather I should say that was the con¬
1397 2548 2166 2622 morality or unmorality. You hear people
2213 2561 2976 2621 there develops a new Vienna which, in¬
97 2559 529 2621 mass demonstrations
585 2561 1352 2626 dition of affairs with us in 1914. Since
1401 2600 2155 2656 saying. Since it is permitted to steal
91 2604 527 2669 litary abuse and the
2209 2600 2973 2656 stead of being a burden to the world and
579 2596 1352 2662 then there have been fiery years, years in
1429 2641 2159 2719 He finished with a shrug of the shoul¬
101 2648 533 2710 these were the matters
2207 2645 2980 2710 to itself, becomes one of the great and
579 2660 1352 2714 which the character of Vienna has aged
1395 2678 1488 2732 ders.
101 2688 533 2755 the time and thoughts
2203 2688 2771 2753 beautiful cities of civilization."
577 2691 1000 2755 many times six years.
88 2732 529 2786 pur young people. Oh.
622 2704 1348 2796 The Crown Prince, Franz Ferdinand,
1749 2738 2609 2838 ASKYOUR BOOKSELLER FOR¬
91 2779 529 2842 g, too, of course. They
576 2790 1348 2846 was not very much liked in Vienna," Dr.
93 2822 533 2879 saying. That is in the
574 2822 1354 2885 Schnitzler went on, his tone changing un¬
1442 2818 2770 2928 LEONARD MERRICKS irresistibly charming
91 2863 527 2935 the Viennes. But they
577 2870 1348 2922 consciously as he came to the war. But
1553 2878 2060 2974 The Worldlings
86 2906 251 2969 with life.
570 2915 1341 2976 his murder produced a genuine shock. Be¬
570 2948 1345 3008 fore Vienna could recover from it and to
93 2941 523 3019 ty itself developed like
1538 2948 2919 3041 As an artist depicting the finest shades of human character while
572 3006 1341 3060 think clearly events came rushing like a
102 3008 523 3064 child. In 1850 it was
1544 3000 2917 3112 telling a thrilling story, Mr. Merrick is simply unapproach¬
574 3040 1345 3105 mountainside. Of course they were largely
99 3047 518 3107 malla surrounded
1540 3049 1652 3116 able.
2796 3069 2917 3135 81.90
568 3082 1341 3142 manipulated; and still more they had their
106 3092 527 3155 Ring, which is now the
574 3131 1341 3189 momentum in great economic and political
1432 3082 2719 3209 RICHARD WASHEURN CHILD's new novel
97 3135 523 3183 de city, was then only
577 3176 1341 3237 movements of hostility over which not
97 3176 518 3235 face, a road. Why, as
1544 3170 2205 3254 The Vanishing Men
577 3222 1332 3274 only Vienna had no control, but even the
101 3213 522 3280 nifestrasse was a sub¬
574 3258 935 3315 rulers of the world.
1540 3222 2902 3330 A mystery ingeniously conceived, a solution hidden to the very
112 3261 522 3321 one of the busiest of
1544 3300 2177 3364 end, and delightfully related.
613 3306 1337 3356 I feel that our people have no love for
91 3298 520 3369 streets. The city grew
2783 3304 2917 3382 82.00
570 3351 1345 3405 militarism and that left to themselves,
89 3349 512 3412 all clothes. New de¬
1432 3349 2673 3446 Dr. FRANCIS BRETT YOUNGS new novel
572 3393 1341 3447 they would have sought a solution les
93 3395 522 3444 on hearts to young to
1546 3407 2250 3494 The Young Physician
568 3433 1335 3492 savage than war; but events and insti¬
91 3434 520 3500 result was wory, con¬
570 3477 1335 3533 tutions dragooned them into it and Aus¬
89 3477 518 3537 ments of life on all mis¬
1538 3483 2913 3552 The story of a youth at the critical years which make or mar the
570 3526 1335 3569 tria was one of the very first countries to
86 3520 522 3582 y. From much of this
1537 3522 2906 3626 coming man is told with the delicacy and fine insight which
568 3561 1335 3615 feel the shock of war. In September and
88 3563 508 3628 ed. But it has not re¬
1538 3572 2295 3652 distinguished "The Crescent Moon.
2788 3596 2906 3658 82.50
576 3608 1332 3671 November of 1914 the Russian armies
88 3608 514 3684 ing youth, its untroub¬
559 3658 1335 3718 swept into Austria like a tidal Wave and
1430 3624 2470 3718 SHEILA RAYE-SMITHIS new novel
570 3691 1337 3747 it seemed as though it would go all the
86 3678 518 3768 ber that to begin with
1540 3699 2062 3786 Tamarisk Town
570 3732 1332 3796 way. In Vienna there was quite a flutter.
93 3749 520 3807 te so light as the world
566 3773 1330 3839 To fly or not? Some people, notably the
1540 3749 2902 3852 When a man's whole soul is in one undertaking, and he comes to
121 3788 516 3850 Schnitzler had con¬
562 3826 1335 3889 very rich their very wealth seems to
1537 3822 2898 3885 love passionately a woman who hates it —what then? It is a
86 3818 514 3891 is characterizations. It
568 3870 1332 3917 breed a cowardice did fly in their autos.
1538 3865 2108 3926 strongly worked out story.
86 3878 514 3932 see in him the impulse
2779 3881 2904 3941 82.50
568 3913 1332 3963 But in the main Vienna stayed. Some out
82 3917 518 3980 ter or a situation with
1427 3919 2550 4017 MARIORIE DOUIES Burmese mystery
562 3950 1326 4008 of pride, others because of fatalism; many
91 3963 512 4025 speech, and to see that
557 3999 1332 4058 because leaving Vienna would be a dis¬
1527 3986 2142 4071 The Pointing Man
101 4006 505 4064 checked and corrected
566 4053 1332 4096 comfort and a strangeness worse than any
78 4055 508 4114 long passion to present
1537 4051 2904 4125 Has in it the fascinating color of an Eastern bazar, a touch of
561 4086 1341 4135 evil they could picture of occupation by a
86 4096 495 4166 in all its fulness an
1538 4105 1708 4166 en
1732 4105 1997 4165 an
