3344 4256
164 150 1109 261 4.9. Anatol - Zyklus
1283 167 1646 265 box 9/5
248 314 359 397 -
634 342 736 408 -
492 366 1157 512 5 .. Mlle Freie Presse, Wien
248 418 380 512 un
363 502 1342 610 Artur Schners Anatol fand bei seiner Erst¬
209 551 1353 652 aufführung am Darmstädter Hoftheater den lebhaften Beifall
202 603 1349 694 des dichtbesetzten Hauses, und zwar gefielen nicht nur
206 669 1356 743 „Abschiedssouper" und „Hochzeitsmorgen", die ihrer Publikums¬
206 704 1363 767 wirkung überall sicher sind, sondern auch die mehr für
199 732 1332 830 Kammerspiele berechneten Einakter „Frage an das Schicksal
202 781 1335 861 und ganz besonders „Episode". Die Aufführung mit den
199 823 1339 906 Herren Ehre und Westermann in den männlichen
199 868 1332 948 Hauptrollen war vortrefflich. Die Regie führte Generaldirektor
195 906 1332 994 Dr. Eger selbst, der es verstand, in der hervorragendsten
202 945 1325 1025 Art den Intentionen des Dichters gerecht zu werden. Doktor
192 983 1325 1074 Eger hat uns nun neben Hofmannsthal. Rittner und Bahr auch
195 1035 1325 1112 die Bekanntschaft mit Schnitzler in mustergültiger Weise ver¬
195 1081 1318 1154 mittelt. Wie verlautet, soll dem „Anatol demnächst „Der ein¬
181 1105 1321 1199 same Weg folgen. In der „Frage an das Schicksal hatte
171 1164 1325 1255 eine Debutantin, Helene v. Sonnenthal, eine Enkelin
188 1203 1035 1304 Adolf v. Sonnenthals, einen hübschen Erfolg.
471 1621 1102 1708 So sehen wir denn Stoßen.
422 1666 3225 1761 nur politisch, wie im vorigen Aufsatze erörtert einzelner besonders wichtiger Platze des platten ung der Bahnverbindungen, deren
1363 1775 3225 1841 und was verdanken sie der Stadt, unserem vielge¬ ziergänger Daniel Spitzer. Sie sind dahin
1220 1795 1339 1862 sen
2297 1827 3211 1883 und andere Tüchtige sind verstummt oder alt ge¬
1367 1830 2113 1886 tadelten und doch so vielgeliebten Wien?
499 1795 1339 1921 Jung=Wiener Geschichten. Be¬
2168 1855 3204 1924 — dies worden. Die anspruchsvoller und ernster gewor¬
1412 1876 2123 1928 Freilich verkörpert der „Wiener Verlag
2301 1917 3211 1963 dene Zeit verlangte gebieterisch eine Vertiefung des
464 1890 2277 1966 * Das Schlagwort „Jung=Wien“ hat vor mehr muß, um Irrthümern zu begegnen, vorher erwähnt
2301 1963 3207 2008 Genres, wollte es aus dem Unterhaltenden in
1370 1966 2273 2019 werden — nicht die gesammte deutsch=österreichisch
422 1945 1342 2019 als zehn Jahren Herrmann Bahr in die Menge ge¬
1367 2001 3228 2078 Produktion. Aber es ist sehr bezeichnend, daß die Künstlerische gerückt, heischte Gestalten. So ist die
422 2008 1342 2067 worfen. Er verstand darunter vor Allem sich,
2301 2053 2988 2123 „Jung=Wiener Geschichte" entstanden.
1374 2053 2277 2099 jenigen Autoren, die ihm fehlen, gerade diejenigen
425 2053 1339 2099 dann die von ihm entdeckten Hoffmanns¬
2346 2071 3218 2144 Man merkt ihre Abstammung im Guten wie im
1370 2099 2277 2148 sind, die gar nichts Wienerisches und überhaupt
422 2099 1342 2144 thal und Andrian, wohl auch Schnitz¬
2301 2127 3225 2186 Schlimmen klebt viel Feuilletonistisches an ihr. Im
432 2141 2277 2186 ler und Dörmann, die damals anfingen, nichts Großstädtisches haben. Zu ihnen gehören
2301 2182 3221 2252 Guten: sie ist meist anmuthig erzählt, allerlei
429 2182 2273 2231 Den Feuilletonisten der älteren Generation wollte vor Allen Frau v. Ebner=Eschenbach, die
2308 2224 3218 2280 leichte, ironische oder sentimentale Betrachtungen
1363 2228 2270 2287 leider weit mehr Anerkannte als Gelesene, und I
422 2231 1342 2280 er die Dichter der neueren Zeit entgegenstellen. Als
1367 2270 3211 2322 I. David, der schwermüthige Poet, dessen Er= dominiren und werden in glänzende Worte umge¬
432 2273 1342 2325 er später wohlbestallt wurde — nicht als Revo¬
2311 2311 3214 2364 prägt. Im Schlimmen: die Erfindung ist flüchte
1370 2318 2277 2378 zählungen und Gedichte voll herber Reize sind; auch
422 2311 1342 2367 lutionär, sondern als Journalist —, gab er die ihm
2311 2357 3214 2412 fast leichtfertig, die Charakterisirung ist äußerlich
425 2357 2277 2412 nunmehr gleichgiltige Sache auf. Aber das „junge Rosegger, der leider in letzter Zeit durch über¬
2308 2402 3204 2475 geht niemals rief und begnügt sich mit einigen Fi
1363 2409 2283 2458 mäßige Fruchtbarkeit und Flüchtigkeit die Freude
432 2406 1339 2458 Wien“ ist daran nicht zu Grunde gegangen; ja, es
2308 2447 3221 2503 guren, die bald so typisch geworden sind wie die
422 2447 2273 2496 hat sich erweitert, neue Talente sind aufgeknospt an einer ungewöhnlich naiven, im Ernsten und
2311 2489 3214 2538 Masken des italienischen Lustspiels. Am deut¬
422 2489 2273 2545 und — was fast noch wichtiger ist — sie haben sich Heiteren meisterhaften Darstellungskunst trübt
2308 2531 3239 2583 lichsten sieht man den Uebergang vom Feuilleton zur
1370 2531 2273 2583 Sie sind Alle keine Wiener, Alle ein bischen schwer¬
422 2538 1335 2583 ein, wenn auch anfangs noch recht spärliches Publi¬
2301 2580 3207 2629 Wiener Geschichte in Schnitzlers „Anatol¬
418 2580 1339 2632 kum erobert. Es hat sich ein Unternehmen gebildet,
1374 2583 2270 2632 fällig, ohne Koketterie, selbstgefällige Blasirthei
2308 2625 3214 2670 Es sind drei Figuren, die wir kennen lernen: den
1360 2625 2280 2677 und Preziosität. Das aber sind die Eigenschaften,
425 2625 1335 2674 das den für den Lokalpatrioten recht beschämenden
2304 2660 3218 2719 blasirten und nach neuen Sensationen lüsternen
1363 2670 2277 2719 die man hier wie im Reich von dem Begriffe „Jung¬
432 2667 1339 2726 Titel „Wiener Verlag“ mit Recht führen darf.
2301 2712 3211 2761 Lebemann (bei den Jüngeren ist er meist noch Lebe¬
1360 2712 2273 2761 Wien“ nicht trennen mag. Nicht ganz mit Unrecht
425 2716 1339 2765 Denn es ist nicht nur der erste, sondern auch der
2311 2754 3214 2831 jüngling), das warmblütig hingebende, meist sen¬
1360 2754 2273 2810 und diese Fehler verbinden sich mit einem viel tiefe¬
432 2754 1335 2813 einzige beträchtliche schöngeistige Verlag in Wien,
425 2796 3218 2855 ja auch in Deutsch=Oesterreich. Bis jetzt waren ren: dem Mangel an Größe. Ein mächtiger Ge=timentale süße Mädel" und den Freund, der alle
429 2841 3207 2890 unsere Schriftsteller gezwungen, ihre Werke über die danke, in eine poetisch umfassende Form geprägt, ist Klugheiten zu sprechen hat, eine lebendige Aphoris
432 2890 1335 2939 Grenze zu schicken. Deutsch=Oesterreich war früher
2304 2890 3214 2942 mensammlung; er ist nichts als der wohlbekannte
1360 2887 2280 2942 noch keinem Jung=Wiener aufgestiegen. Schnitzler.
1363 2932 3214 2984 auch hierin eine prächtige Ausnahme, fehlt, obwohl „Raisonneur“ der französischen Komödie. Schnitz¬
429 2935 1339 2988 gänzlich und ist noch jetzt großentheils literarisch
425 2977 2280 3030 ein von Deutschland erobertes Reichsland. Man er als Schutzpatron der Wiener Moderne gilt, dem
2304 2970 3214 3030 ler hat später, als er ausgereift war, diese Figuren
1367 3016 1680 3078 „Wiener Verlag
2301 3019 3207 3078 zu Menschen umgewandelt — wir erkennen sie
1722 3023 2263 3075 Was uns die „Jung=Wiener
422 3019 1335 3068 mag noch so national denken, dieser Zustand war
1363 3057 3214 3110 bieten, ist kleine, bei den Manieristen — z. B. dem wenn wir ganz genau hinsehen, noch im „Schleier
432 3068 1339 3120 nicht nur demüthigend, sondern auch schädlich.
1374 3106 2242 3166 so lächerlich überschätzten Peter Altenberg¬
2297 3110 3211 3155 der Beatrice". Aber wie sind sie da vertieft und wie
425 3113 1339 3155 Das in alten Tagen größte Kulturzentrum des
425 3155 1335 3207 deutschen Volkes hatte einer fast amerikanisch auf¬
1360 3155 2270 3204 kleinliche Arbeit. Es charakterisirt sie, daß ihner
2301 3152 3211 3204 viele andere Menschen hat ihnen der Dichter später
432 3193 3207 3253 strebenden, künstlerisch grobfühligen Parvenustadt nicht nur die Größe der Gedanken, sondern auch die noch zur Gesellschaft gegeben! Die anderen „Jung¬
1363 3239 3211 3295 Größe der Kompositionskraft fehlt. Es gibt keinen Wiener haben sich allzu häufig nur mit der Variir¬
425 3242 1339 3298 nicht nur die Führung abgegeben, sondern sich ihr
1356 3284 2270 3343 Wiener Roman. Die Domäne unserer Moderne
2304 3284 2904 3357 ung dieser Gestalten begnügt...
425 3284 1339 3340 auf Gnade und Ungnade ergeben müssen. Man
432 3326 2280 3378 muß kein berufsmäßiger Lokalpatriot sein, um zu ist die kleine Geschichte, bald heiter, bald tändelnd
2346 3312 3204 3382 Der Beste unter ihnen ist Raoul Auern
418 3371 2280 3427 beklagen, daß die Stadt Grillparzers und Anzen wehmüthig, der literarische Walzer. Das weist
2304 3368 3207 3427 heimer, den Münchnern aus der „Jugend“ und
1363 3413 3211 3469 uns auf den Ursprung des Genres; er ist das einst auch aus dem „Simplicissimus wohlbekannt
422 3420 1342 3469 grubers keine literarische Vertretung hatte. So hat
425 3458 1328 3518 dieser „Wiener Verlag, dem unsere das Wiener
1370 3458 2280 3514 so rühmlich bekannte Wiener Feuilleton. Das war
2308 3458 3211 3514 Nun ist die erste Sammlung seiner Geschichten er¬
2315 3500 3211 3566 schienen, die nach einer — nicht der werthvollsten
425 3507 2280 3563 thum sonst so eifrig kultivirende Tagespresse nur die anspruchslose, ungezwungene Plauderei, bei der
422 3552 1339 3608 wenig Beachtung schenkte, schon durch seine Existenz
2364 3552 3204 3598 Novelle „Rosen, die wir nicht er
1367 3552 2280 3605 der Verfasser mit sicherer Eleganz vom Hundertsten
432 3598 1339 3650 — und fast mehr durch diese als durch das, was er
1367 3587 3218 3643 in's Tausendste und vom Tausendsten in's Tau=reichen" heißt. Man kann den Eindruck, den die
425 3636 2277 3692 bot, — aufrichtend gewirkt. Große Entdeckungen sendunderste kam, ohne andere Aufgabe, als zu
2301 3636 3204 3685 Skizzen auf den Leser machen, in ein Wort zu
2308 3678 3211 3734 sammenfassen: Liebenswürdig. Ja, es ist wohl
429 3681 2280 3734 sind ihm bisher noch nicht geglückt, aber er hat uns amüsiren, verblüffend geschickt auch die scheinbar
422 3723 1342 3783 zum ersten Male Wiener Autoren in ihrer Ge¬
1367 3730 2273 3779 unbedeutendste Sache so zu wenden, daß ein über¬
2311 3723 3200 3776 selten in der deutschen Sprache ein liebens
2304 3765 3214 3821 würdigeres Buch geschrieben worden. Man hört
436 3772 1339 3821 sammtheit gezeigt, und da liegt es nahe, zu prüfen,
1363 3772 2283 3817 raschendes Licht auf sie fiel. Die größten Meister
422 3817 1342 3866 was sie eigentlich leisten, und wie sie vor dem Aus¬
1363 3817 2277 3870 des Feuilletons waren im Ernsten Ferdinand
2301 3817 3211 3863 einen jungen Mann, der uns mit sanftem Lächeln
425 3859 3200 3929 land bestehen. Was bedeuten ihre Persönlichkeiten Kürnberger, im Heiteren der „Wiener Spa¬ die petites ornautés de la vie zeigt. Er ist nie
