3344 4224
372 30 874 131 er am
930 62 1497 141 nennt man diese besten Namen
268 105 1489 185 der Jungwiener neunziger Jahre, und etwa den Wassermanns,
272 149 1486 225 Richard Beer=Hofmanns dazu, so braucht der Raoul Auernheimers
264 207 1484 285 nicht darum vergessen zu werden, weil er aus dem Feuilletonteil
260 247 1478 331 einer Wiener Zeitung, also sozusagen aus dem Halbstock der
264 299 1481 388 Literatur in die Beletage des selig entschlafenen und eingegangenen
264 350 1476 428 „Wiener Verlages" übersiedelte. Als hier die „Rosen, die wir
260 396 1479 469 nicht erreichen erschienen, hatte Wien neben dem Dramatiker
263 434 1476 512 Schnitzler und dem Aestheten Hofmannsthal seinen neuen No¬
258 488 1473 576 vellisten, einen wienerischen Maupassant sanfterer, zierlicher und
258 534 1473 616 graziös ironischer Prägung. Dieser neue Wiener gravitierte
257 594 1473 656 natürlich recht stark nach Paris, das gehörte damals sozusagen
255 621 1470 716 zum guten literarischen Ton und hatte speziell in den
260 681 1474 765 Feuilletons, die Auernheimer schrieb, schon eine Art von
255 721 1476 806 Tradition für sich. Solche Feuilletons mit tadelloser Tournure,
245 773 1474 857 romanischer Verve und deutschem, zwischen Schwermut und Ironie
260 820 1476 903 genau die Mitte haltendem Tiefsinn hatte zuerst kein Geringerer
257 876 1473 953 als Theodor Herzl geschrieben, und er hatte sie als Korrespondent
244 915 1341 1003 der „Neuen Freien Presse" in Paris zu schreiben gelernt.
361 980 1473 1058 Aus der Schule Herzls schrieb Auernheimer sein erstes
231 999 1479 1102 Feuilleton vom Wirtshaus zu verlorenen Zeit. Er war damals
241 1096 1471 1164 ein junger Jurist mit losen Beziehungen zur Literatur, der bei
241 1145 1468 1207 einem flüchtigen Berliner Aufenthalt den Schauspieler Josef Jarno
247 1185 1467 1259 kennen lernte. Er traf sich mit ihm an einem der wenigen
238 1240 1467 1305 Literaturstammtische, an denen Herr Auernheimer verkehrt hat,
238 1286 1467 1354 und erwähnte gesprächsweise, daß er eben mit einem kleinen
236 1318 1467 1410 breiaktigen Lustspiel fertig geworden sei. Jarno, der um
238 1383 1476 1457 dieselbe Zeit als Direktor nach Wien ging, las das Stück, es
238 1432 1489 1503 gefiel ihm und er setzte es für seinen zweiten literarischen
238 1476 1486 1546 Abend in der Josefstadt an. „Talent, hieß die talentierte
234 1516 1501 1604 Kleinigkeit des so gut wie unbekannten Autors, von
236 1563 1478 1646 dem bisher nur einige Aufsätze in der neugegründeten Münchener
228 1627 1498 1701 „Jugend erschienen waren. An seinem ersten literarischen Abend¬
236 1660 1467 1728 war Jarno mit schwerem Geschütz aufgefahren, er spielte Strind¬
236 1709 1471 1793 berg. Der zweite sollte eine wienerische Note bringen, und der Erfolg
234 1755 1443 1843 kleinen Stückchens war so groß, daß im „Neuen Wiener Journal
233 1802 1462 1889 darüber zu lesen stand: „Neunundzwanzigmal durfte sich der junge
238 1853 1457 1937 Autor gestern seinem Publikum zeigen. Es war ein Erfolg für
231 1904 1452 1999 Herrn Auernheimer, der sich das nächstemal hoffentlich bemühen
231 1946 748 2046 wird, ihn zu verdienen.
329 1992 1449 2117 Ungefähr zur selben Zeit suchte Wollzogen eine amusante,
225 2046 1460 2174 dramatische Kleinigkeit für das notleidende Programm seines
230 2127 1441 2206 Ueberdrettels und fand in einem alten Jahrgang der „Jugend
231 2173 1446 2249 die Auernheimsche Bluette „Der Unverschämte, die er von dem
230 2224 1444 2301 Wiener Autor sogleich erwarb und zur Aufführung brachte. Und
230 2270 1443 2336 in ziemlich rascher Auseinanderfolge erschienen nun die Novellen¬
223 2320 1443 2390 bücher Auernheimers, schmale, leicht in der Hand wiegende
222 2369 1443 2447 Bändchen, richtige Geschenkhändchen, galante Geschichtchen und
223 2418 1443 2483 Silhouetten der guten Gesellschaft. Anatol in immer neuen Auf¬
225 2463 1440 2561 lagen; halb kritische, halb amüsante Almanache aus einer Welt,
217 2510 835 2602 in der man sich nicht langweilt.
325 2555 1432 2661 Das ging so einige Jahre, bis Herr Augenheimer des ta¬
217 2615 1432 2707 was man einem beliebten Autor nur ungern verzeiht: es
219 2680 1433 2765 wechselte das Thema, Er schrieb seine Geschichte vom „Gußeisernen
217 2735 1443 2803 Herrgott, deren Held keine ängstliche Dodo oder erfahrene Renée
214 2787 1444 2865 aus einem Ringstraßensalon, sondern ein simpler istrianischer
212 2833 1433 2917 Rauchfangkehrer war. Er ließ in der hochanständig langweiligen,
207 2889 1253 2939 sozusagen hochhoffiziösen „Oesterreichischen Rundschau"
1296 2892 1429 2957 seinen
211 2928 1422 2998 „Leichenbestatter von Ehenbrunn“ erscheinen, der zwischen einer
209 2973 1427 3041 politischen Quartalschau des Barons Chlumecky und den Bücher¬
198 3020 1405 3095 besprechungen eines Regierungsrates von der „Wiener Zeitung
214 3071 1424 3134 beunruhigend, ja aufreizend wirkte. Der amusant mokante Ge¬
211 3118 1421 3183 sellschaftsplauderer war in diesen Sachen nicht mehr zu erkennen.
215 3169 1427 3240 Statt amoureuser Silhouetten gab er Schicksale; an die Stelle
214 3213 1416 3283 der „Gesellschaft" eines Auernheimer Feuilletons traten leidende,
214 3269 1416 3332 gequälte, von der Tragik eines dumpfen, engumhegten Daseins
217 3315 1430 3378 aufgeriebene Menschen. Aus dem Feuilletonisten gesellschaftsfähiger,
212 3369 1424 3445 ondulierter und manikurter Schicksale wurde ein Dichter des
214 3407 1424 3476 Existenzminimums kleiner und kleinster Leute, die nie im Leben
209 3446 930 3532 das Wort „Ardeliano gehört hatten¬
318 3497 1422 3589 In der in ihrer unentrinnbar sachten Fronie erschütternden
206 3552 1413 3630 Erzählung von „Laurenz Hallers Praterfahrt zeigt Auernheimer
203 3624 1414 3676 ungefähr die Wege, die er künstig gehen will. Hier ist in An¬
209 3665 1465 3727 sätzen, was ihm wohl noch als großer Wurf gelingen wird: der
209 3715 1467 3774 Wiener Roman Anatol, zu Jahren gekommen, legt den Spiegel
200 3763 1425 3820 weg, in dem er immer nur sein eigenes, alterndes Antlitz sah.
209 3807 1463 3871 Er sieht um sich; an den Dingen der Wirklichkeit, an geahnten
198 3860 1459 3931 menschlichen Schicksalen wird der Aesthet zum Dichter und der
1571 179 1962 266 4.9. Ana
2410 193 2513 276 us
2054 171 2391 277 Zyk
1608 1764 1832 1874 ANTOL
1663 1866 2664 1940 Jetzt bist du erkannt. Am alternden Spieler erkannt.
1674 1913 2822 1996 Wie er den Mund auftat, Geistreiches betonter zu äußern,
1614 1986 2825 2048 wie er mit umfangreicher Hand an der Halsbinde zupfte, ob sie
1608 2034 2819 2095 noch richtig kavalierhaft geknüpft und er noch der Bezwinger
1611 2083 2822 2133 der gerne Bezwungenen — wie wußte ich plötzlich Bescheid:
1620 2130 2819 2190 Das ist nicht der Sichere, das nicht der Schlanke, nicht der
1617 2182 2428 2255 Leichte und Schöne, der Mann der Frauen.
1665 2239 2824 2300 Dieser ist der Wahre: Liebhaber von Minderen, betrogen
1617 2290 2819 2352 schon in der Wahl. Bedürftig unleisen Lobes, unfähig zu lieben
1617 2334 2819 2399 ohne Publikum. So eitel wie gering, billigen Geschmackes, rat¬
1612 2390 2819 2437 los, wenn's zu wählen gilt. Wohlhabender Dreißiger bald, Fa¬
1612 2439 2824 2505 brikant, Bankdirektor oder irgend ein Rat. Im Innersten ständig
1614 2482 2255 2542 erstaunt, wie fein alles gelungen.
1671 2532 2825 2593 Wie er vor dem Spiegel die Mundfalten befühlt! Nein, nicht
1614 2588 2824 2648 dies: nicht Geist, nicht Erleben, nicht Erfahrung hat sie ein¬
1614 2642 2819 2703 gegraben, es ist einfach der Zeitablauf, das Altern des Mannes,
1614 2694 2201 2765 jedes Mannes, jedes Menschen.
1674 2724 2825 2813 Max, Freund dieses Laffen! Staffage seinen Spassen! Über¬
1620 2797 2832 2854 legen, zumal da du schwiegst. Wende dich ab, laß sie allein, die
1623 2844 2474 2920 Einfalt mit der Hübschheit, der Ware für alle.
1650 2892 2821 2957 Max, entwandle, zieh dich zurück in dein Zimmer, nimm ein
1614 2952 2825 3025 Buch zur Hand. Nicht den Casanova, den Anatol brauchte. Lies
1620 3003 2822 3079 vom Casanova im Schlosse zu Dux, vom greisen Edlen, noch er¬
1617 3047 1996 3126 haben im Keifen.
1661 3114 2832 3182 Dir aber, Anatol, werde verziehen. Dein Staunen über dein
1620 3160 2193 3236 Glück entwaffnet den Mahner.
2574 3160 2791 3234 Orrò PICE.
2686 169 3034 266 box 9/5
