3436 4352
1398 206 1759 310 box 9/5
282 219 1230 339 4.9. Anatol - Zyklus
904 2179 1709 2274 keine „Weinlagen" — nicht weil man
190 2191 853 2281 und Separées war schamhafter
904 2260 1700 2336 sittlicher, sondern weil man unsittlicher
184 2270 856 2335 skreter als das Hineinleuchten in
188 2308 863 2384 Extrazimmer einer Weinstube. Daß
949 2330 1710 2423 Man wird schon Grund gehabt haben,
182 2360 853 2417 te noch, wie ch und je, Stunden¬
912 2401 1698 2457 wenn man die Herren Senior und Junio
192 2407 854 2472 gibt und Absteigequartiere, ist ein
904 2454 1705 2505 und Selberherr eingesperrt hat. Aber man
210 2458 864 2520 Geheimnis. Warum also dulden
904 2500 1709 2552 will auch annehmen, daß es ungewöhn¬
196 2508 860 2568 lassen, was hinter der versperrten
904 2542 1707 2601 liche Dinge gewesen sind, die sich das
184 2545 863 2622 eines schmutzigen, vorstädtischen
912 2600 1709 2649 gastwirtliche Kleeblatt zu Schulden
188 2592 856 2655 hotels geschieht und verhindern,
906 2638 1707 2713 kommen ließ, daß tatsächlich der Absatz
184 2644 853 2701 ch weit Harmloseres hinter
912 2695 1689 2748 a) des § 512 von den „Schanddirnen
184 2700 851 2761 nur flüchtig zugezogenen Vorhang
906 2748 1705 2799 und ihrem „unerlaubten Gewerbe zu
188 2733 865 2810 en mag? Warum vergröbern, und
910 2781 1715 2843 Recht bestand. Denn man will nicht
188 2780 865 2840 seln, was gerade in Wien so still
918 2826 1705 2897 glauben, daß in dieser Zweimillionen¬
188 2834 863 2895 in gewesen? Ob das Separée eine
909 2872 1705 2930 stadt schon jede Frau eine „Schand¬
214 2880 870 2959 Erfindung ist, weiß ich nicht in
916 2924 1715 2984 dire, wie es im Gesetz, oder eine
219 2929 859 2991 Städten spielt sich das Liebes¬
909 2970 1713 3041 „Hübschlerin, wie es im alten Deutsch
196 2970 870 3040 licher nicht in Separées ab, ucht
916 3021 1702 3082 heist, wird, wenn sie eine Stunde lang
190 3036 865 3081 ten und leise, da geht kein zarter
916 3064 1711 3135 ein Paar Gläser Wein hinter einem zu¬
190 3072 863 3131 iskreter Kampf mit allen aufge¬
916 3110 1715 3182 gezogenen Vorhang trinkt, nicht
190 3133 868 3186 in Registern, in anderen Ländern
918 3159 1716 3225 glauben, daß jeder Wirt zu einen.
182 3172 860 3240 nichts zwischen dem Bierlokal,
918 3212 1709 3269 „Unterhändler unerlaubter Verständ¬
182 3220 863 3278 un resche Kellnerinnen belästigt,
914 3251 1702 3319 nisse“ — 80 heißt es im Absatz c) —
196 3265 865 3319 chelt und kneift und dem Stunden¬
914 3304 1711 3361 wird, wenn er seine Weinstube nicht als
210 3306 871 3369 wo man sich im Dunkel ein¬
912 3367 1729 3441 übersichtliche Turnhalle haut, nicht
196 3372 863 3441 ht. In anderen Städten gibt es
1757 2197 2554 2266 glauben, daß ein geflüstertes Wort, das
1755 2244 2551 2313 Rascheln eines Kleides, ein leises Auf¬
1751 2308 2554 2360 lachen schon als „Zuführen von Per¬
1751 2341 2555 2411 sonen bezeichnet werden wird — wie
1755 2394 2469 2451 sich Absatz b) des § 512 ausdrückt.
1802 2426 2550 2498 Es geht keineswegs um die drei Mo¬
1751 2492 2561 2545 nate des Herrn Muth senior, den einen
1751 2539 2552 2610 Monat des Herrn Muth junior und die
1755 2587 2550 2640 drei Wochen des Herrn Selberherr. Es
1755 2627 2557 2694 geht bloß darum, daß die Unfeinheit, die
1757 2687 2552 2740 Unsittlichkeit, die Indiskretion nicht dort
1751 2734 2552 2788 beginnt, wo man einen Separéevorhang
1751 2773 2556 2843 zieht. Sondern dort, wo man ihn
1750 2824 1930 2912 tattet.
1751 2962 2554 3016 ALLGEMEINE VERSICHERUNGS-GESELLSCHAFT
1757 3169 2555 3260 Zusammenschluß von Phönix, Wiener= u. Providenta¬
1757 3231 1907 3284 Begründet
1757 3260 2546 3318 Direkten und General-Repräsentanz, Wien, IX., Otto¬
1798 3298 2519 3335 Wagner-Platz 5, Alserplatz 3. Tel. B 43-5 80 Serie
1751 3322 2554 3394 Uebernahme eintlicher Schadensversicherungen zu den
1870 3363 2444 3421 kulantesten Bedingungen und Prämien
