3296 4224
1210 150 1583 250 box 8/6
909 171 995 260 lu
103 167 560 249 4.9. Anato
465 172 791 269 -
599 819 1611 934 Bitte Rückseite beachten!
1208 913 1620 1012 Telephon 12.491.
1434 1032 1510 1113 14
586 1175 1651 1279 I. österr. behördl. konz. Unternehmen für
897 1242 1352 1313 Zeitungsausschnitte
606 1289 1650 1363 Wien, I., Konkordiaplatz 4.
994 1344 1257 1410 Vertretungen
587 1359 1644 1460 in Berlin, Basel, Budapest, Chicago, Cleveland, Christiania,
598 1423 1642 1501 Genf, Kopenhagen, London, Madrid, Mailand, Minneapolis,
591 1461 1636 1549 New-York, Paris, Rom, San Francisco, Stockholm, St. Peters¬
980 1510 1269 1579 burg, Toronto.
835 1549 1397 1650 (Quellenangabe ohne Gewähr).
587 1609 971 1693 Ausschnitt aus:
582 1679 931 1817 4
1093 1883 1546 1949 Anatol in München.
975 1940 1725 1998 Wer Schnitzler lieb hat, muß diesen Anatol
900 1998 1719 2040 sehen. Nicht um der ganzen Aufführung willen
897 2027 1719 2076 bewahre Schon gegen das Dekorative ist eine
894 2063 1725 2121 ganze Menge einzuwenden; und dann ist ein
897 2107 1719 2157 ungeschlachter, unkultivierter, höchst ungebühr
897 2144 1721 2197 lich und lärmend sich verdrängender Max da
894 2189 1720 2242 statt des mondänen Rationalisten ein dumm¬
897 2227 1726 2275 dreist lauter Kleinbürger: und in der „Frage
900 2268 1722 2312 an das Schicksal spreizt sich eine kadelburger¬
894 2300 1730 2349 liche Tora; und die Spielerin der „Episode“ ist
885 2344 1734 2398 auch fürs épisodenhafte noch viel zu blaß;
893 2374 1716 2430 und das Christkind der „Weihnachtseinkäufe
897 2415 1728 2461 meistert zwar die Kunst eines gepflegten Dia¬
893 2458 1734 2510 logs, ist aber zu reif und zu kalt, um was
902 2504 1741 2551 mehr zu geben. Dafür gibt die Woiwode im
906 2531 1733 2590 „Abschiedssouper ein ansehnliches Quantum
900 2582 1734 2625 drall naiven Charmes, und die Schaffer (die
912 2612 1733 2666 jüngst als „Königin Christine in Strindbergs
905 2650 1730 2703 Komödie ein paar bemerkenswert glückliche
894 2691 1730 2737 Momente hatte) vermeidet es mit Takt, den
906 2737 1732 2780 brutal sich offenbarenden, phrasenhaften Rache¬
902 2769 1733 2821 durst der llona ins Possenhafte zu vergröbern.
977 2810 1721 2863 Was aber die Aufführung des Schauspiel¬
902 2849 1728 2904 hauses krönt und alle Mängel zehnfach wett¬
906 2886 1733 2935 macht, ist Gustav Waldaus Anatol. Schnitzlers
909 2931 1733 2981 Szenen, so liebenswert sie sind, haben ja doch
906 2965 1734 3013 mancherlei Staub angesetzt in den achtzehn
906 3005 1733 3057 Jahren seit ihrem Entstehen. Ihre leichtsinnige
900 3049 1734 3102 Melancholei geht uns nicht mehr so zu Herzen
902 3082 1733 3134 wie am ersten Tag; ihre Melodie, so rasch sie
900 3124 1728 3168 sich ins Blut setzt, so rasch wird sie monoton
909 3161 1733 3220 und unser Ohr ist so peinlich geschärft für
902 3201 1733 3253 alles Feuilletonistisch-Aphoristische; und wir
909 3238 1730 3290 beurteilen die nichtig lichte Menschlichkeit
906 3279 1733 3332 Anatols heute sehr hart und finden, daß es
906 3324 1732 3379 dem Nur-Erotiker an spezifischem Gewicht man¬
910 3358 1738 3418 gelt: denn wir sind viel strenger und grämlicher
912 3405 1647 3460 geworden in den letzten achtzehn Jahren.
990 3433 1738 3486 Da kommt nun unser prächtiger Gustav
912 3477 1738 3524 Waldau und wischt mit leichter Hand dem
906 3510 1738 3562 Anatol die Runzeln und dem ganzen Werk den
902 3555 1733 3601 Staub und uns die Bedenken weg; und macht
912 3593 1733 3648 alles frisch und neu und mit neuer Bedeutung
918 3637 1707 3691 gefällig. Wie er das anfängt? Er betont
906 3672 1740 3722 och was ein viel zu derbes Wort für eine so
912 3711 1740 3768 feinfädige Sache — er ruht also mehr auf den
912 3748 1733 3803 melancholischen Momenten seiner Rolle aus als auf
906 3788 1730 3841 den leichtsinnigen. Nicht als ob er nun die liebens¬
1766 1495 2606 1561 werten Lächerlichkeiten Anatols unterdrückte, aber
1778 1548 2606 1599 er gibt einen Menschen, der um seine Richtigkeit
1772 1583 2605 1632 weiß, der, ein Stück von einem Poeten, die allzu
1781 1624 2602 1673 bewußte Leere seines Seins mit lebemännischem
1778 1664 2608 1709 Geländel erfüllt und die armen Tage spielerisch
1772 1701 2600 1757 mit flüchtigen, süßen und bitteren Sentimentali¬
1777 1742 2606 1790 täten bekränzt. Er gibt einen Menschen, der seine
1772 1782 2606 1839 Bedeutungslosigkeit so klar erkennt und mit
1774 1825 2604 1874 so liebenswerten Worten und Gesten kundgibt,
1772 1859 2609 1912 daß der Zuhörer darüber die Beschränktheit
1778 1897 2609 1945 dieser Existenz ganz vergißt. Und hat kein
1774 1938 2609 1989 Gott an seiner Wiege Gaben dargebracht, von
1774 1978 2610 2023 den Grazien ist keine ausgeblieben. Und eine
1778 2015 2609 2071 weiche, linde Müdigkeit liegt über dem allen,
1778 2066 2608 2117 eine nachdenkliche, zarte Fügsamkeit: Herbst¬
1772 2091 2609 2146 sonne. Und ganz fein und leise, ohne daß
1781 2132 2609 2185 der Darsteller plumpe Mittel anwendet, eine
1778 2170 2609 2223 tze oder dergleichen, klingt die Tragik des
1781 2211 2097 2274 Alterns mitherein.
1855 2226 2608 2306 So wird durch Waldaus Gestaltung der
1772 2284 2606 2339 Zyklus zu einer grazil nachdenklichen Dichtung
1772 2325 2608 2372 vom Vergehen, das allem Werden beigemischt
1778 2370 2608 2421 ist, und Anatol selber wird aus einem kul¬
1783 2409 2612 2457 tivierten Alltagsmenschen ein Poet, der das
1786 2445 2610 2500 tief Episodenhafte und Fragmentarische alles
1781 2491 2610 2533 Seins erkannt hat, und der nun die bunten
1783 2520 2612 2574 Lappen/ die er erhascht, zu einem schillernden
1781 2564 2614 2616 Rittergewand zusammenflickt, lächelnd und des
1777 2601 2612 2654 spielerischen Unwerts solchen Treibens wohl
2094 2641 2578 2707 Dr. Lion Feuchtwanger.
1778 2651 1931 2712 bey.
