3344 4256
105 199 1032 292 4.9. Anatol - Zyklus
1224 193 1592 286 box 9/5
637 870 1260 996 FEBRUAR
260 1010 1342 1094 M Essener Stadttheater: Anatol. Dieses Frühlwerk Sch
260 1072 1379 1153 gehört zu den wenigen Stücken unserer dramatischen Thea¬
215 1114 1381 1176 für die nicht altern, die mit der Zeit zwar vielleicht ein wenig
215 1161 1375 1208 verblassen, aber ihre Anmut bewahren, ja sogar einen neuen Reiz
212 1202 1376 1257 hinzugewannen: den Schimmer der sehnsüchtigen Erinnerung an
209 1239 1375 1286 entschwunden, genußfrohe Tage. Das typische Wienertum dieser
212 1280 1378 1330 unverfälschten Personen und der zwanglosen Dialoge ist und
215 1325 1381 1372 Norddeutschen ja wohl im Grunde wesensfremd, aber, wie die
215 1357 1375 1410 überaus freundliche Aufnahme bewies, in seiner liebenswürdigen
215 1401 1375 1447 Sentimentalität durchaus nicht unsympathisch. Das Buch umfaßt
215 1437 1379 1491 ausgesamt sieben Einakter, lose verbunden durch die gleiche At¬
218 1478 1379 1530 mosphäre müden Aesthetentums, graziöser Lebensraff niertheit und
212 1519 1378 1566 Junggesellenherrlichkeit, Leichtsinn wechselt mit Schwermut,
209 1556 1388 1609 Schmerz mit Lächeln Betrug mit Selbstbetrug. Von diesen
204 1594 1382 1646 sieben kleinen Stücken gab man gestern fünf, Herr Hübner
218 1637 1378 1690 eitete das Spiel mit seiner Einfühlung in die Absichten des
218 1677 1375 1729 Dichters. Wenn sie nicht ganz verwirklicht wurden, wars nicht
212 1712 1385 1773 eine Schuld. Mit dem Dialekt haperte es. Wer nicht Süddeutscher
215 1760 1379 1805 ist, sollte nicht versuchen, ihn auch nur anzudeuten: es klingt, wenig¬
196 1800 1382 1853 stens für das geübte Ohr, doch unecht, und das stört weit mehr, als
206 1838 1381 1882 wenn durchweg hochdeutsch gesprochen wird, was weit weniger auf¬
215 1872 1384 1940 fällt. Das sehr schwierige Problem des szenischen Rahmens in den
218 1913 1378 1972 „Weihnachtseinkäufen war überraschend gut gemeistert, bis auf
212 1948 1384 2007 die Mauer und das stillese Hauseck links. Herr Hübner selber
215 1994 1379 2046 war als Anatol sehr glücklich ganz leichtsinniger Melancholiker:
212 2034 1378 2090 Verfallsmensch, der mit Grazie verfällt. Weniger am rechten
212 2074 1378 2125 Platze stand Herr Busch als Max; er wußte diesem realisti¬
209 2114 1388 2183 Spötter nicht viel anzufangen und gab eine Rolle statt eines
237 2230 1400 2300 Menschen; erst in der „Episode und in der Schlußszene mit
245 2264 1403 2326 lona gewann er die trockene und nüchterne Ueberlegenheit, die der
236 2310 1398 2366 Gegenspieler des Anatol haben muß. — Nun zu den „füßen
239 2344 1400 2412 Mädeln! Die schönste und feinste, die echteste ist eigentlich die,
237 2387 1403 2460 die man gar nicht zu sehen bekannt, von der man nur hört, daß
237 2426 1395 2496 sie auf der Treppe steht, Anatol erwartet, ihn küßt und sagt:
230 2474 1401 2534 Ich bin so froh, daß ich dich wieder habt. Darin liegt eigentlich
236 2508 1397 2571 der ganze Inbegriff des „Wiener Mädels" und an diesem Bilde
230 2553 1398 2603 gemessen blieben so ziemlich alle Vertreterinnen dieses Type
237 2595 1398 2631 gestern dem Dichter etwas schuldig. „Süß war keine. Der un¬
232 2627 1397 2693 definierbare Hauch, das „Fesche, das „Wenner sche", das einzig
235 2667 1392 2738 Herr Hühner hatte, fehlte den Gestalten um ihn. Fräulein
229 2704 1394 2776 Nötigen fand sich als Cora mit der verhältnismäßig leich¬
232 2751 1398 2810 testen Aufgabe gut ab; der Gabriele kam Fräulein Stucke¬
230 2794 1389 2845 rings repräsentat ve Anmut zu gute; leider unterstrich sie die
227 2831 1391 2892 Schlußworte allzu deutlich. Ein Mißgriff der Spielleitung war es,
230 2869 1391 2928 Fräulein Reigbert die Annie zu geben; sie hatte enige gute
233 2910 1389 2968 Momente, aber ihre Munterkeit wirkte aufgesetzt, nicht recht an¬
233 2951 1389 3005 steckend und sie versuchte vergeblich, durch Fahrigkeit
233 2994 1391 3041 und unruhiges Wesen Temperament vorzutäuschen. Was
233 3028 1386 3086 sie gab, war mehr berechnet, als erlebt, auch vermißte man
230 3077 1386 3123 die Steigerung und die brutale der Schlußszene
233 3114 1391 3165 fehlte gänglich. Fräulein Starkoff gab sich als Bianca sehr
224 3155 1389 3205 natürlich; sie fand einige intime Nüancen und beherrschte als
226 3187 1392 3248 einzige den Dialekt; leider widerfuhr ihr zu Beginn das Miß¬
233 3242 1398 3298 geschick eines bösen Versprechen. Fräulein Scheurich ist eine
232 3276 1389 3336 Künstlerin, die in seltenem Maße Temperament und Intelligenz
223 3310 1398 3387 vereinigt, sie hatte sich als Flona auch im Affekt straff in der
227 3357 1391 3407 Zucht und ließ eine reiche Skala psychologisch sorgfältig
220 3395 1385 3462 studierter, gleich verteilter und gesteigerter Karstehungswerte
221 3435 1379 3497 spielen. In ihrer Maske hätte sie einen Ton solider sein dürfen
220 3474 1395 3540 Man amüsierte sich drei Stunden lang sehr, ein erfreulicher Be¬
218 3519 1395 3568 weis, wie dankbar die Hörerschaft auch für eine Darbietung ist,
218 3546 1009 3643 de mehr bedeutet als bloße Unterhaltung.
1931 1555 2789 1640 als den Manne noti¬
2033 1636 2797 1748 für
1746 1786 2745 1870 Die entgegeben
1684 1884 2783 1979 dental folge einer
1684 1960 2814 2065 entsterne Lande und
1671 2049 2785 2176 Anatole Hochzeitigen
1686 2167 2676 2266 auf den unmündigen
1711 2229 2705 2356 and freunden denen
1712 2323 2797 2440 gestanden del und enfin
1693 2413 2770 2534 ing at denen Anton
1698 2499 2735 2633 an alle sendes und
1686 2606 2766 2741 ge gjeringen an
1693 2698 2630 2805 and
1729 2789 2801 2912 die desen anfallen binnen
1715 2888 2804 3016 ingen den gegen Seele
1720 2980 2801 3121 in die Hand, moeten
