3484 4256
1440 130 1798 248 box 8/5
313 140 1200 258 4.9. Anatol - Zykle
1119 811 2746 895 228 Paul Oskar Höcker: Die Berliner Bühnen.
1114 866 1918 946 ungern dafür. Und der zweite Rang
1959 881 2746 954 zert“ von Hermann Bahr veranlaßte Lin¬
1114 936 2744 1005 und die Galerie ist selbst mit Freibillettlern dau außerdem, desselben Verfassers „Kram¬
1117 978 1613 1053 nicht mehr recht zu füllen.
1948 995 2746 1049 pus“ für den urkomischen Vollmer aus
1161 1019 1914 1094 In diesem Zustand des Übergangs, da
1942 1039 2746 1090 der Kanzlei herüberzuholen. Das Bühnen¬
1114 1072 1920 1139 die Jungen alt und altmodisch geworden
1948 1088 2746 1139 haus, das im letzten Menschenalter Mat¬
1121 1125 1922 1182 sind und die neuen, temperamentvollen
1950 1135 2746 1200 kowsky, Mitterwurzer und Kainz gesehen,
1117 1173 1914 1237 Talente, derer es jetzt bedarf, noch fehlen,
1946 1186 2744 1245 gehört nun einmal einen Winter lang den
1108 1216 2739 1287 machen die Bühnenleiter die komischsten beliebtesten komischen Kräften Berlins.
1121 1271 1912 1324 Verrenkungen. Mit zärtlicher Behutsam¬
1942 1279 2744 1338 Da daneben für die Bildung unseres Nach¬
1117 1322 1920 1387 keit buddeln sie dramatische Leichen und
1946 1336 2748 1391 wuchses reichlich Klassikervorstellungen in
1121 1367 1914 1426 Scheintote aus den Gräbern aus, an denen
1942 1379 2227 1442 rechtschaffener
2259 1379 2548 1444 Einstudierung
2591 1381 2739 1440 heraus¬
1117 1409 1920 1501 sie selbst vor zwanzig, dreißig und vierzig
1946 1436 2744 1509 gebracht werden, müssen wir uns zufrieden
1314 2837 2512 2927 Paul Wegener als Sdipus. Photographie von Zander & Labisch in Berlin.
1102 2914 1893 2984 Jahren die Grabreden gehalten haben.
1922 2916 2721 2998 geben. Große Ehrgeize haben den Gen¬
1096 2979 1889 3040 Das muß ausgerechnet Paul Lindau pas
1924 2988 2528 3040 darmenmarkt ja nie beunruhigt.
1104 3024 1895 3083 sieren, daß er Roderich Benedir wieder zu
1973 3028 2723 3081 übrigens — sie schlafen auch am Fried¬
1098 3077 2715 3138 Ehren verhilft! Benedir ward an seinem rich=Karl=Ufer, wo einst die Revolutions¬
1090 3118 1893 3191 hundertsten Geburtstag wieder spring¬
1924 3134 2721 3193 schlachten der Freien Bühne geschlagen
1096 3171 1893 3232 lebendig. Die köstliche Anna Schramm,
1922 3181 2715 3242 wurden. Denn die „große Tat" des Lessing
1088 3223 1891 3287 die ehemals so furchtbar nette, gab den
1928 3226 2680 3280 theaters war bis zum Weihnachtsfest
1096 3270 1889 3323 „Störenfried, das Urbild aller deutschen
1918 3270 2715 3331 die Verführung des guten alten „Anatol“.
1094 3319 1877 3378 Lustspielschwiegermutter, von dem sich
1965 3323 2727 3386 Arthur Schnitzlers „Frage an das Schick¬
1090 3368 1883 3427 Generationen von Schwankfabrikanten er¬
1930 3370 2719 3431 sal", „Weihnachtseinkäufe", „Abschieds¬
1090 3411 1883 3468 nährt haben. Der vorjährige Erfolg der
1924 3423 2725 3484 souper", „Episode" und „Anatols Hoch¬
1092 3463 1887 3547 harmlos trefflichen Komödie „Das Kon¬
1922 3461 2725 3529 zeitsmorgen" zeigen das gemütvolle Lebe¬
