3248 4256
1229 148 1586 238 box 9/4
105 154 614 257 4.9. Anatol
848 155 934 257 k.
1229 385 1730 482 OBSERVER
1497 475 2067 533 österr. behördlich konzessioniertes
1468 515 2066 565 Unternehmen für Zeitungs-Ausschnitte
1462 556 2073 600 Wien 1, Wollzeile 11, Telephon R-23-0-43
245 532 1032 645 „OBSERVER
324 624 983 692 I. österr. behördl. konzessioniertes
297 669 1013 739 Unternehmen für Zeitungs-Ausschnitte
1220 695 1982 780 Ausschnitte von
363 729 946 820 WIEN, I., WOLLEILE 11
424 787 872 856 TELEPHON R-23-0-43
1531 871 1976 995 11. Okt. 1935
226 896 580 1010 Ausschnitt aus;
1219 932 1340 1001 vom
378 949 916 1073 der Morgenzeitung
442 1016 798 1131 Mähr. Catran
1219 1077 2006 1189 SCHNITZLER PRODUCED
218 1140 350 1194 vom
1422 1150 1787 1238 IN LONDON
1274 1208 1982 1300 The Management of the Gat¬
429 1186 813 1349 22
1216 1250 1988 1338 Theatre in London announce that they
1211 1303 1984 1370 propose to produce this season a cycle
1210 1341 1991 1406 of Schnitzler’s Anatel dialogues. This
1219 1380 1988 1459 will mark the first English presentation
279 1338 1105 1479 Deutsches Theater, Mähr. Ostrau.
1208 1412 1984 1497 of these thoroughly Viennese scenes
511 1437 741 1503 „Anatol.
1207 1453 1987 1534 The famous dramatist, Granville Barck.
223 1474 1095 1545 Arthur Schnitzlers „Anatol"-Szenen sind heute
1213 1491 1981 1565 has adapted the scenes for the English
167 1513 1095 1582 eine Art kulturhistorischer Studie, Lebensmärchen aus
1214 1539 1978 1615 stage. It is a rather astonishing fact
158 1554 1092 1621 einer anderen Welt. Der ästhetisierende Jüngling
1213 1576 1978 1654 that Schnitzler has so far received but
158 1589 1089 1645 und von Schopenhauers Pessimismus angekränkelte
152 1624 1093 1677 nur dem vornehm=kultivierten Lebensgenuß zuge¬
1201 1621 1981 1691 scant attention by London producers
155 1658 1086 1716 neigte, sich selbst ironisierende Charmeur ist im Zeit¬
1201 1666 1973 1724 and that only after his death appre¬
151 1691 1087 1754 alter der modernen Sachlichkeit einfach unmöglich;
1202 1709 1975 1763 ciation of his works began to dawn in
151 1736 1095 1791 ebenso wie das süße Mädel“, diese Sumpfblüte
1195 1731 1976 1806 England. It was the Gate Theatre, it
151 1757 1092 1827 einer dekadenten Gesellschaftsperiode, schon längst
1201 1781 1972 1840 will be recalled, which at the time per¬
152 1792 1093 1858 ausgestorben ist und raffinierteren, vor allem weni¬
1198 1812 1972 1879 formed Schnitzlers much discussed
151 1831 1084 1890 ger fraulicheren Typen das Feld geräumt hat. Di¬
146 1875 1080 1919 „Anatole-Szenen verlangen daher gebieterisch auch
1207 1857 1970 1931 Reigen“. In addition to Schnitzler, it
157 1893 1083 1955 im äußeren Rahmen das Zeitkolorit. In sorgfältiger
1189 1884 1970 1970 is intended to produce on the same
154 1924 1080 1991 Vorbereitung (Paul Marx) wurden die vier besten
1192 1942 1972 2023 stage works by other Austrian authors
152 1967 1081 2014 — und auch heute noch wirksamen — Szenen zu schö¬
1186 1973 1905 2061 in the course of the coming season.
155 1997 1083 2054 ner Aufführung gebracht. Karl Hödl ist zwar nicht
145 2027 1074 2093 in allem der Anatol Schnitzlers; er ist aber ein sehr
139 2078 1074 2123 angenehmer Plauderer und Träumer, hinter dessen
146 2096 1073 2157 Erwachen immer dramatische Entladung mitschwingt
149 2129 1077 2190 Umso vollsaftiger und kerniger ist sein Gegenspiel
148 2164 1070 2224 Max, den Walter Szurowy mit einem in jedem Ko¬
149 2199 1076 2256 stüm wirkenden, herzhaften Humor mit satirischen
149 2235 1078 2287 Einschlag spielt. Susi Witt unkleidet mit dem
140 2268 1067 2317 Charme der tändelnden Wienerin die flatterhaft¬
1173 2259 1896 2372 CASINOS IN OSTERRE
143 2300 1077 2356 Cora, Trude Rosen ist hausbacken humor voll als
140 2335 1077 2391 Annie in „Abschiedssouper und läßt, wenn einmal
1261 2339 1906 2415 Baden / Salzburg / Semmering
136 2371 1067 2429 der konventionelle Zwang gefallen ist, das ganze
1165 2387 1908 2463 Roulette — Baccara — Chemin de
139 2408 1058 2459 Register des ursprünglichen Weibes abrollen: Ver
139 2438 1067 2495 liebtheit, Opferbereitschaft und — robuste Vorstadt¬
1162 2454 1912 2526 Österreichische Casino A
134 2480 1067 2523 manier. Als Ilona in „Hochzeitsmorgen stürmt sie
137 2510 1067 2559 mit dem Feuer einer Pustadirne auf ihren Gatten
1168 2492 1919 2571 Wien III, Schwarzenbergplatz
134 2542 1061 2586 ein und zwingt ihn so, wieder auf den Ausgangs¬
130 2583 1061 2628 punkt seines „Reigens" zurückzukehren. Der monda¬
128 2611 1064 2657 non Frau der „Weihnachtseinkäuse", die aus Furch
1150 2602 1661 2704 „OBSERVER
128 2650 1055 2695 bei der Gedanken ünde bleibt, gibt Friedl Wal¬
131 2686 1065 2725 anheimelnde, in Wehmut verhauchende Züge. Das
1389 2666 1940 2756 1. österr. behördlich konzessionie¬
128 2713 1055 2763 Publikum geht mit; nahm mit freudiger Dank¬
1386 2734 1948 2793 Unternehmen für Zeitungs-Ausschni
131 2750 1067 2808 barkeit diese köstlichen Erlebnisse einer untergegan¬
1389 2766 1951 2822 Wien 1, Wollzeile 11, Telephon R-23-0-
131 2784 1058 2853 genen Zeit hin, freute sich und spondete den Darstel¬
125 2819 575 2881 lern anhaltenden Beifall.
1140 2911 1456 2985 Ausschnitt aus
1274 2974 1879 3059 Neues Wiener Journal, Wien
1131 3140 1270 3203 vom
1464 3150 1707 3246 9. OKT.
1046 3288 1993 3398 Schnitzlers „Anatol" in London.
1619 3385 2073 3457 London, im Oktober.
1013 3412 2105 3506 Das Gattheater beabsichtigt in dieser Saison einen
913 3463 2105 3557 Zyklus der „Anatol"-Dialoge von Schnitzler zur englischen
913 3512 2102 3601 Erstaufführung zu bringen. Der berühmte Dramatiker Granville
904 3569 2103 3651 Barker hat die Szenen für die englische Bühne bearbeitet. Bisher
901 3601 2099 3696 wurde Schnitzler von den Londoner Bühnen nur sehr stief¬
907 3660 2097 3745 mütterlich behandelt, merkwürdigerweise kommen seine Werke
898 3700 2094 3793 hier erst seit seinem Tode zur Geltung. Mit „Anatol“ beginnt
898 3737 2094 3837 das Gatetheater, das seinerzeit schon den „Reigen“ heraus¬
901 3806 2091 3896 gebracht hat, eine abwechslungsreiche Saison, in der auch eine Reihe
892 3855 1888 3926 anderer österreichischer Autoren aufgeführt werden soll.
2118 1441 2932 1545 WIENER MESSE
2150 1533 2898 1597 8. bis 14. März 1936, Technische und
2144 1582 2914 1643 Landwirtschaftliche Messe bis 15. März
2139 1619 2917 1683 Auskünfte aller Art erteilen die ehrenamtlichen Ver¬
2147 1660 2911 1713 treter der Wiener Messe in allen größeren Städten der
2145 1695 2916 1757 Welt sowie das Zentralbüro der Wiener Messe-A. G.,
2363 1725 2705 1778 Wien, VII., Messepalast
2120 1803 2953 1915 OBSERVER GRATIS
2175 1900 2946 1958 I. österr. behördlich konzessioniertes Unternehmen für
2175 1936 2958 1987 Zeitungsausschnitte, Wien, I., Wollzeile 11, Tel. R 23-0-43
2115 2118 2438 2194 Ausschnitt aus:
2102 2178 2865 2276 Tages-Anzeiger, Zürich,
2400 2287 2759 2377 III. 1934.
2126 2335 2226 2409 vom
2230 2403 2723 2477 Brief aus Wien,
2300 2478 2923 2574 Otto Erich Deutsch.
2154 2536 3031 2614 In der kleinen Filialbühne der Burg, dem
2099 2599 3028 2654 Akademietheater, wurde jüngst auch ein neuer
2099 2635 3025 2690 Shaw. Die Millionärin, zur Uraufführung ge¬
2096 2674 3019 2737 bracht; aber da war der Schaden nicht so groß
2093 2713 3032 2766 wie etwa bei Schnitzlers Anatole, der hier
2102 2751 3023 2804 schlechter gespielt worden ist als in einem der
2096 2793 3026 2852 besseren Vorstadttheater. Aehnlich ist es meist,
2099 2826 3025 2884 wenn sich das Burgtheater an Raimund und Ne¬
2085 2865 3028 2931 stor heranwalt, die eher noch in den Landes¬
2093 2907 3041 2985 hauptstädten als in Wien geeignete Darsteller
2093 2955 2259 3007 finden
