3436 4256
237 150 576 250 4.9. An
1350 129 1698 223 box 8/5
689 138 1154 223 Zyklu-
503 1087 1553 1154 rungen sind jetzt von der Organisationen, dem soge¬
503 1144 1560 1204 nannten alten Verband (sozialdemokratisch), dem Ge¬
508 1189 1564 1245 werkverein der Bergarbeiter Hirsch=Dunckerscher Rich¬
505 1242 1565 1310 tung und der polnischen Berufsvereinigung erhoben
508 1298 1564 1359 worden. Neben diesen Organisationen hat eine Ver¬
505 1351 1551 1415 trauensmännerversammlung des Gewerkvereins christ¬
503 1407 1553 1470 licher Bergarbeiter Deutschlands selbständig eine Ein¬
503 1459 1560 1515 gabe dem Zechenverband eingereicht, in welchem ver¬
505 1516 1563 1585 langt wird, „soweit wie möglich eine den Verhält¬
503 1572 1560 1636 nissen entsprechende Aufbesserung der Löhne der
500 1621 1553 1678 Arbeiter unter und über Tage vorzunehmen“. Be¬
612 1718 1440 1819 Artur Schnitzler: „Anatol“.
583 1830 1499 1910 Erstaufführung im Lessing=Theater.
496 1946 1563 2019 Das Herz geht einem auf, gedenkt man dieses Abends.
503 2006 1556 2055 Wieviel Entzückendes. Wieviel Lachen, wieviel
496 2052 1333 2112 Leisheit, — und wie sehr beides gemischt.
541 2096 1557 2159 Anatol... War es nicht gestern, daß er uns in die
496 2148 1556 2201 Hände fiel; daß jüngere Menschen überrascht einen
505 2194 1555 2252 Spiegel ihres Lebens in hundert Seiten fanden?
505 2242 1561 2297 „Ich fraß dieses Buch. Und alles, was dem elenderen
505 2293 1563 2354 Teil unserer selbst, dem Kritiker, widersprach, das fraß
504 2339 1551 2402 ich schließlich mit.“ War es nicht gestern? Wer weiß,
505 2393 1561 2439 Der Artur ist längst ein Klassiker geworden. Im
503 2437 1560 2496 Mai wird er neunundvierzig. Kinder, Kinder. Ich
515 2490 1561 2546 sehe die frühe Buchausgabe; „1893. Verlag des
503 2532 1560 2591 Bibliographischen Bureaus Alexanderstraße 2". Ein
496 2586 1552 2640 Klassiker ist er längst. Im Mai wird er neunund¬
499 2635 645 2697 vierzig.
539 2660 978 2756 Doch, es war gestern.
539 2760 1563 2840 Das Herz geht einem auf beim lustigen Gedenken
499 2844 1555 2901 dieses Abends. Dieses Lachens; dieser Zauderungen;
496 2885 1555 2946 dieser Ironik; dieses Verstummens; dieser Stöße; dieser
500 2930 1553 2987 Holdheit; dieses Betrugs; dieses Fragens; dieses Zer¬
505 2985 1561 3040 fließens ... Gestern? Heute, morgen, übermorgen.
545 3035 1555 3080 Wie dachte man sich das damals? „Lautlos öffnet
496 3064 1560 3140 ein blasser, eleganter Herr die Tür und blickt hinein
1625 1073 2685 1149 ale burgerichen Pankin hän laiwoi-
1627 1133 2684 1214 dingt dieses eine scharfe grundsätzliche Stellung gegen
1625 1198 2685 1261 die Sozialdemokratie, welche von dem sogenannten
1629 1250 2679 1317 alten Verbande die eifrigste Förderung erfährt. Häufig
1624 1302 2683 1361 bringt das Verbandsorgan Artikel zur Förderung der
1631 1359 2689 1431 sozialdemokratischen Bestrebungen; in Ergänzung
1625 1408 2685 1467 dieser Taktik werden die bürgerlichen Parteien her¬
1631 1466 2684 1526 untergerissen und an ihnen kein gutes Haar gelassen,
1633 1516 2685 1579 so daß bewußt und systematisch der Eindruck erzeugt
1625 1576 2680 1633 wird, als sei die Sozialdemokratie die einzige und
1628 1623 2677 1684 beste und uneigennützigste Vertreterin der Arbeiter¬
1621 1720 2684 1777 mit melancholisch-witzigem, etwas müden, aber innigem
1627 1773 2684 1829 Ausdruck.“ War es so, Herr Monnard? Es war
1625 1826 2683 1874 vielleicht besser... Auffassung? Ich habe mehr als
1625 1870 2685 1930 einmal folgendes wörtlich betont: „Verfehlt scheint
1619 1913 2683 1974 mir, allzuviel von Auffassung einer Rolle zu sprechen.
1628 1964 2684 2019 und in der Kritik ein Gequatsche zu machen über das
1629 2014 2687 2076 System, das der Künstler nie gehabt hat. Wir
1625 2062 2683 2115 wissen, daß der die Dinge meistens so bringt, wie
1628 2113 2684 2168 er sie mit seiner Technik am besten hinlegen
1625 2163 1734 2216 kann.
1815 2159 2683 2217 Und ich wünsche nicht, nachträglich
1625 2208 2683 2274 eine Theodize seiner Seifenblasen: sondern eine
1631 2257 2683 2320 Feststellung dessen zu geben, was er hinlegte, heraus¬
1619 2310 2685 2354 kriegte, machte"... Oder: „Völlig auf einem anderen
1619 2353 2683 2409 Blatt steht die Frage nach jenem Erinnerungsbild,
1621 2399 2685 2453 das er — wollend oder nicht — kraft seiner ein¬
1631 2447 2683 2512 geborenen Beschaffenheiten, kraft seiner Instinkte zuletzt
1617 2506 2681 2566 doch hinterließ. Was bei seiner Technik und bei seiner
1621 2547 2088 2617 Natur schließlich kam."
1661 2583 2684 2657 Also was gab der Schauspieler Monnard? Es
1625 2641 2677 2696 war ein Vorteil, daß bei Brahm die Lyrik nur leicht¬
1625 2695 2677 2752 hin, und mehr durch die Frauen, dämmernd erhellt;
1619 2738 2677 2801 daß Schalkheit, Skepsis, Drastisches funkelnder bestrahlt
1619 2798 2675 2848 wurde. So war an dem Liebeskoster, dem Suchenden,
1619 2842 2677 2895 dem Anatol, mit versunkener Ergötzlichkeit gezeigt,
1621 2885 2677 2945 worin er auch eine Wurzen ist... Die Musik war
1688 2931 2680 2989 nicht von Schumann, sondern ein Gemisch von
1621 2978 2673 3035 Schumann und Offenbach... Eine Wurzen; eine
1619 3034 2675 3086 ungezogene Wurzen; eine seelenschleckerische Wurzen in
1621 3080 2680 3164 der Mitte. Nicht zu zart. (Schumanns Töne klangen
2753 1073 3305 1160 wird.
2758 1145 3302 1217 Wirtschaftslebens kann unab¬
2761 1196 3309 1262 für die ganze Nation, ebenso
2758 1246 3305 1326 und patriotischen Standpunkt
2756 1303 3309 1365 wenn durch die Sozialdemok
2745 1357 3297 1432 Maße Abneigung und Haß
2753 1408 3304 1474 land in dieses Riesenart
2745 1463 2911 1530 werden.
2792 1506 3317 1589 Für die Beurteilung der
2746 1565 3314 1631 vereins christlicher Bergarbei
2749 1623 3313 1690 den Mitgliedern gebilligte H.
2746 1724 3293 1782 mehr nach Pantalon, nach
2749 1772 3270 1839 Der Leser weiß Bescheid.)
2741 1826 3261 1897 denkt man dieses Abends.
2789 1946 3293 2027 Und der Frauen. Die
2749 2002 3306 2075 Cora... Aber reizend. D
2756 2060 3306 2125 sagen: reizend. Mädel mit
2744 2116 3314 2177 Vielleicht Mädel mit den durch
2749 2160 3317 2214 Nein, beides; beides. Rei¬
2741 2209 3314 2274 Künstlerin ist: den Mädelko,
2744 2256 3314 2318 Als ob man sie erwischt hätt
2741 2306 3309 2369 Magie: etwas Scham, etw
2741 2354 3285 2415 gefressenhaben... Reizend.
2789 2410 3313 2470 Nach der mit den zersto¬
2756 2451 3309 2508 sie von allen, so hier Schn
2741 2500 3312 2563 läßt, am längsten und am lus
2741 2544 3321 2615 die Gabriele vorbei; die Dam
2741 2595 3318 2661 die mit den Weihnachtsein
2749 2643 3266 2701 die den Mut nicht hat;
2741 2693 3325 2760 aus der besseren Welt hinaus
2786 2740 3310 2809 Was war diese Lina Los
2746 2789 3312 2849 Wie fern und wie ahnung
2741 2840 3318 2897 geschehen war dies alles. Es
2746 2887 3317 2954 schattung, leis, eine dunkeln
2744 2934 3321 2991 manchmal; der Widerschein
2741 2983 3325 3054 einer Verfinsterung.... Kein
2742 3032 3314 3112 machung. Es trug sich zu
2734 3080 2951 3149 Himmlisch.
