3296 4224
151 206 667 283 4.9. Anatol
780 206 1111 304 Zyklus
352 1262 1352 1385 Bitte Rückseite beachten!
952 1333 1365 1431 Telephon 12.801.
1141 1439 1271 1525 te
594 1481 1220 1630 BSERVER
351 1599 1409 1711 I. österr. behördl. konz. Unternehmen für
648 1677 1112 1746 Zeitungsausschnitte
369 1710 1409 1826 Wien, I., Konkordiaplatz 4.
762 1789 1018 1851 Vertretungen
366 1805 1412 1905 in Berlin, Basel, Budapest, Chicago, Cleveland, Christiania,
365 1852 1412 1941 Genf, Kopenhagen, London, Madrid, Mailand, Minneapolis,
362 1892 1413 1974 New-York, Paris, Rom, San Francisco, Stockholm, St. Peters¬
762 1950 1040 2017 burg, Toronto.
609 1989 1155 2070 (Quellenangabe ohne Gewähr
377 2017 1398 2142 Ausschnitt aurankfurter Zeitung
573 2144 1037 2231 MAI 1911
378 2181 533 2256 vom
572 2232 1416 2294 en abend von wahrhaftem künstlerischen
301 2274 1407 2348 Gewinn. — Das Schauspielhaus kehrt langsam aber
311 2303 1412 2380 anscheinend systematisch zu seinen alten Penaten zurück.
307 2345 1409 2413 Artur Schnitzlers amusante „Anatole-Szenen zogen
308 2384 1414 2454 wieder einmal vorüber, nicht ganz so wirkungskräftig mehr
302 2416 1409 2492 wie einst, aber doch dankbare Aufgaben für Darsteller, die,
308 2454 1414 2528 wie Herr Waldau oder Frl. Gerhäuser, den Dialog zu
311 2500 1421 2566 pointieren wissen. Dann folgte „Mutter Erde“. Dieses
318 2530 1419 2609 Wiedersehen mit Max Halbe war schon um vieles bedenk¬
315 2569 1421 2642 licher. Das Drama gilt als das beste seiner Heimatstücke,
315 2622 1421 2688 und ist doch in ganz wesentlichen Teilen romanhaft und abge¬
320 2649 1420 2725 standen. „Schaut nur herunter von den Bildern, ihr Väter!
326 2691 1423 2762 Du alter Saal usw. darümmt sich einiges im Hörer.
316 2727 1427 2815 Hoch zu Pferde jagen dann die Liebenden in Nacht und Tod
323 2765 1428 2838 und Schnee und Eis hinaus. Den ganzen Abend lag mir was
323 2814 1409 2877 im Sinn, endlich hatte ich es: „verrauschte Napfkuchenakkorde.
329 2854 1425 2921 Ich glaube, Alfred Kerr hat dies erlösende Wort gesprochen.
327 2881 1428 2959 Die Aufführung ging etwas der aber glatt vorüber. Die
319 2920 1428 2989 rührende Gestalt einer alten Tante bot Frau Prasch=Gre¬
320 2957 1427 3080 venberg die seltsame Gelegenheit, eine feine und ausge¬
316 3017 989 3106 reifte Leistung zu zeigen. E. K.
1261 199 1630 293 box 8/6
1942 657 2262 740 -
1956 789 2902 861 Aus Frankfurt a. M., 5. d., wird uns ge¬
1917 827 2906 899 chrieben: Aus schwül duftenden Taxushecken klingen
1909 881 2905 939 eise Lieder, zärtliche Lippen flüstern von Liebes¬
1905 919 2906 981 wonnen und Sehnsuchtsschmerz, Sommernachtstraum
1902 968 2905 1019 der Seele von vergangenen Zeiten, wo ein Spiel, ein
1902 1004 2905 1068 Tändeln das Leben meisterte — Rokoko Sie sind
1909 1032 2903 1112 zum „Prolog“ geschrieben, die zarten gefühlvollen
1902 1080 2903 1140 Hofmannsthalschen Verse, zum Prolog von
1909 1124 2908 1195 Schnitzlers „Anatol, aber uns sind sie
1902 1162 2908 1240 Epilog, man liest sie wieder, wenn man die fein¬
1912 1217 2906 1264 gewobene Stimmung der flüchtigen Szenen genossen.
1905 1249 2920 1308 Der hiesige Versuch, mit ihm die späte Erstaufführung
1905 1289 2910 1354 des „Anatol“ einzuleiten, bewies es. Das Publikum
1905 1325 2905 1398 war ein wenig verwirrt, es wartete immer noch auf
1908 1374 2910 1432 Taxuslaube und Rokokogestalten, nach dem der Vor¬
1916 1409 2916 1474 hang sich zum letzten Male gesenkt hatte. Die
1909 1443 2914 1508 einzelnen Bilder waren von Oberregisseur
2815 1493 2908 1540 einer
1920 1489 2617 1568 Dr. Heine apart inszeniert.
1912 1540 2914 1594 kleinen besonderen Drehbühne, von weißseidenem
1912 1568 2916 1642 Zwischenvorhang abgeschlossen, bewegten sie sich leicht
1909 1615 2910 1681 vorüber, die „Frage an das Schicksal" als Auftakt,
1908 1655 2905 1717 das wundersam stimmungsvolle „Weihnachtseinkäufe",
1909 1688 2898 1756 das früher hier schon gespielte kecke „Abschiedssouper
1917 1711 2917 1804 die „Episode" und „Anatols Hochzeitsmorgen" als
1909 1787 2910 1844 wirksamer Abschluß. Stark und echt war der Ein¬
1916 1823 2919 1884 druck des so meisterlich gezeichneten zweiten Dialogs.
1912 1865 2913 1923 Hier ging die Inszenierung allerdings in ihrem Be¬
1917 1887 2921 1964 streben nach aparter dekorativer Einfachheit zu weit.
1914 1935 2919 2000 Links und rechts zwei Baumstämme, deren kahle
1924 1985 2917 2053 Zweige sich ineinander schlingen, und im Hintergrund
1914 2026 2919 2084 ein undefinierbares Etwas, das nur eine sehr lebhafte
1924 2051 2916 2126 Phantasie als Weihnachtsauslagen hinter eisblumen¬
1930 2170 2927 2232 bedeckten Glaserkern erschaute. Hier will die Berliner
1932 2222 2927 2275 Inszenierung mit ihrem von Vorübereilenden belebten
1935 2267 2928 2315 Straßenbild an sich entschieden angebrachter erscheinen.
1928 2303 2924 2366 Was mir bei all dem aparten Charakter auch der
1932 2347 2932 2395 übrigen Bilder fehlte, war eben eine gewisse Wärme
1930 2383 2925 2435 der Farben, etwas mehr Abglanz vom Schaumgold
1930 2427 2931 2471 des Rokoko. Georg Lengbach ist der rechte Typus
1927 2470 2931 2514 des Anatol, gestaltungsreich, von jener weichen Senti¬
1928 2510 2924 2569 mentalität, über der der leise Spott und zugleich die
1925 2547 2924 2604 Herzlichkeit des Dichters liegt, und vor allem — ur¬
1932 2588 2131 2644 wienerisch.
2189 2586 2927 2642 Jene heimliche überlegene Ironie
1930 2630 2931 2677 übertrug Arthur Bauer wirksam auf die Figur
1927 2669 2931 2718 des Max. Die Frauengestalten wurden von
1925 2707 2927 2764 Fräulein Wulf, Irmen, Sangora, Urban
1930 2750 2927 2800 und Hartmann mit bestem Gelingen verkörpert.
1935 2793 2934 2855 Der Beifall war nach den Weihnachtseinkäufen, dem
1927 2832 2924 2877 Abschiedssouper und dem Hochzeitsmorgen besonders
1927 2870 2931 2924 lebhaft. — Im Komödienhaus ward man mit
1927 2910 2927 2967 einer heutigen Matinee für Peter Altenberg,
1920 2954 2924 3003 von dem nur den Namen so viele kennen, den so
1927 2997 2924 3046 manche belächeln und so wenige verstehen, „auch
1930 3033 2923 3083 Einer“ von den stillen Träumern, die ihr Lebetag
1930 3072 2919 3124 hinter einem Schatten herlaufen, den sie die „Seele
1930 3113 2924 3160 nennen. Man warb für ihn mit einer Wärme und
1928 3149 2927 3203 Verständnisinnigkeit, wie wir sie aller echten Kunst
1927 3192 2924 3246 und überall wünschen möchten. Eines der kleinen,
1935 3229 2924 3286 zwanglosen und erfrischenden Gesellschaftsbilder bot
1927 3272 2927 3323 den Rahmen, der Inhalt war Gefühl. Es sprach
1927 3314 2921 3365 aus den geistvollen Einleitungsworten die Schrift¬
1932 3359 2927 3408 steller Hermann Sinsheimer aus Mannheim
1932 3394 2927 3442 dem Dichter widmete; es sprach aus dem fein ge¬
1930 3439 2931 3481 wählten Vortragsprogramm, das mit tiefem Empfinden
1927 3479 2927 3528 und trefflicher Nüanzierung von dem Mannheimer
1935 3517 2928 3572 Hofschauspieler Wilhelm Kolmar und unseren be¬
1931 3564 2938 3638 währten heimischen Kräften Traute Carlsen, Er¬
1927 3597 2728 3652 Dumeke, Theodor Loos interpretiert wurde.
2729 3622 2925 3702 M
