3344 4256
306 155 659 237 4.9. An¬
754 128 1017 225 12
1045 150 1216 249 ku
1419 142 1765 231 box 9/1
1475 847 2188 980 Felsenkirchener Algemene
1697 1039 1980 1148 13.10
1302 1112 2249 1276 M. Gastspiel des Düsseldorfer
1511 1232 2064 1331 Schauspielhauses.
1431 1306 2152 1385 „Anatol“ von Arthur Schnitzler.
1288 1342 2300 1428 4 Einakter: Die Frage an das Schicksal. — Weih¬
1331 1395 2271 1483 nachtseinkäufe. — Episode. — Abschiedssouper,
1718 1442 2241 1497 * Gelsenkirchen, 19. März.
1370 1465 2311 1560 Angeregt durch den großen Erfolg und den
1303 1526 2306 1609 regen Besuch der bisherigen Gastspiele veran¬
1309 1569 2307 1660 staltete die Direktion des Düsseldorfer Schauspiel¬
1303 1629 2302 1704 hauses am Dienstag abend eine Vorstellung außer
1309 1661 2311 1742 Abonnement mit der Wiedergabe des Anatol¬
1315 1714 2311 1790 Cyklus von Arthur Schnitzler. Der Autor, der
1312 1755 2311 1832 bisher als Dramatiker nur mit seinem Werk „Die
1313 1796 2311 1877 Liebelei größere Beachtung gefunden und die
1312 1850 2311 1927 stärkste Wirkung erzielt hat, zeigt außerdem eine
1315 1887 2312 1974 besiders glückliche Hand in der Schaffung seiner,
1306 1940 2311 2004 gereicher und bühnenwirksamer Einakter. Hier¬
1311 1969 2324 2059 zu sind auch die 4 amüsanten Stückchen zu zählen,
1312 2028 2311 2093 die den Anatol-Cyklus bilden. Sie bieten in
1315 2077 2317 2146 literarischem und künstlerischem Sinne keinen
1315 2109 2318 2194 großen Genuß, erfüllen aber mit ihrem gesunden
1317 2149 2322 2234 Witz und ihrer teilweise recht pikanten Satire
1327 2196 2325 2283 ihren Zweck, zu unterhalten und das Zwerchfell
1326 2249 2324 2325 zu erschüttern. Das „Wiener Madl" aus der
1326 2286 2327 2371 Vorstadt bietet in seinen verschiedenen Schattierun¬
1327 2326 2327 2413 gen dem Dichter Gelegenheit, das Großstadtleben,
1336 2374 2325 2455 die Psyche des Lebemannes und die der Grisette
1329 2417 2326 2497 in ihren Berührungspunkten und in ihren Gegen¬
1335 2461 2331 2562 sätzen in köstlichen Szenen und Kontrasten zu
1353 2589 2317 2669 hildern. Eine Hypnotisierungssene, ein Weih¬
1352 2641 2324 2710 achtsabend, eine Szene auf der „Bube, und ein
1345 2686 2324 2740 bschiedssouper müssen hierzu eine wirksame
1351 2727 2326 2792 oli liefern, wobei man ohne weiteres den Ein¬
1347 2770 2327 2840 ruck gewinnt, daß der Wiener Dichter aus dem
1347 2815 2325 2878 ollen Leben geschöpft hat. Die Gestalten, die er
1344 2861 2321 2919 auf die Wetter stellt, sind mit kecken, sicheren und
1344 2901 2326 2969 überzeugenden Farben gezeichnet. Die Darsteller
1345 2949 2331 3007 varen mit großer Lust und Liebe bei der Sache.
1333 2994 2335 3051 Der Träger der Titelrolle, Walter Steinbeck,
1333 3039 2326 3094 traf stets den richtigen Ton, ohne sie zu nahe¬
1330 3091 2327 3145 liegenden Uebertreibungen hinreißen zu lassen,
1330 3130 2330 3188 und fand in Rudolf Hoch einen ebenbürtigen
1342 3175 2327 3232 Freund Max. Die Cora der Paula Janower,
1336 3217 2324 3270 die Gabriele der Helene Robert, die Bianca der
1330 3262 2333 3329 Olivia Veit und die Annie der Monika Stöger
1336 3307 2333 3362 waren echte Vertreterinnen des Wiener weiblichen
1336 3360 2333 3408 Vorstadt=Typus. Recht wirkungsvoll war außerdem
1330 3394 2360 3456 die Regie von Dr. Reinh. Bruck. Das Publikum,
1336 3442 2322 3506 bekundete sein Befriedigung in lebhaftem Beifall
