3344 4256
377 98 1097 146 asking her, and she answers him, as she
371 138 1060 187 put it herself, better awake than asleep.
400 170 1087 216 Marguerite Clark played the girl in this
371 207 1087 256 scene. She was simple and unawake as
371 250 1085 294 Hilda was intended a delicate flower that
371 282 846 331 life would some day break.
393 324 1084 373 The second episode takes place in the
370 363 1075 410 friends (Maxis) rooms. Max is expect¬
374 394 1084 437 ing a visit from Blanca, a little lady from
374 435 1082 485 a travelling circus. Anatol and Max read
371 475 1086 515 over Anatols past, for the perpetual lover
376 506 1081 559 has brought a box of his love letters to
368 540 1088 585 bury with Max. One of the souvenirs was
371 571 1084 629 from a charming girl whom he found in a
368 609 1084 657 circus show. Blanca comes in. It is Max
364 648 1085 698 Blanca, formerly Anatols. Anatol greets
364 676 1072 742 her with revived pleasure. She has for¬
367 726 1078 779 gotten him. Gail Kane plays Bianca.
371 761 1076 808 Miss Kane was wonderfully arrayed. She
365 799 1075 850 might have represented a Chopin no¬
364 838 1072 884 turne, but it would take more than imagi¬
359 870 1076 918 nation, it would take brute force, to make
365 907 1070 959 one realize that she belonged to the cir¬
358 943 1075 1019 cus. And Miss Kane has no force, not
361 979 714 1024 even civilized force.
385 1013 1071 1068 In the Fall Supper,
362 1056 1075 1110 where Anatol is seen parting from Mimi,
358 1086 1075 1139 his love from the opera, Doris Keine
358 1125 1078 1165 gives a splendidly colorful representa¬
359 1162 1069 1215 tion of a won who has no back¬
359 1198 1069 1239 ground but plenty of foreground in the
359 1227 1069 1276 way of her own bounding personality.
362 1273 1074 1320 Reckless and extravagant in her likes
359 1312 1074 1361 and dislikes, she is about to leave Anatol,
367 1343 1075 1399 who represents the luxury of life, to
368 1375 1079 1421 marry a poor violinist. Hungrily and
365 1418 1069 1459 wistfully she cats her last expensive
358 1451 1069 1499 dinner. Love is making a mockery of
365 1491 1069 1540 her, but she submits to the joke. Miss
361 1523 1006 1572 Kane's acting is an artistic treat.
385 1562 1072 1616 In the fourth love affair, which takes
364 1604 1066 1654 place in a street before a flower shop on
365 1638 1069 1682 Christmas Eve, Gabrielle, who is intended
365 1675 1067 1716 to be the finest woman of them all, shows
362 1706 1069 1756 that Anatol really woke something in her
356 1750 1063 1801 one everything in fact but trust. He
362 1785 1069 1825 was ander, not only with life, but with
355 1821 1074 1875 love. Yet the regretted her sensible mar¬
359 1860 1067 1907 riage with another man. Anatol is on his
359 1897 1063 1943 way to one of his vagrant loves. Ga¬
362 1930 1063 1974 brielle sends her an armful of roses.
359 1964 1072 2032 Katherine Emmet was the Gabrielle. She
352 2005 917 2050 played with grace and sincerity.
380 2037 1070 2097 The last scene ends in a riot. Anatol
352 2069 1067 2133 is about to be married. But the night be¬
355 2120 1070 2171 fore his last free night he went to the
356 2152 1064 2205 opera ball and brought home one of the
355 2196 1070 2249 dancers. When she learns that her lover
359 2230 1061 2276 hurrying to des for his wedding she
353 2270 1066 2316 makes have of the furniture. Before the
353 2304 1070 2359 final curtain falls she gathers her nerves
352 2343 1060 2397 and vos vengeance on Anatole happy
356 2380 1066 2437 married life. Thus things are left. Isa¬
356 2419 1070 2465 belle Lee, as the fury lady, banded the
352 2453 1067 2510 furniture about with considerable petu¬
356 2496 1064 2538 lance. Her grief was not wholly con¬
356 2526 487 2578 vincing.
368 2552 1067 2611 John Barrymore and Oswald Yorke
353 2607 1067 2652 played Anatol and his best friend. Mr.
353 2643 1067 2692 Barrymore looked the part agréably. In
347 2686 1063 2722 fact, he was agréable in the part. But
350 2719 1066 2774 he was not the part as it seems to have
350 2758 1064 2802 been intended. Anatol is a mellow,
347 2790 1067 2844 though young, man of the world, who
350 2833 1069 2882 regards love as a serious pastime. He
350 2869 1065 2917 lives in an atmosphere of extremely light
350 2907 1064 2948 come. Life and love for him are a
350 2943 1064 2991 sort of humoresque, Mr. Barrymore does
350 2983 1064 3022 not catch the pose of the part. He plays
344 3018 1063 3064 it more like a boy who takes himself
346 3055 1061 3105 seriously. And then his mannerisma¬
349 3100 1066 3150 they might almost be called mechanism,
347 3134 1066 3174 so precise and inevitable they are. The
350 3174 1064 3218 walk, the carriage, the shaking of the
347 3204 818 3252 head after every sentence.
365 3252 1054 3290 Mr. York was none too satisfactory
341 3285 1006 3329 as Max. He hardly made himself felt.
368 3317 1063 3369 Granville Barker made the adaptation
347 3360 1061 3399 of Schnitzlers play for the English
344 3390 1063 3437 speaking stage. His version was used
350 3438 1057 3481 last night at the Little Theatre. It was
344 3469 1060 3511 unusually free from the flavor of a trans¬
341 3508 1060 3556 lation, and preserved the Continental
346 3548 1054 3610 spirit very well, in spite of some dis¬
344 3581 643 3634 creet omissions.
367 3624 1063 3671 The mounting of the play was in the
341 3658 1063 3710 usual quiet, good taste of the Little.
344 3698 493 3747 Theatre.
1552 169 2116 264 4.9. Anatol
2168 176 2437 271 Zyklu-
1971 385 2491 498 ne
2015 511 2450 637 2
1969 770 2546 897 VERY SMARTRE
2068 901 2681 1005 ANATOLS AFFAIRS
1955 1069 2678 1157 And Very Charmingly Done Are
1978 1128 2630 1224 These Schnitzler Episodes
2063 1211 2583 1284 at the Litte Theatre.
1952 1313 2670 1405 MR. BARRYMORE PLAYS WELL
1948 1433 2673 1526 Good Taste in the setting and Acting
1990 1505 2612 1582 of Miss Emmert, Miss Clark,
2050 1559 2580 1634 Mies Keane, and Miss Lee.
1942 1651 2669 1734 THE AFFAIRS OF ANATOL, a sequence
2003 1712 2282 1752 of five episodes
2318 1716 2667 1755 Arthur Schnitzler,
1997 1742 2666 1798 paraphrased in English by Granville Bark¬
1988 1768 2394 1823 er The Little Theatre.
1943 1789 2669 1834 Anatol. Barmore
1940 1832 2660 1869 Max
1949 1852 2669 1899 Hilda
1952 1879 2669 1914 Bianca Gail an
1943 1905 2648 1937 Minor.
1948 1931 2648 1972 Gabrielle
1937 1984 2666 2064 Frans........................ Albert die
1958 2042 2663 2107 A very smart entertainment la The Af¬
1934 2093 2654 2144 fairs of Anatol at the Little Theatre.
1973 2136 2654 2186 Which is as it should be, of course,
1931 2171 2657 2232 since the title itself involves a sugges¬
1937 2208 2664 2250 tion of something at once particular and
1937 2248 2654 2284 polite. Note at the outset that these af¬
1931 2284 2651 2324 fairs are not of the common order busi¬
1931 2321 2655 2359 ness, finance, polities. Not by any means.
1934 2356 2658 2395 They are the affairs of the heart, or
1940 2393 2657 2435 what passes for it in the peculiary sensi¬
1943 2428 2652 2479 tive organism of this highly be, die, ich
1929 2471 2654 2509 young man. For to have had such af¬
1929 2505 2651 2545 fairs und such surroundings Anatol must
1926 2540 2651 2591 have been one of the aristocracy of
1937 2583 2654 2623 walt," if not of brains. A bit of a
1931 2614 2648 2661 blackguard, too, this same Anatol-the
1926 2653 2651 2705 sort of chap who will kiss and tell and
1926 2694 2105 2742 run away.
1946 2721 2642 2790 All of which is far from making Anatol
1923 2763 2022 2810 dull.
1949 2784 2648 2848 They eliminate two of the affairs at the
1926 2840 2640 2885 theatre, and it is just as well. Indeed,
1923 2876 2642 2924 five of them seem more than enough on
1923 2915 2645 2956 the stage, though, happily, as they are
1923 2947 2645 2992 presented the last is the livelles, and
1917 2987 2642 3031 sends ons from the theatre in a pleasant
1923 3026 2639 3066 state of mind. Therein one sees the
1917 3057 2636 3104 biter bit," so to speak, which is an added
1917 3095 2639 3146 satisfaction to the moralist. And one
1911 3135 2636 3181 may smile at the sight of Anatolafter
1911 3171 2633 3220 a succession of affairs in which one lady
1914 3206 2639 3253 has usually been sent on her way to make
1911 3244 2633 3285 room for the next himself caught on the
1911 3280 2636 3328 hook. This time it is matrimony from
1920 3315 2636 3376 which wiggle as he will he cannot es¬
1914 3355 2036 3403 cape.
1926 3359 2633 3437 It would be difficult indeed imagine
1907 3421 2633 3472 any much better fun than the exhibition
1914 3459 2636 3513 of Anatol on this wedding morn of his
1908 3496 2637 3536 struggling to keep back the secret of his
1907 3533 2624 3578 impending marriage from the blondined
1908 3571 2627 3616 person who has accompanied him home
1905 3606 2619 3656 the night before from the opera ball.
1896 3639 2627 3685 Even in the face of this disregard of the
1905 3680 2609 3728 proprieties, Anatol can justify himself¬
1901 3720 2621 3776 or thinks he can. For he is a sentimental
1899 3750 2331 3796 egoist with all the rest.
1949 3762 2624 3824 It was my opera ball, he says, given
1905 3798 2615 3838 on purpose to say good by to por
1899 3828 2618 3868 cher ende
1899 3864 2624 3890 from fatherin laws, where they all drank
1910 3889 2615 3925 and would
1902 3914 2616 3944 him, and made stupid jokes about the im¬
1899 3943 2619 3981 pending nuptas. After all, one might
1899 3973 2618 4030 find some reason in this for sympathy
1902 4003 2129 4038 with Anatol.
1919 4020 2619 4067 But for those who have neither seen nor¬
1899 4048 2615 4089 read the plays dialogues rather one must
1905 4086 2615 4122 mention that the lady who accompa¬
1899 4112 2613 4147 him home was a long lost (or purposely
2662 178 3008 261 box 9/1
