3436 4256
1396 176 1758 272 box 8/6
920 176 1224 273 Zyklus
663 178 809 256 to
278 178 628 281 4.9. An
387 1614 1689 1676 Hoftheaterleitung selbst ist doch auf Anfrage gern bereit, Aus¬
396 1664 1687 1721 kunft darüber zu geben, ob sich Stücke für die Jugend eignen oder
396 1700 1672 1766 nicht. Daß das Hoftheater solche Sachen in das Repertoire auf¬
400 1745 1671 1805 nehmen kann und soll, ist selbstverständlich. An Schriftstellern
387 1791 1684 1862 wie Schnitzler, Hartleben und Thoma kann unsere Bühne nicht
393 1837 1681 1896 vorübergehen. Aber das Theater ist keine Kinderbewahranstalt.
1157 1884 1608 1964 Walther Günther.
477 1956 1684 2035 Mit der morgen Sonntag den 19. Nov. im Hoftheater statt¬
403 2019 1676 2078 findenden Aufführung von Halevys großer Oper „Die Füden wir
393 2064 1684 2119 dieses im Juni 1909 zuletzt gegebene Werk wieder in den Spielplan
393 2104 1687 2166 aufgenommen. Mit Ausnahme des Eleazar, welchen wie zuletzt Herr
400 2143 1679 2200 Tänzler singen wird, sind alle Partien neu besetzt: Recha: Frau
396 2182 1685 2239 Lauer=Kottlar, Prinzessin: May=Scheider, Kardinal: Herr
393 2224 1687 2279 von Schwind, Fürst Leopold: Herr Kochen, Ruggiero: Herr
403 2258 1682 2324 Mechler, Albert: Herr Bodenmüller. In der kommenden
403 2298 1682 2365 Woche wird dem Kleistzyklus des Dichters „Penthesilea“, das im
400 2341 1684 2407 hiesigen Kleistrepertoire noch nicht enthaltene Trauerspiel, hinzugefügt
446 2389 1687 2451 mit der Erstaufführung des Werkes wird das Hoftheater am Diens¬
404 2423 1685 2491 tag den 21. November, dem 100. Todestag Heinrichs von Kleist, das An¬
403 2462 1682 2522 denken an den Dichter feiern. An Opernvorstellungen stehen im ver¬
400 2504 1681 2565 öffentlichten Repertoire am Montag den 20. Verdis „Rigoletto"
404 2544 1682 2611 am Donnerstag den 23. Strauß „Rosenkavalier" und am Sams¬
400 2586 1684 2648 tag den 25. Webers „Oberon“. Am Sonntag den 26., dem Buß= und
403 2627 1679 2685 Bettag, bleibt das Hoftheater geschlossen. Das Erträgnis der für
403 2664 1689 2734 Dienstag den 28. geplanten Aufführung der Operette „Orpheus
403 2708 1682 2771 in der Unterwelt“ von Offenbach ist für die Hoftheaterpensions¬
400 2755 1682 2810 anstalt bestimmt. Für die nächste Zeit sind außer den beiden neuen
404 2785 1685 2853 Opern „Der verlorene Sohn" und „Der Toreador Auf¬
408 2826 1687 2903 führungen der „Königskinder“, von „Bajazzo“ und „Caval¬
400 2878 1540 2962 leria rusticana“, von „Lohengrin" u. a. vorgesehen.
814 2957 1283 3049 Bunte Chronik.
495 3036 1687 3109 Die Zunahme des Straßenverkehrs in der Großstadt.
403 3086 1681 3146 Eine interessante Statistik über die Zunahme des Wagenver¬
396 3136 1685 3191 kehrs in Paris wird im „Gaulois" veröffentlicht. Im Auftrage
396 3174 1687 3240 des Pariser Magistrats ist die Menge der Gefährte aller Art ge¬
403 3209 1690 3308 zählt worden, die an einem bestimmten Punkt zwischen 3 und
408 3251 1689 3326 7 Uhr nachmittags eine Woche lang vorbeikommen. Die Ver¬
425 3295 1690 3369 leichszahlen mit früheren Jahren veranschaulichen deutlich das
427 3345 1692 3436 wachsen der Wagenmenge. An der Ecke der Rue de Rivoli und
1719 1601 3000 1676 Rue de Sébastopol kamen 1908: 33 993 Gefährte vorbei, 1910:
1727 1651 3000 1719 3758. An der Straßenkreuzung am Hotel Drouot 1908: 57 409,
1726 1697 3007 1757 1910: 82326. An einem bestimmten Punkt der Champs Elysées
1726 1744 3005 1805 wurden 1908: 45 719, 1910: 71 233. Im Ganzen ergibt sich, daß
1727 1784 3004 1850 der Wagenverkehr innerhalb der zwei Jahre von 1908 bis 1910
1726 1823 3002 1894 genau um 18 Prozent zugenommen hat, also um 9 Prozent jähr¬
1731 1871 3007 1933 lich. Für das Jahr 1911 aber glaubt man schon jetzt in Anbe¬
1726 1917 3007 1980 tracht des überaus großen Automobilverkehrs sagen zu können,
1727 1964 2692 2035 daß dieser Prozentsatz überschritten werden wird.
1816 1999 3007 2083 X Das Vermächtnis eines Zeitungsmannes. In seinem
1726 2064 2997 2127 Testament hat der in diesen Tagen verstorbene bekannte ameri¬
1731 2106 3005 2172 kanische Zeitungsunternehmer und Besitzer der „World", Josef
1731 2150 3004 2213 Pulitzer, eine Reihe ansehnlicher Schenkungen gemacht. Sein
1732 2190 3007 2256 Kammerdiener erhält 400.000 Mark, und der Columbiauniversität
1742 2237 3007 2303 sind zur Gründung einer Journalistenschule 4 Millionen Mark
1731 2281 3000 2341 überwiesen worden. Wenn sich die Schule nach dreijährigem Be¬
1742 2324 3002 2389 stehen bewährt, fallen ihr aus dem Nachlasse Putlitzers noch wei¬
1732 2376 3005 2438 tere 4 Millionen zu. Ein Teil der Zinsen dieses Kapitals dien
1736 2423 3000 2478 zur Stiftung von jährlichen Preisen und Auszeichnungen an ver¬
1734 2451 3013 2520 dienstvolle Zeitungen, Journalisten und Schriftsteller. So soll
1739 2497 3009 2573 jedes Jahr die Zeitung, die dem Lande und der Oeffentlichkeit
1739 2543 3009 2607 am besten gedient hat, eine goldene Medaille im Werte von 2000
1739 2593 3005 2648 Mark erhalten. Ein jährlicher Preis von 2000 Mark ist für den
1742 2625 3013 2692 Verfasser des besten Leitartikels, der in einem amerikanischen
1739 2677 3017 2735 Blatte veröffentlicht ist, ausgesetzt. Für die beste Reporterleistung
1739 2716 3010 2782 sind ebenfalls 2000 Mark Prämie vorgesehen. 4000 Mark werden
1739 2766 3017 2845 jährlich ausgesetzt für die besten Vorschläge zur Entwicklung der
1739 2803 3004 2871 Fournalistenschule. Die drei fleißigsten und begabtesten Schüler
1732 2845 3009 2915 der Schule, die am Schlusse des Jahres das Examen mit beson¬
1736 2894 3018 2968 derer Auszeichnung bestanden haben, erhalten je 6000 Mark für
1739 2945 3017 2997 eine Reise nach Europa zum Studium des europäischen Zeitungs¬
1736 2979 3013 3043 wesens und der sozialen Verhältnisse der Alten Welt. Ferner
1742 3026 3007 3085 sind folgende, jährlich zur Verteilung kommende Preise vorge¬
1742 3065 3010 3130 sehen: je 4000 Mark für den besten amerikanischen Roman, das
1736 3104 3010 3177 beste amerikanische Theaterstück, die beste amerikanische Biogra¬
1736 3151 3007 3214 phie, 8000 Mark für das beste amerikanische Geschichtswerk usw.
1736 3188 3000 3253 Außerdem soll ein Zehntel des Reingewinns aus den Pulitzerschei
1752 3235 3012 3305 Zeitungen jeweils an die Redakteure ausgezahlt werden; man
1752 3277 3018 3366 schätzt die Höhe dieser Gewinnbeteiligung auf jährlich rund eine
1732 3337 2035 3408 Million Mark
3055 1622 3153 1697 befor
3054 1684 3153 1744 keine
3051 1726 3156 1782 Chich
3068 1771 3156 1828 schall
3065 1818 3154 1871 find¬
3049 1857 3156 1918 durch
3051 1905 3148 1962 ung
3054 1947 3151 2001 dru¬
3065 2036 3156 2091 fund
3059 2069 3175 2135 Jense
3059 2122 3348 2179 hoher Lehne un
3055 2161 3345 2222 verschiedener
3055 2201 3342 2268 bewirkt, daß an
3068 2250 3329 2319 schläfernder
3059 2292 3330 2353 Platz genom¬
3055 2337 3313 2396 und Räder
3065 2379 3311 2441 schönsten Tre
3065 2425 3301 2488 Innern des
3054 2468 3295 2531 den Schlag
3055 2514 3290 2573 wodurch ack
3059 2554 3284 2617 ladung kom
3059 2604 3275 2658 denen zw.
3059 2645 3284 2704 Weib, die,
3060 2693 3287 2743 Wonnen un
3068 2734 3293 2787 Es ist un¬
3072 2779 3303 2837 scheint der
3060 2818 3288 2879 hoch gegri¬
3065 2863 3301 2924 teure Mode
3068 2903 3319 2963 rühmte Bank
3065 2949 3319 3012 heitskasse kan-
3062 2992 3329 3054 da die Koste
3068 3036 3330 3094 Mitteln könn¬
3062 3080 3324 3144 auch der P
3065 3123 3332 3195 kommt noch
3064 3170 3326 3224 werden kann.
3062 3211 3347 3271 kommen verer
3065 3254 3343 3327 der Selbstmor
