3484 4320
282 177 690 296 4.9. Ana¬
759 192 1199 299 1 Zyklu-
1393 181 1754 277 box 9/2
1259 454 2232 611 Ausschaltung
1437 524 1594 606 15.
1263 590 1402 646 vom
1394 710 2304 846 Bremer Tagblatt
1481 873 2037 983 Schnitzler=Abend.
1126 939 2348 1062 sie denn es im Schulhaus.
1245 1051 2357 1115 Der leichte nerische „Herzenston“ in Arthur Schnitzlers
1179 1097 2345 1146 Einakter ernstesten Probleme des wirklichen tagtäg¬
1176 1140 2350 1192 lichen Erlonnen, ist es, der im Fluge die Sinne der
1179 1169 2348 1227 noch so verschenartigen Zuschauer in seinen Bann zieht. Er
1179 1204 2359 1265 vermag auswesen von der Verseichtung unseres Gemütes
1185 1253 2359 1307 durch die Gesangsposse im Jargon komponierender
1189 1286 2357 1350 Zeitgenos genannt zu einer gesunden Gemüts¬
1179 1323 2353 1387 vertiefung überzuleiten, die wir im Theater bitter nötig
1178 1365 2354 1435 haben und uns möglich, zurückgewinnen müssen,
1182 1413 2365 1484 wenn wir ihne überhaupt irgend eine höhere Mission in
1179 1455 1882 1522 künftigen zuerkennen wollen.
1254 1496 2356 1556 Theaterleitern aufrichtig empfohlen: „Greift
1176 1534 2357 1611 zu Schrektoren, um Euer kunstverbildetes Publikum
1179 1574 2359 1632 von solchen Verblendung zu kurieren; es wird Euch
1185 1618 2360 1679 dankbaren und ohne merkliche Beunruhigung umzu¬
1178 1658 2360 1723 lernen be, wofür man zuletzt immer nur Euch verant¬
1182 1690 2366 1758 wortlich muß!" — Auch das rein „Materielle" findet bei
1187 1736 2360 1795 solchen ebergangsstadium unbedingt eine befriedigende
1185 1793 1333 1856 Lösung.
1263 1790 2362 1879 Damit ste zugleich Schnitzlers Stellung als Dramatiker
1185 1854 2366 1921 unserer Zeit gekennzeichnet sein. Das nur spielerisch Anmutende
1185 1900 2374 1963 seiner geschickt ersonnenen Einakterzyklen, — die Gäste hatten
1185 1940 2368 1996 aus zwei solchen gewählt, — hat doch immer, selbst in dem durch¬
1189 1975 2368 2040 sichtig geschriftstellerten ersten Stück des Abends, einen tief¬
1192 2011 2366 2080 begründeten Lebenssinn. Die beiden Anatolkomödien gliederten
1189 2057 2369 2120 sich logisch aneinander, während die „Frau mit dem Dolche in
1185 2094 2369 2165 diese geistige Reihe vermöge ihres schwermütigeren, romanti¬
1198 2136 2372 2202 sierenden Tones, der Schnitzlers verinnerlichtere Werke kenn¬
1190 2173 2366 2251 zeichnet, schlecht paßte. Emma Debner und Erich Pabst
1198 2219 2371 2278 wußten mit vielseitigem dramatischen Geschick die geforderten
1195 2260 2368 2324 Stimmungsskalen in Ganzen glaubwürdig abzustufen, während
1195 2298 2376 2357 ihr sehndierender Schicksalsgenosse in Gestalt Albert
1195 2340 2148 2409 Illings nicht über das Theatralische hinauskam.
1269 2360 2272 2449 Die Szene in den verschiedenen Stücken war inne
1198 2433 2229 2491 gebaut, besonders im letzten hatte der Spielleiter
1198 2462 2246 2523 Schedlich den historischen Rahmen lebenswert gewahr
1198 2511 2251 2572 etwas stimmungraubende Dürftigkeit der Requisiten
1201 2552 2273 2607 wenig opulenten Abschieds souver ist natürlich ganz au
1201 2613 2054 2685 Konto der Lebensmittelkommission zu setzen
1790 2848 2069 2923 23 MRZ 1917
1502 2913 1978 3008 Triester Tagblatt
1265 2990 2220 3093 Morgenausgabe der Triester Zeitung
1646 3058 1839 3156 Triest.
1420 3328 2278 3412 Das Gastspiel der deutschen Ope¬
1336 3360 2263 3459 fettengesellschaft in Pola. Ueber Ein¬
1333 3431 2266 3537 ladung der Kriegsmarine veranstalter Direk¬
1353 3477 2264 3553 tor Viktor Eckhardt vom 8. bis 20.
1353 3546 2272 3604 April im Ciscuttitheater in Pola ein Gast¬
1361 3573 2261 3655 spiel. Während der Abwesenheit der deut¬
1362 3625 2263 3703 schen Operettengesellschaft von Triest wird
1356 3672 2264 3748 im Edentheater ein deutsches Lustspielensemble
1365 3715 2272 3800 gastieren, welches u. a. Schnitzlers „Anatol",
1992 3768 2275 3825 Auernheimers
1365 3779 1947 3854 Schönherrs „Weibs fel“,
1362 3812 2275 3893 „Die graue Leidenschaft“ zur Aufführung
1361 3870 2272 3934 bringen wird. Noch vor Antritt des Gast¬
1367 3910 2266 3991 spieles in Pola wird Brieux Sittenstück „Die
1364 3971 2043 4041 Schiffbrüchigen" in Szene gehen.
1461 3995 2266 4087 Anmeldung anhankkia
