3436 4320
1368 135 1708 213 box 9/1
250 138 721 209 4.9. Anato
644 147 1071 234 k.
857 732 1601 878 ANATOLS AFFAIRS
857 854 1602 998 SO VERY PLEASANT
848 1048 1592 1121 He Passes Through Five of Them
971 1125 1472 1184 in One Evening at
1063 1169 1369 1245 Little Theatre.
1389 1293 1586 1375 RELAYS
848 1293 1114 1378 AUDIENCES
857 1413 1586 1487 John Barremore is the Man, and a
1001 1470 1442 1538 Fair quintette Mel¬
1113 1520 1326 1590 Him out.
887 1666 1551 1709 LITTLE THEATREThe Affairs of An¬
1001 1698 1553 1753 a sequence of episodes in five scenes.
947 1734 1251 1777 By Arthur Schnitzler.
1102 1764 1317 1835 The Cant.
893 1798 1548 1851 Anatol........................ John Barry
899 1843 1550 1876 Maxw York
899 1869 1544 1899 Marguerite la
899 1890 1544 1927 Bianca. Kan-
899 1921 1557 1954 Mimos en
899 1949 1553 1980 Walter Alfred De Ball
893 1974 1550 2004 Gabrielle Katherine Emme
893 1997 1542 2046 Lonable
893 2024 1565 2073 Franz Albert Edele
1007 2111 1431 2189 By RENNOLD WOLF.
893 2176 1589 2233 A most exciting relay contest between
857 2227 1581 2272 leading women is taking place at the
866 2267 1590 2317 little that the nights. In fact,
863 2310 1577 2370 the struggle is equated in interest only
863 2356 1577 2401 by the relay contest between Winthrop
862 2391 1583 2436 Ames carefully edited and restricted
857 2426 1027 2479 audiences
998 2437 1574 2497 The Affairs of Anatol. M.
866 2494 1575 2531 Amen initial offering of the season at
860 2526 1577 2563 his to play house, no less than five lead¬
866 2560 1580 2603 ing women compete for first honor.
863 2594 1580 2636 Euch is allowed one big scene, after
863 2626 1580 2669 which she takes a curtain call and re¬
866 2659 1583 2701 tires more or less graciously in favor
860 2691 1589 2741 of her successor. Thus do we behold
866 2729 1580 2770 that rare uudistery spectacle of Miss
863 2757 1580 2805 Guil Kane relieving Miss Marguerite
860 2796 1586 2836 Clark, Miss Doris Kenne in turn com¬
863 2825 1583 2867 ing to the rescue of Miss Kane, Miss
860 2864 1580 2912 Katherine Emme taking up the bur¬
857 2892 1577 2933 den where Miss Kenne left off, and
857 2926 1586 2980 finally Miss Isabella Lee bringing the
851 2962 1416 3008 sport to a hilarious conclusion.
899 2979 1586 3035 The scheme of "Anatole must have
860 3026 1584 3073 suggested to Mr. Ames also the idea of
860 3061 1586 3107 dividing first night devotions among a
857 3098 1581 3154 number of audiences. No man knows
863 3127 1572 3176 just when the première of Anto
857 3167 1581 3205 actually took place, unless it be an
857 3194 1583 3233 attache of the little Theatre. Formal-
902 3230 1574 3266 und for publication Mr. Ames opened
857 3256 1589 3318 the playhouse on Saturday night and
860 3294 1584 3340 found it to be in good condition. An¬
860 3323 1589 3368 other opening for critics and invited
863 3362 1577 3411 guess took place last evening, and the
866 3397 1575 3456 general public may apply for seats to¬
860 3431 968 3489 night.
1018 3453 1425 3527 Anson is obvious.
896 3512 1575 3590 But at Saturday's performance only
854 3564 1580 3618 members of the newspaper and theatri¬
860 3609 1577 3668 cal professions made up the complement
851 3653 1580 3709 of 299 persons, regarded as a quorum
857 3696 1583 3755 in West Fortfourth street, and it was
857 3733 1577 3775 whispered that Mr. Aries, with a com¬
842 3767 1574 3812 mandable desire to separate the wheat
857 3798 1581 3844 from the chaff, had given other invita¬
857 3838 1577 3875 tion performes earlier in the week
860 3869 1575 3912 ta friends in social circle who pre¬
860 3901 1574 3938 ferred not to mingle with the ho pollo.
857 3937 1583 3973 inasmuch as Mr. Ames regularly invites
857 3967 1574 4007 his audience to step downstairs during
851 4004 1575 4047 intermissions and partake informally of
857 4033 1583 4077 coffee, the reason for sorting out and
854 4071 1553 4106 classifying the Audiences is obvious.
