3344 4256
698 91 2799 157 in earnest, that they were playing with the ideas which dependence. We done
2830 132 2950 177 Hastin
1770 152 2959 212 lurks in the transaction, or that there was thoughting
695 157 1744 214 the campaign of 1912 has quickened into living forces
703 194 2959 249 that they cared more about exhibiting their own open of buying anybody or of controlling any one. Further it is a
2824 232 2953 274 has
1772 246 2956 300 oder
695 243 1741 297 mindedness than about making their ideas prevail, Bu¬
700 292 2950 346 this inference would be wrong. These men were inspersos motives with nothing more to go on than is a
2850 323 2953 374 In
703 332 2919 397 tensely earnest. In one way or another each of them the facts that the givers were rich men and the recipi¬
703 374 2945 429 is taking an active part in the present campaign. Fach ent candidate simply convicts himself of extreme nar¬
2827 417 2942 466 strong
698 426 1747 486 of them, as it happens, has mastered the art of uniting
1775 423 2802 483 rowness, or partisan prejudice, and of an oversuspi¬
2827 455 2953 492 be a
700 472 2393 526 self-respect wi, respect for other men. Each of them ciousness in every way unworthy.
2824 486 2950 532 brothe
1821 489 2956 572 overnor Wilson and Colonel Roosevelt thus holds di¬
700 517 1744 580 believes his options are tough enough to survive the
2827 552 2959 597 spongi
700 566 1741 615 ablest statement of contrary opinions. Each of them
1770 563 2959 629 the same views with respect to campaign funds and
700 603 2942 660 believes he can fight his hardest even if he does not lose have had practically the same experience. The fund of death.
1770 646 2953 715 one in 1904, according to Mr. Sheldon, was 73½, per
695 655 1286 712 his love of truth and fair play.
2824 680 2959 726 capable
698 700 2953 755 Some day political discussion on the stump and in cent, corporation", the fund of the other, in 1912, was sponge
1772 746 2956 803 8 per cent, corporation." Both men have confidence les
703 752 1744 806 the press may reach this level of candor and courtes,
2824 780 2956 823 their
700 795 2804 846 Some day the public may get tired of the orator or the enough in their own manhood and integrity not to as
2827 812 2956 852 them.
698 835 2953 912 writer who deals only in whitest whites and blackest sume that when a rich man gives to a cause he is try¬
689 878 2962 938 blacks, and who treats courtes, as a weakness. Is it into corrupt its leaders. Both men have not hesi¬
2859 909 2959 958 Then
700 932 2813 983 even certain that this some day isn't today? Is it certated to discriminate among contributors and have been
2867 943 2965 1012 in
700 975 2804 1021 tain that the present low level of public political dis¬ ready enough to turn back funds when there was jus¬
2864 998 2962 1041 er, M
695 1023 1464 1081 cussion is really what the public wants ?
1764 1021 2956 1078 reason to specting. Governor Wilson refused to al¬
1761 1066 2953 1123 low Watterson and Harvey to interest Thomas F. Ryan girl in
2824 1098 2959 1135 while
755 1072 1698 1178 GERMANY AND THE STANDARD OIL.
1764 1115 2962 1172 in his behalf in the same spirit displayed by Theodore argume
755 1158 2962 1209 France maintains a monopoly of tobacco and Roosevelt when he ordered the return of Archbold's con¬ English
2827 1195 2953 1241 forth.
700 1209 2956 1261 matches, Russia of intoxicating liquore, and Italy and tribution. Governor Wilson welcomed the aid of Dodge his ow
698 1255 2962 1312 Japan of various articles. Germany is to enter the and repudiated that of Ryan, just as Roosevelt wel¬
2827 1292 2967 1332 heros
698 1304 2970 1364 monopoly field by taking over the petroleum trade, thus comed the aid of Morgan and repudiated that of Arch¬
695 1344 1192 1415 outing the Standard Oll.
1770 1349 2970 1409 bold. In both instances there was reason for the dif-that the
709 1364 2965 1464 — As soon as the necessary legislation can be put ference of treatment. It is a practical question whether the des
2830 1418 2962 1458 The
692 1429 2965 1498 through the Reichstag (apparently it has been agreed a proffered contribution is to be received or rejected, situatio
698 1492 1744 1541 on a corporation, nominally private but under over¬
1772 1484 2962 1541 It is generally plain enough when the gift is made life
2824 1512 2959 1555 whom
695 1527 2965 1595 ment supervision, will have the sole right to sell ol clearly and when unclearly. Wilson was able to decide are mo¬
700 1572 1744 1629 and il products at wholesale in Germany. The capital
1772 1575 2962 1647 quickly, that he did not want to have anything to do have
2856 1604 2967 1658 In its
689 1607 2947 1678 stock of the concern is to be privately owned, but not with Ryan just as Roosevelt was able to decide quickly is of
698 1664 1741 1718 dividends above the prevailing rate of interest may be
1772 1670 2956 1724 that Archbold had ulterior purposes. Archbold's con¬ rote
2827 1695 2967 1744 Ameri¬
698 1707 2953 1775 earned on the stock. Prices of all are to be read fession and general behavior have sufficiently shown fried¬
700 1755 1744 1818 justed every three months, and four-fts of the profits
1772 1764 2947 1818 that Roosevelt was right. It may be assumed that Wil¬ He is
2830 1804 2950 1844 jaili
703 1807 2587 1864 when prices are at a minimum are to accrue to the son when avoiding Ryan was equally right.
2833 1832 2947 1875 Durin
700 1858 1741 1904 empire. But it is not to gain revenue that the under
1824 1847 2950 1913 Shallo critics may say that it is shown that Wilson re¬
2824 1901 2950 1941 ofte
700 1895 2802 1955 taking is to be launched. It is rather to protect the and Roosevelt are arred with the same brush. The
2827 1933 2950 1973 has hi¬
706 1944 2939 2004 public against trust domination. If there is to be a fair-minded will see that there is tar on neither of of va¬
703 1990 1744 2053 monopoly, say the Germans, the government must prac¬
1772 1995 2807 2053 them. The campaign fund inquiry which began in the
2827 1998 2942 2073 mitte
709 2035 1209 2107 tically own and control it.
1761 2050 2799 2098 malevolent desire to find something smirching to Roose¬
2830 2064 2936 2101 the
738 2055 2936 2161 For twenty years the United States has been playing velt, thus ende fasco. There are limits beyond which he co
698 2115 1744 2198 with the trust question pretending to want to do some¬
1772 2127 2936 2193 partisan cheap se and imprudent slander may not go. Hee¬
2827 2155 2939 2204 of the
700 2178 2933 2227 thing. Nothing has been done, or nothing worth men- These limits are reached when it is disclosed that the pai¬
703 2218 2945 2293 tioning. It is borne in on the public that the presiden¬ cases of Wilson and Roosevelt are substantially parallel,
2827 2258 2945 2298 else
695 2258 2939 2347 tial candidate most likely to be elected in November and that it the one is the beneficiary of tainted money, or
2827 2316 2953 2361 the fir¬
700 2310 2561 2390 intends to keep up this do nothing policy. He has lost so is the other in practically equal degree.
2819 2350 2950 2401 brothe
695 2361 1750 2416 himself in a metaphysical fog and talks of cou¬
2819 2384 2950 2427 a com¬
2021 2387 2536 2470 THE LARGER FIELD.
700 2401 1741 2470 trolling competition while not recognizing monopoly,
2833 2416 2936 2464 given
2830 2439 2959 2490 We all
2130 2444 2436 2501 By Walt Mason.
695 2447 1750 2507 This, of course, is plain enough advertissement that he
2819 2479 2962 2524 be par
1881 2461 2682 2547 (Copyright, 1012, by George Matthew Adame.)
692 2496 1061 2550 has no programme.
2827 2513 2959 2553 No do
1778 2510 2956 2581 Young Bulger in our village grew to manhood, and we dea of
686 2507 1744 2593 Germany, however, has a programme. It may not
1755 2570 2962 2644 thought him sick. Hellin renown before he through, I found
695 2584 1732 2650 be the wisest one, but it is one. It does not fool o
2850 2604 2967 2664 Aca¬
1761 2621 2802 2673 we prophesied, for he's a brick." He held positions here
2822 2627 2950 2687 forms
700 2639 1735 2699 palter with the problem. It says Standard Oll is to
1755 2664 2967 2710 and there, and all employers said the same; he was a bis mon
1772 2684 2799 2730 vouth of genius rare, destined to rise to wealth and fame.
695 2684 1735 2736 and Standard Oil is to go. But Germany must have of
2824 2710 2965 2759 was on
1764 2719 2796 2773 He harvested so great a yield of praise his head began
2819 2736 2967 2779 horror
683 2733 1732 2802 it must have oil as low as it has had it. So striki
1761 2750 2967 2810 to swell; I have to see a larger field," he said; die
695 2773 2967 2844 down the present distributor, it provides another that that very well. A man can't in a village sine his sacrifice
698 2813 2973 2876 it believes will do the work for the same or less. The surrounding hold him down; were same to hides me¬
1761 2847 2987 2904 such gifts as mine beneath a bushe in this town. So
698 2873 2985 2959 is a sense and consistence in Germany treatmeter hook the village grind, and to the city took his other
1764 2922 2956 2970 way, and we old chaps who stayed behind were sure that one he
703 2913 1115 2985 of the trust problem.
1755 2959 2930 2999 he put up much bay. The years rolled on; there came
1755 2990 2996 3039 none of victories that Bulger von Just wait, with
941 2985 1501 3065 ARTHUR SCHNITZLER.
1755 3013 2982 3070 said; we'll bet our shoes he'll make a noise before he's the most
1764 3047 2993 3099 done." We listened for such news in vain, and Bulger like imp¬
752 3036 1735 3107 Arthur Schnitzler is firty years old. When Anate
1761 3076 2802 3133 tother day came back; a brakeman kicked him from the
2827 3087 2985 3142 Cyril
692 3085 1732 3170 as written he was about thirty. Since then he ha-
1761 3110 3002 3159 train and showed him off the railway track, He's work. G. Pot¬
1761 3150 2993 3193 ing now in Pumphead's store and draws less ages, so bully a
703 3147 1738 3208 published nearly twenty volumes dialogues, one-
695 3182 2996 3236 plays, long plays, short stories, and two novels. And they tell, than he was paid five years before, just when during the
1761 3213 2990 3262 his head began to swell. The larger field," poor Bulger was very
700 3230 2790 3293 toi was immediately successful. The Viennes critics sich, still lures the village cum elsewhere; they le
2819 3242 2990 3293 that last
2813 3279 2999 3319 scene
700 3279 2787 3345 spoke of its good humor, its easy impertinence, its touch a land of meat and pies to live on huses and shredded air.
2807 3305 2999 3359 super re¬
695 3330 1752 3393 of melancholy, the light mockery which Schnitzler was
2816 3342 3007 3402 and Arth
1961 3330 2607 3419 Getting at the Bottom of Things.
2850 3370 3007 3430 When a
700 3379 1750 3433 even readier to turn against himself than upon other
1810 3385 2982 3468 Herb Hutchins bung round the mines in Arizona. One Sing is
703 3428 1744 3491 people. All this, they said, is so like Vienna and yet so
2819 3410 3007 3493 stage.
1755 3465 2996 3508 day he got too close to a shaft and fell in. He dropped ters are
698 3468 798 3531 new.
2813 3499 2999 3542 fresh and
1775 3499 2702 3556 125 feet and struck with considerable of a dull thud.
760 3485 1744 3568 So like Vienna and yet so new that is one of the
1812 3508 3010 3576 When they fished Herb up and patched him together a play one
700 3548 2799 3616 thing people say about Schnitzler. For the new they asked him what in thunder he was doing at the mouth
2816 3573 3007 3688 THE DE
700 3599 1998 3659 ness is as new as ever, and has still a little mystery, of that mine
1818 3608 2730 3691 Oh, Herb replied, "I was sort of expertin round.
700 3653 1741 3711 Schnitzler is one of the clearest among writers of Ger¬
1807 3668 2461 3725 "What did you find?" he was asked.
1815 3671 2799 3742 Wal, Herb groaned, the fust twenty-five feet was
703 3699 1747 3751 man, yet his books have meanings which change their
2844 3708 3013 3774 The sec-
2644 3736 2787 3779 in
709 3725 2493 3796 colors in different light, so that only an unsympatheticall the owners claimed, but after that
2819 3754 3010 3814 "The Dau¬
1764 3742 2790 3825 fast I couldn't make no potes."Philadelphia Saturday
703 3796 2030 3856 or an unintelligent reader is ever sure that he, holly Evening Post.
2802 3794 3007 3868 tury. The
2353 3811 2707 3951 t
898 3848 1672 3982 16
