3344 4320
183 219 1130 343 4.9. Anatol - Zyklus
1316 233 1661 330 box 9/5
1300 1072 2520 1158 sche Volksblatte.
1393 1230 2326 1339 Großherzogliches Hoftheater.
1502 1325 2225 1419 Zum ersten Mal: „Anatol".
1571 1396 2135 1483 Von Arthur Schnitzler.
1951 1444 2465 1546 Darmstadt, 10. Februar.
1320 1506 2502 1590 Arthur Schnitzler, dieser feinsinnige Wiener Arzt und
1207 1558 2509 1644 Poet, ist ein wahrer und wirklicher Dichter. Und ein Welt= und
1215 1610 2507 1688 Frauenkenner dazu, d. h. soweit man die Frauen überhaupt
1205 1657 2502 1724 kennen lernen kann. Denn es gibt da ja eine Grenze, und zwar
1201 1703 2501 1770 dort, wo die Frauen anfangen, nicht nur uns Männern, sondern
1210 1742 2507 1819 sich selbst zum Rätsel, zur psychologischen Unergründlichkeit zu
1205 1799 2509 1863 werden. Behandelt Schnitzler in seinen anderen Bühnenwerken
1202 1837 2499 1904 wie „Der Weg ins Freie", „Professor Bernhardt usw. Mensch¬
1209 1876 2494 1943 heitsprobleme, die er mindestens theoretisch zu lösen versucht, so
1212 1918 2497 1990 sind seine „Anatol-Episoden Studien der Frauenseele,
1205 1972 2497 2031 geschürft aus dem Leben eines Träumers, eines jungen Wiener
1205 2013 2501 2073 Lebemannes mit einer weichen, weibischen Seele, in der sich eine
1209 2064 2501 2119 eigene Welt kristallisiert. Und in dieser Welt erschaut der
1201 2093 2491 2157 Träumer Angol alle die Frauen, die er liebt. Er sieht sie nicht
1209 2148 2501 2204 wie sie in Wirklichkeit sind, sondern umkleidet sie sozusagen mit
1202 2186 2502 2258 dem Duft seiner Phantasie und stellt sie in den Blumengarten
1204 2232 2509 2308 seines Traumlebens, in dem sie eine Zeitlang nur für ihn
1196 2272 2506 2344 blühen, um dann in der Erinnerung weiterzuleben. Und wenn
1202 2316 2497 2378 gerade kein neues „süßes Mädel“ da ist, dann nimmt Analol
1205 2373 2497 2422 alle die sichtbaren Angedenken an seine Vergangenheit zur
1197 2416 2501 2462 Hand, alle die parfümierten Briefchen, die verwelkten, zer¬
1197 2453 2497 2514 stäubenden Blumen, die niedlichen Bilder, und wandert durch
1197 2493 2497 2558 den Garten seiner Liebe, an all den Blümelein vorüber, die ein¬
1201 2537 2497 2605 mal nur für ihn geduftet haben, und berauscht sich in der Erin¬
1201 2586 2497 2634 nerung an die wonnigen Stunden, die er in weichen Frauen¬
1196 2628 2497 2692 armen verträumt hat, verträumt in der Welt, die sich seine
1205 2670 2497 2726 Phantasie vorgaukelt, vorgaukelt mit seinen Augen geschaut, und
1192 2708 2501 2780 die doch in Wirklichkeit so ganz anders ist. Aber das sieht Anatol
1197 2765 2499 2822 nicht. Sein Garten der Erinnerung ist nur ein schimmernder
1197 2806 2501 2856 Glanz seines traumhaften Seelenlebens, seiner schwärmerischen
1197 2850 2493 2912 Idealisierung der Frau, und er ist glücklich, unendlich glücklich
1201 2897 2496 2944 in diesem suggestiven Zustand poetischer Innenwelt. Und süß¬
1201 2935 2491 2995 schmerzlich versinkt er in dieser Innenwelt der Vergangenheit,
1202 2985 2497 3034 bis ihn ein neues „süßes Mädel“ zu schöner Gegenwart zurück¬
1201 3028 2491 3075 ruft. Eine neue Blume, die er zu brechen und zu knicken ver¬
1201 3067 2497 3127 meint, wenn sie in seligen Augenblicken der Gegenwart schon
1194 3111 2494 3161 von ihm in den Garten der Erinnerung gestellt wird. Und das
1202 3158 2497 3214 ist das groteske in diesem Traumleben. Anatol glaubt fest, daß
1202 3202 2501 3258 seine Erlebnisse, die für ihn nur Episoden sozusagen in einer
1201 3248 2496 3302 Art moderner Sammelwut für ein Album schöner Erinnerungen
1197 3293 2494 3338 bedeuten, für all seine Leben entscheidende Momente des Da¬
1205 3333 2497 3383 seins sind. In dieser egoistischen Ueberschätzung seiner Person
1201 3382 2491 3427 läßt er sich nicht irre machen und ist förmlich entsetzt und ge¬
1201 3417 2488 3478 nickt, wenn die rauhe Wirklichkeit es ihm anders zeigt. Und
1191 3463 2488 3525 als sich ihm die günstige Gelegenheit bietet, in der Hypnose eins
1197 3509 2494 3584 dieser geliebten „ühen Mädel auf seine Treue zu erproben,
