3296 4224
1189 147 1562 256 box 8/6
793 144 1019 238 yklus
84 144 591 256 4.9. Anatol
13 1567 824 1643 et wird, ist typisch für die Wiener Litera¬
852 1574 2885 1643 herr aufgegangen ist, sich zu stärkerem Glanze ent= vier weiblichen Hauptrollen haben sich Frin. No¬
28 1635 819 1693 die jüngste Zeit; gerade so wie die
852 1638 1840 1701 falten sollte, in Karl Schönherr, dem Dichter von
1868 1640 2870 1711 velly und Frl. Boltény geteilt, und zwar so, daß
13 1683 824 1739 rischen süßen Wiener Mädels, die in der
852 1688 1838 1742 „Sonnwendtag“ und „Glaube und Heimat“
1876 1691 2867 1752 erstere die Bianca und die Annie, letztere die Ga¬
3 1729 826 1797 liebt und in der Vorstadt geheiratet wer¬
852 1736 1843 1795 mit dem für die Wiener Literatur das Morgen¬
1868 1739 2867 1805 briele und die Ilona gibt. Frl. Novelly hatte
5 1782 814 1843 aber doch eine etwas gesundere. Blut
852 1792 1840 1856 rot einer Zeit aufzusteigen scheint, einer Literatur,
1866 1782 2867 1845 einen sehr guten Tag, namentlich im „Abschieds¬
15 1825 811 1886 aufweisen als ihr männliches Gegen
852 1833 1840 1894 die aus dem Volk und seiner Geschichte geboren,
1876 1835 2865 1891 souper entwickelte sie bei aller dezenten Zurück¬
13 1876 816 1932 ihnen die Melancholie wenigstens das
852 1881 1838 1937 die wenigstens gesund ist in ihrem Wesen, wenn
1868 1886 2867 1944 haltung Temperament und Grazie. Auch Frl.
13 1929 814 1990 ment nicht ganz getötet hat, wenn sie auch
849 1932 1838 1987 ihr auch vorläufig noch Schlacken genug anhaften.
1866 1929 2865 2013 Boltény zeigte sich wieder als gewandte Dar¬
13 1975 821 2031 n Holz gemacht sind, aus dem sich keine
908 1987 1835 2041 Wenn man den Schnitzlerschen Einakterzyklus
1876 1985 2862 2041 stellerin, obgleich auch sie mir für das süße Mädel
13 2025 1835 2096 ein Ibsenschen Frauengestalten schnitzen als ganzes Werk erst jetzt auf die Bühne gebrach
1866 2031 2611 2104 in diesen Rollen allzu robust erschien.
13 2071 821 2127 und hier liegt der wunde Punkt des
849 2079 1825 2142 hat, so liegt das einerseits wohl an der Armselig
1934 2066 2862 2140 Man hatte am Samstag abend zum ersten Mal
13 2119 816 2180 literaten- und Wienertums. Nirgends
844 2127 1835 2185 keit unserer dramatischen Literatur in den letzten
1868 2109 2862 2193 einen Versuch mit der Verkleinerung der Szene
0 2172 819 2228 kige Figur, nirgends ein Mann oder eine
852 2175 1838 2231 Jahren, andererseits in dem Werke, als Drama
1866 2180 2854 2238 gemacht. Nicht alle Mängel, deren Grund in der
3 2226 1838 2282 e das Schicksal in die Schranken fordern, betrachtet, selber. Denn zu der durch das Wesen
1871 2228 2862 2282 Größe des Theaters und in der Vereinigung von
13 2266 816 2322 ein Wesen, das zur tragischen Helden¬
844 2271 1830 2337 der Einakter bedingten Zerrissenheit der Handlung
1868 2279 2862 2340 Opern= und Schauspielbühne liegt, lassen sich auf
10 2317 819 2380 vorgehoben werden könnte — nur semi¬
844 2317 1830 2380 kommt die Episodenhaftigkeit der Plaudereien
1861 2322 2865 2385 diese Weise beseitigen. Aber sie werden teilweise
0 2355 816 2418 Männer und nette kleine Mädchen. Dieser
842 2370 2877 2449 denen z. T. auch das echte bramatische Rückgrat gemindert, die Darsteller können Spiel und
3 2408 819 2469 e Zug, der charakteristisch ist für das
854 2416 1828 2479 fehlt — alles Mängel, die bei einer Aufführung
1866 2423 2852 2484 Sprache in eine bessere Harmonie bringen und
0 2454 816 2510 dienertum, zu dem es auch im politischen
844 2469 1835 2543 auf der Bühne viel klarer zu Tage treten als beim
1861 2464 2857 2525 das Publikum braucht nicht mehr alles zu er¬
0 2507 816 2565 es österreichischen Volkes eine Parallele
839 2515 1318 2581 Lesen des Buchdramas.
1851 2522 2865 2576 raten, was auf der Bühne gesprochen wird. Zu
8 2558 819 2616 seinen prägnantesten Ausdruck, seinen
915 2527 1838 2621 Der hiesigen Aufführung gelangen nicht alle
1863 2570 2854 2636 ganz reinen künstlerischen intimen Wirkungen
0 2601 804 2664 hen Niederschlag in Schnitzlers „Anatol
844 2611 1830 2672 Einakter gleichmäßig gut. Den Anatol spielte
1853 2619 2852 2687 wird man aber auch auf diesem Wege nicht voll¬
38 2654 814 2733 Und darin liegt die kulturgeschichtliche
844 2657 1830 2712 Herr Hardel, sein gesunderes, aber mehr episo¬
1866 2664 2649 2745 ständig kommen, nicht kommen können.
86 2695 553 2778 dieser dramatischen
624 2702 816 2781 Dichtung
842 2702 1833 2766 denhaftes Gegenstück Max Herr v. Falkenhausen.
1929 2682 2865 2794 Stück und Spiel wurden vom Publikum sehr
839 2750 1838 2811 Eine umgekehrte Besetzung hätte ich für vorteil¬
1866 2748 2859 2829 freundlich aufgenommen. Es zeigte sich eben, daß
0 2768 1835 2880 el Kritik die obigen Ausführungen auch hafter gehalten um der äußerlichen Erscheinung
1858 2816 2862 2880 ein Schnitzler immer noch einem Dutzend unserer
51 2854 1835 2913 , die letzte Feststellung allein ist Be¬ willen; den kraft= und saftlosen müden Anatol
1863 2870 2847 2938 modernen Durchschnittslustspiele die Wage hält.
0 2892 809 2961 zug, daß sie keine Verkleinerung Schnitz¬
844 2903 1845 2958 hätte Herr v. Falkenhausen äußerlich vielleicht
0 2946 814 3004 Dichter in sich schließen. Arthur Schnitz¬
844 2953 1835 3017 treffender verkörpern können als Herr Hardel,
0 2991 806 3057 Führer des einstigen „Jung=Wien“, das
844 3001 1835 3060 dessen Anatol körperlich nach meinem Empfinden
0 3045 811 3105 ch schon alt geworden, ist immer noch der
839 3047 1838 3105 bei aller Eleganz einen zu gesunden Eindruck
0 3093 811 3148 ste und witzigste unter allen seinen Wiener
842 3103 1833 3156 machte. Sonst spielten beide vorzüglich. Die
0 3141 811 3199 ssen. Sein Name wird auch dann als
842 3146 1840 3209 Cora des Frin. Koch im ersten Einakter ließ zu
3 3186 814 3250 er Stern am literarischen Himmel Wiens
839 3199 1838 3263 wünschen übrig, der somnambule Ton wurde von
0 3245 1838 3316 wenn der neue Stern, der in Karl Schön der Dame nicht recht getroffen. In die übrigen
