3392 4224
315 154 843 261 4.9. Anatol
1443 140 1794 238 box 8/5
978 157 1245 261 Zyklus
1055 317 1228 415 1. von
1240 364 1963 471 Wien, L., concordiaplatz.
1464 442 1736 519 Verbrengen
1061 480 2125 551 in Berlin, Basel, Budapest, Chicago, Cleveland, Christiania,
1061 533 2128 591 Genf, Kopenhagen, London, Madrid, Mailand, Minneapolis,
1057 579 2128 648 New-York, Paris, Rom, San Francisco, Stockholm, St. Peters¬
1458 612 1742 669 burg, Toronto.
1389 641 1810 730 es das unter
1060 705 1423 805 Ausschnitt aus:
1467 726 1738 833 Berlin
1847 758 2100 850 Antrag
1307 787 1797 919 50 1910
1069 851 1189 904 vom
1861 978 2713 1055 mut eines Frühlingstages und den Geist eines
1182 971 1609 1101 Schnitzlers
1863 1043 2715 1096 Mädchens hat, das zu lieben weiß. Dies Ratten¬
1866 1088 2717 1136 fängerchanson vermag die gelassene Gabriele
1861 1132 2719 1180 nicht zu ködern. Er muß schon in der Vorstadt
954 1081 1819 1213 Junggesellen komödie
1855 1166 2713 1221 bleiben, bei den Grisetten und den Damen vom
1108 1186 1689 1282 „Anatol" im Tessingtheater.
1855 1210 2716 1267 Chor. Spielt den Ueberwinder und wird über¬
1855 1250 2709 1306 wunden. Annie lädt er zum „Abschieds¬
1016 1264 1817 1321 Liebe vertraute Schatten huschen über Otto
1863 1299 2711 1354 souper, aber nicht er gibt den Abschied, er
954 1305 1811 1363 Brahms ernste Bühne: lachen, necken sich, küssen
1854 1341 2713 1406 bekommt ihn. Und eine Zeit später muß er
959 1354 1807 1414 sich. Anatol und seine süßen Wiener Mädel.
1858 1386 2708 1443 mit Bitterkeit erkennen, daß er so sehr in Bi¬
956 1404 1810 1458 Der sentimental-heitere Genießer von 1893
1861 1423 2719 1487 ancas Zirkusherzen nur „Episode gewesen
954 1439 1817 1494 lächelt wieder in der wehmutsvollen Pose des
1858 1470 2713 1528 war, daß sie ihn nach kurzer Zeit der Trennung
952 1490 1814 1551 leichtsinnigen Melancholikers zu seinem Spiel
1849 1523 2707 1577 nicht einmal zu erkennen vermag. Anatols Ab¬
954 1533 1814 1593 mit den Annies und Coras, die so animalisch
1861 1557 2707 1615 stieg von der Triumphleiter erfolgt direkt in
963 1572 1814 1631 frisch sind trotz Ballet, und Reifenspringen, und
1855 1603 2709 1656 den Ehestand. In der Nacht vor dem „Hoch¬
956 1623 1806 1681 so viel guten Appetit auf Sachersche Schnitzel
1851 1651 2709 1702 zeitsmorgen" nimmt er sich die tempera¬
962 1665 1810 1745 haben und so graziöselbstverständlich die Treue
1855 1696 2713 1737 mentvolle Ilona von der Redoute nach Hause
948 1700 1327 1764 nicht halten können.
1851 1722 2715 1801 mit. Und al sie ihm anders Tags nur nach
1011 1741 1806 1811 Schatten einer Jugend, die siebzehn Jahre
1845 1776 2707 1829 wildem Kampf den Weg zum Altar freigibt,
951 1788 1806 1857 zurückliegt. Aber sie wird lebendig, sie hebt
1854 1823 2705 1898 ruft sie dem Schlafzimmer ein: „Auf Wieder¬
951 1838 1807 1903 ihren unverblühten Kopf. Annies Rausch¬
1866 1859 2153 1932 sehen!" zu
951 1875 1801 1939 röckchen von dazumal sind der totalen Jupon¬
942 1922 1806 1972 losigkeit gewichen; Annie fährt heute auch sicher¬
1906 1923 2708 1999 Hier ist die Junggesellen=Komödie
948 1970 1799 2031 lich nur noch Auto, das es damals noch nicht
1850 1975 2704 2044 Anatol zu Ende. Sie ist rund, abgeschlossen, und
942 2003 1806 2080 gab; — sonst ist sie aber so zwanzigjährig wie
1850 2024 2715 2089 läßt doch einen Blick in die Ferne zu. Anatol
944 2062 1803 2120 einst. Sie ist ein Typ, der bleiben wird, so lange
1849 2069 2707 2129 der Ehemann. An den hat Schnitzler in
943 2096 1802 2165 es eine Jugend gibt, die das Leben leicht und
1849 2116 2705 2171 siebzehn Jahren nicht gedacht. Wohl die Trivia¬
947 2133 1798 2208 die eingebildeten Schmerzen nur so lange ernst
1849 2165 2685 2204 lität abgegraster Ehebruchsthemen scheuen. —
940 2193 1799 2246 nehmen wird, als es die alles heilende Zeit,
1855 2208 2707 2253 Das Lessingtheater hat nun das Bestehende
942 2234 1799 2286 oder die alles belächelnde Ironie eines innerlich
1858 2244 2716 2305 gründlich angefaßt. Nicht ganz im tändelnd¬
944 2278 1798 2334 unbeteiligten Beobachters — Max heißt er bei
1850 2289 2701 2345 saloppen Stil der Stückchen war deren Dar¬
948 2316 1794 2403 Schnitzler — nicht als ein holdes Nichts ent¬
1849 2338 2699 2411 stellung, die allerlei Süßes und Mild=Graziles
950 2355 1063 2431 hüllt,
1842 2374 2028 2439 verfärbte.
1902 2398 2696 2490 Fehlt aber auch die beglückende Ausgelassen¬
987 2413 1799 2494 Dafür, daß Brahm eine Wiederbegegnung mit
1842 2468 2695 2527 heit einer Hansi Niese für Annies Souper¬
940 2479 1794 2546 Anatol und Max, mit Cora und Bianca, mit
1851 2511 2692 2564 Fidelität, ist auch der Anatol Heinz Mon¬
944 2532 1796 2591 Ilona, Annie und Gabriele vermittelt hat, ge¬
1846 2558 2696 2605 nards zu schwerblütig, posierte Melancholie
943 2576 1794 2637 bührt ihm ein schwerer Kuppelpelz. Er wird
1851 2595 2701 2652 in kratzige Uebellaunigkeit verkehrend, ist auch
940 2623 1798 2691 ihn wohl bekommen, denn die herzliche Vergnüg¬
1845 2632 2696 2697 Emanuel Reicher für die Ironien des Max
939 2659 1790 2724 lichkeit, die der entzückende Anatol-Abend erzeugte,
1839 2691 2692 2738 zu philiströs=behäbig, zu plump-unelegant und
930 2701 1788 2774 wird wohl nicht nur den Premierenbesuchern
1839 2729 2692 2786 zu fünfundvierzigjährig, so ist doch durch eine,
935 2764 1797 2821 reserviert bleiben. Die Köstlichkeiten der
1841 2773 2689 2841 sich zu Fröhlichkeiten stachelnde Regie und durch
939 2806 1790 2860 Schnitzlerschen fünf Einakter, die werden, un¬
1837 2816 2693 2865 die komischen Talente einiger jüngerer Schau¬
935 2848 1790 2915 verbraucht und unverblaßt, dem Ergötzungshunger
1851 2860 2701 2919 spielerinnen der Abend zu voller Ergötzlichkeit
939 2891 1793 2958 einer herangereiften Generation üppige Kost
1839 2903 2703 2947 gediehen. Fräulein Somary war ganz sanft¬
938 2934 1789 2999 sein. Brahm hat nichts weiter getan, als eine
1829 2949 2689 3011 bereites Medium, Hilde Herterich ein ent¬
930 2985 1785 3043 einfache Sache ausgeführt, die nur die Winzig¬
1845 2986 2696 3050 zückend vergeßliches Zirkusmädel, und Frau
932 3022 1778 3091 keit von siebzehn Jahren von niemand gemacht
1851 3035 2691 3090 Irene Triesch, deren fein parodistisches
930 3062 1789 3122 worden ist. Schnitzlers Anatol-Einakter sind
1837 3075 2691 3137 Können nur zu selten vor Aufgaben gestellt ist,
928 3108 1786 3177 öfter einzeln gegeben worden, etwa um Hansi
1835 3112 2695 3196 gibt der Ilona ein glaubhaft ungarisches
930 3152 1789 3223 Nieses inzwischen ganz der Operette verschrie¬
1842 3156 2004 3225 Naturell.
932 3199 1778 3257 bene Humore himmlisch zu belichten, oder sonst¬
1885 3188 2692 3265 Die Ueberraschung heißt: Mathilde
924 3243 1789 3308 wie um einen Abend, der einer dreiaktigen
1839 3257 2691 3301 Sussin. Sie war die Annie; sehr amüsant
924 3290 1785 3354 Fadesse gehörte, zu füllen. Sie einmal ganz
1827 3293 2685 3350 beschwipst, sehr drollig unmanierlich. Aber die
932 3337 1785 3394 allein für sich sprechen zu lassen, darauf war
1830 3344 2695 3397 Leistung an sich ist weniger überraschend als die
927 3374 1786 3441 bis heute niemand gekommen. Und wenn ich
1833 3386 2680 3434 Tatsache, daß eine Darstellerin so verwegener
1830 3433 2689 3490 Lustigkeiten jahrelang griesgrämige Mütter und
927 3425 1785 3475 nicht irre, ist es jetzt nur geschehen, weil zur
1830 3466 2680 3513 allerhand andere bejahrte Weiblichkeit zu ver¬
918 3463 1782 3522 Aufführung des „Jungen Medardus der Mut
1830 3513 2680 3575 körpern hatte. Sind solche Irrtümer möglich?
942 3515 1784 3583 ehlt und der drängende Dichter irgendwie ent¬
1829 3559 2683 3626 Es geht wohl nichts über den „Blick der
938 3552 1294 3626 chädigt werden soll.
1823 3591 2137 3668 Lenkenden ....
2269 3630 2667 3720 Norbert Falk,
978 3635 1782 3705 Nun, die Entschädigung darf er sich ge¬
928 3683 1788 3760 fallen lassen. Die fünf Anatol-Szenen fügen
924 3733 1776 3789 sich zu einer runden fünfaktigen Komödie. Die
944 3776 1780 3838 Beiber wechseln, Anatol und sein Freund Max
926 3814 1784 3889 sind das Beharrende. Der posierende Viveur
923 3866 1774 3929 Anatol, der sich die Rolle des Herzenzertreters
918 3914 1778 3963 andichtet, ist immer nur ein naiv betrogener
920 3950 1776 4007 harmloser Betrüger; und wenn er im ersten
920 3999 1780 4053 Stückchen, der „Frage an das Schicksal,
910 4042 1770 4099 zu feige ist, die hypnotisierte Geliebte zu fragen,
915 4086 1435 4123 ob sie ihm treu sei, weil
1464 4088 1752 4159 nen
