3344 4192
170 151 505 265 4.9. An
835 155 920 258 y
976 153 1098 235 lus
1277 151 1638 253 box 9/5
861 1038 957 1134 378
877 1140 2234 1215 schaften aufspüren will, so muß man auf die spanischen Zwischen¬
885 1212 2243 1272 spiele zurückgreifen. Nicht bei Schnitzler ist der Autor des
877 1244 2234 1320 „Versöhnungsfestes" in die Schule gegangen, sondern bei Cer¬
868 1298 2246 1373 vantes, und das begreif' ich. Denn — ich will gegen den
880 1344 2174 1418 Wiener Poeten nichts sagen, aber der Spanier ist mir lieber.
990 1370 2255 1459 Herr Lackner als diskreter Kellner wurde viel belacht,
877 1440 2241 1506 Geberden, Mienen und Tonfall waren gut beobachtet und gut ge¬
871 1488 2245 1557 bracht; die Bissigkeiten und Anzüglichkeiten, die er zu sagen
873 1538 2246 1600 hatte, gingen ihm glatt von der Zunge. Herr Fürth gab den
877 1595 2248 1655 betrogenen Gatten, wie mir scheint, fast mit zu feinen Mitteln; er
877 1641 2246 1705 hätte vielleicht besser daran getan, stärker aufzutragen. Herr
880 1686 2250 1763 Günther war ein wenig farblos, Fräulein Reinau aber hatte
2066 1738 2209 1820 H. S.
882 1741 1662 1817 eine Rolle, die sich von selber spielt.
2018 1877 2222 1959 20. April.
873 1872 1294 1973 Theaterchronik.
997 1949 2248 2013 Die Saison geht ihrem Ende zu; die Novitäten, die in der allerletzten
873 1999 2248 2064 Zeit auf dem Plan erschienen und auch die, welche noch vor Torschluß heraus¬
882 2049 2250 2112 kommen sollen, dürften das Repertoirebild der Wiener Bühnen wenig
880 2097 2250 2172 alterieren; auch Korfiz Holms dreiaktiges Lustspiel „Hundstage", das um
882 2150 2243 2226 eine Woche früher als Presbers „Versöhnungsfest am Deutschen Volkstheater
880 2197 2240 2274 zum ersten Male gegeben wurde, gehört zu diesen Novitäten. — Die Volks¬
882 2252 2243 2319 oper erfreute mit einer sorgfältig einstudierten „Lohengrin"-Aufführung, die eine
885 2293 2243 2362 sehr willkommene Neubesetzung aufwies: Herr Ritter sang zum erstenmal die
883 2339 2246 2417 Titelrolle. — Im Raimund=Theater fand die 50. Wiederholung der Operette
880 2391 2243 2454 „Hoheit tanzt Walzer“ unter Leitung des Komponisten Leo Ascher vor
885 2437 2246 2502 vollem Hause statt, das Theater a. d. Wien feierte gestern das Jubiläum der
889 2492 2246 2551 hundertfünfzigsten „Eva“=Aufführung. — An der Volksoper eröffnet Montag,
882 2533 2246 2612 den 22. Signore Battistini, an der Neuen Wiener Bühne Mittwoch, den
894 2583 1703 2661 1. Mai Bassermann ein mehrtägiges Gastspiel.
889 2704 1574 2795 Das Mozarthaus in Salzburg.
1009 2757 2253 2829 In Salzburg fand dieser Tage der 31. Mozart=Tag statt, der
885 2817 2252 2870 den einstimmig angenommenen Beschluß ergab, nunmehr, nachdem der Mozart¬
885 2855 2252 2912 Hausbaufonds die Höhe von 40.000 Kronen erreicht hat, ungesäumt mit der
892 2891 2253 2956 Erbauung des Mozarthauses, dessen Grundstein vor zwei Jahren gelegt
894 2930 2243 2987 wurde, zu beginnen und die Ausschreibung für den Bau sofort zu veröffent¬
892 2972 2248 3032 lichen. Der zur Verlesung gebrachte Jahresbericht enthielt neben einer musik¬
894 3011 2258 3080 historisch wertvollen Arbeit über Salzburger Stammbücher zwei Nekrologe über¬
897 3058 2078 3121 Hofopernsänger Josef Ritter und Generalmusikdirektor Felix Mottl.
1507 3205 1638 3329 1
