3344 4256
1019 82 1766 131 comprises the testing of Hildas fidelity by
1803 86 2546 138 tremes thereof the love that is the pursuit
1019 116 1773 172 her answers in hypnotic sleep; Anatolis re¬
1803 125 2544 174 and the attainment of sensuous gratifica¬
1021 155 1773 198 traversing of his old loves and of one epi¬
1809 162 2546 205 tion for example; the love that flowers in
1021 185 1773 233 sode in particular: the parting with the
1805 196 2552 237 happy and affectionate domesticity and
1019 222 1773 267 sprightly and the tipsy Mimi at the fare¬
1805 230 2546 271 comradeship; and the love that is the
1017 254 1773 295 well supper; the wistful encounter of Ana¬
1801 263 2539 312 poets say a great, deep, high and holy pas
1021 293 1773 334 tol and Gabrielle under the marquise of the
1803 304 2546 340 sion. No doubt Anatol sought the rewards
1017 323 1764 373 shop on Christmas eve; and the perio¬
1801 334 2554 379 of the senses in his affairs, but we, pre¬
1017 355 1773 409 come perturbations of Anatols wedding
1805 364 2546 409 tending to be of finer mettle and seeking
1008 394 1766 439 morning and the intrusive Lona. Mr.
1805 401 2546 444 finer sensations, puff this grossness away.
1014 422 1766 467 Brown and the players from Chicago dis¬
1803 435 2546 472 Clearly Anatol was not in his youth in¬
1010 459 1766 504 carded the farcical embarrassments of the
1803 463 2546 508 tended for domesticity, amable as he was,
1023 498 1770 532 nuptial morning and put in its stead
1805 495 2554 541 though doubtless he succumbed to it in the
1023 530 1775 573 Keepsakes the dialogue between Anato
1803 534 2546 579 old, old human and German way, when
1012 566 1766 614 and Emily in which he reproaches her bit¬
1805 571 2548 607 middle age stole into him. And Anatol
1017 597 1764 635 terly, angrily, as a man jealous of phan¬
1803 601 2544 646 clearly was too lightly built for high and
1008 631 1770 672 toms, with the cherishing of trinkets that
1803 638 2539 676 holy passions. He can afford us, rather,
1008 670 1764 713 recall moments he would have forgotten,
1803 672 2544 713 little afternoon excursions, as it were, into
1010 702 1773 745 since other men than he figured in
1811 706 2548 743 the illusions and disillusions, the ironies
1014 737 1766 782 them. It ends with a dart of taunt that
1796 741 2544 784 and the pleasures and what the learned
1017 771 1764 812 breaks all affection between them and lays
1803 775 2539 814 doctors call "the states generally of but¬
1014 803 1766 851 bare the woman's seamed spirit. It is
1805 810 2546 851 terfly love at play more with itself than
2572 838 2656 889 sidi
1010 840 1762 885 sterner, darker, sharper than the other
1803 844 2539 885 with the beloved object. Schnitzler per¬
1014 879 1766 920 dialogues. Throughout it things sordid
1798 874 2539 920 sonally conducts these excursions and he
1008 913 1764 950 and things deal angle after the manner
1796 915 2544 954 is expert in such guidance; but he will
1008 950 1764 989 of life. After the manner of life, also, it
1796 943 2539 986 Insist upon picking his party. It must con¬
1010 982 1757 1023 leaves a bitter taste behind. From these
1796 978 2544 1021 sist largely of those who are interested in
2576 978 2653 1027 ing
1008 1019 1764 1060 qualities it has been generally omitted in
1796 1014 2544 1055 this amorous psychology and in the humors
1006 1047 1760 1092 the representations of the series. The Chi¬
1794 1051 2544 1101 and the ironies of it against the general
1008 1083 1766 1122 cagons acted it, placing it between the
1796 1085 2539 1124 background of life. Then shall we enjoy the
1017 1124 1768 1163 hypnotic episode with which they began
1796 1116 2533 1161 excursion and receive much profit from it
2578 1129 2664 1182 sells
1010 1157 1762 1200 and the farewell supper with which they
1796 1152 2533 1200 All of us did at the Toy and such excur¬
2576 1174 2671 1217 The
1010 1187 1757 1230 continued. Thus they reserved for the end
1796 1193 2268 1251 sions are rare in America.
2572 1206 2662 1251 sing
1010 1223 1757 1262 the encounter of Christmas eve and the epi¬
2572 1243 2662 1284 past
1826 1223 2539 1286 First of all there was the pleasure of
1008 1262 1760 1301 sode of old and forgotten loves and so
2572 1277 2666 1322 view
1796 1275 2544 1316 the observation of amusing episodes. We
1010 1288 1751 1331 kept for the last the wistful, ironie, half¬
1790 1312 2671 1350 saw Anatol putting the butterfly love of actio
1010 1327 1757 1372 melancholy, half-fanciful ven that is the
1798 1346 2662 1385 the instant into a hypnotic sleep and then
1010 1363 1757 1419 underlying and the lingering note of the
2572 1378 2662 1421 of
1794 1381 2537 1421 fearing to ask the question that would
1008 1400 1760 1439 piece. Keepsakes," in such a choice and
1796 1413 2662 1456 test her fidelity. We saw Mimi, scoringst¬
1010 1434 1757 1482 order, seemed only a bitter intermezzo or
1796 1447 2645 1493 off Anatol in the quick transfer of affec¬ Mr.
1008 1471 1719 1521 a contrasting passage that was strident.
2565 1484 2660 1527 show
1790 1486 2533 1538 tions and scoring off the food and the
2565 1518 2662 1564 acte
1794 1523 2531 1561 wine too at the farewell supper. And we
1045 1510 1755 1579 The Chicagons, moreover, set the suc¬
2565 1546 2662 1598 every
1790 1553 2533 1600 saw Anatol remembering so fondly, even
1008 1555 1755 1607 cessive scenes in their own way and in
2569 1587 2666 1633 of the
1794 1592 2539 1630 rapturously the amorous episode with
1010 1600 1755 1641 a way that it is good for little theatres
2563 1624 2662 1667 mo.
1790 1624 2531 1665 Bianca and she not so much as remember¬
1014 1630 1757 1676 to practise a way indeed that makes
2565 1658 2666 1701 tians
1794 1658 2531 1701 ing his face. As we saw, we heard witty
1008 1665 1751 1714 them possible. Four of the dialogues
2565 1693 2675 1740 to us
1794 1693 2535 1734 and wise comment on these and other
1010 1708 1755 1749 pass in rooms. These rooms, with no
2584 1725 2671 1768 Sel¬
1794 1727 2529 1773 situations off the tongues of Max and
1001 1736 1760 1779 suggestion of actual walls, were hung
2565 1755 2653 1803 true
1790 1766 2531 1809 Anatol and the particular loves concerned
1006 1775 1757 1816 with soft greenish or brownish hang¬
2565 1794 2681 1837 man
1790 1801 2537 1841 and also off the tongue of Schnitzler him¬
1008 1805 1755 1852 ing through which the players made
2563 1829 2677 1876 selves
1794 1833 2529 1872 self, speaking as upon theirs. As we both
1010 1839 1751 1887 their entrances and exits. Once these
2572 1865 2677 1900 for el
1794 1867 2537 1908 heard and saw we were at light play with
1008 1876 1755 1923 hangings seemed to enclose a window,
2565 1891 2688 1934 Ghos
1783 1900 2529 1943 pretty little facies, with amiable little
1001 1913 1753 1953 or there was a hint in andirons and the
2569 1930 2681 1971 bitter¬
1004 1941 2529 1999 liste of a fireplace against them. Once, illusions and with disillusions, too, that
2567 1962 2690 2007 clean
1790 1971 2537 2018 pricked for an instant or bit with a light,
1001 1977 1753 2020 again, in Emily's sitting-room, a tap-
2561 1999 2709 2040 finer
1790 2005 2531 2044 quick bite from the toen of irony. And
1006 2016 1760 2061 estry and an actual fireplace diversified
2561 2031 2709 2072 nos an¬
1794 2040 2535 2078 then Schnitzler bade us listen and watch
999 2042 1751 2096 them. In each setting, sparse furniture
2563 2063 2712 2111 in the
1788 2070 2539 2119 more gravely and maybe wistfully. For he
1001 2083 1747 2126 gave the room the hangings were pre¬
2572 2093 2699 2141 voice
1783 2102 2529 2147 showed us Gabrielle melancholy at heart
1001 2121 1747 2165 sumed to enclose a touch of the char¬
2565 2126 2705 2173 sea,
1788 2147 2522 2188 for the happiness that timid and con¬
1006 2158 1749 2193 acter of the occupant or suited the ne¬
2563 2162 2709 2216 sicken
1790 2180 2524 2216 ventional goodness often misses and that
1006 2186 1751 2229 cessities of the action. In the one epi¬
2576 2201 2692 2240 poison
1783 2214 2529 2253 fate gives as reward to affectionate and
1006 2221 1757 2268 sode out-of-doors, there was no attempt
2565 2223 2716 2274 the hand
1790 2246 2531 2287 ready spirits that do not stop to count
1006 2261 1747 2300 whatever at scenic suggestion. Anatol
2569 2266 2722 2307 nervous
1788 2281 2524 2322 consequences. And he showed us also
997 2287 1749 2339 and Gabrielle stood before no simulated
2565 2298 2724 2345 could fig
1788 2317 2518 2358 Emily, who would gain happiess by
2565 2335 2727 2376 only
997 2330 2724 2395 shop, but against a big brown screenacting out of her life a past that was buts mo¬
1001 2365 1747 2406 while brown hangings closed in the
1783 2382 2529 2421 the mockery of it, but who found that past
999 2391 1742 2442 stage. Inevitably there was no illusion
2561 2395 2727 2451 zation of
1783 2421 2524 2464 Holding her tight in its bonds. Once and
999 2427 1747 2477 of place, except as the spoken words,
1779 2453 2531 2498 again, too, even Anatol showed his teeth
997 2460 1751 2516 Anatols outspread umbrella and the
1783 2488 2535 2529 and not playfully as when he snapped at
999 2494 1740 2541 calling of a taxi suggested it. Such il¬
1781 2524 2533 2565 the hypocrisies of that same timid goodness
999 2533 1742 2574 lusion is by no means necessary since
2645 2535 2724 2578 depa
1788 2561 2526 2608 or was wrathful and bitter with Emily be¬
1006 2565 1736 2608 the action really passes in the mind and
2561 2552 2720 2617 only
1783 2593 2492 2634 cause she was not what she could not be.
1001 2602 1742 2643 the hearts of Anatol and Gabrielle as
2554 2600 2740 2647 in the air
1811 2602 2531 2666 These were the things we saw and heard
997 2640 1749 2681 Schnitzler's dialogue opens them. In
2554 2632 2733 2688 pressed u
1779 2662 2531 2709 on Schnitzlers excursion to the pleasuring
999 2664 1747 2714 the scenes within doors the illusion was
2554 2673 2724 2718 tion in
1779 2696 2522 2748 of our mind and spirits and to the quick¬
991 2705 1736 2746 satisfying to those that like simplicity
2561 2701 2727 2750 a trick
1779 2727 2516 2768 ening of our wits. Maybe that quicken¬
993 2735 1740 2780 in the theatre because it leaves leewa,
2557 2740 2733 2787 a few 111
1781 2763 2524 2806 ing was one of the profits of the little
999 2768 1740 2813 for the imagination. Besides, all that
2561 2772 2731 2821 themselve
1779 2798 2520 2836 journey, for we all had need to be spright¬
999 2802 1734 2849 settings can do for "Anatol is to sug¬
2557 2811 2731 2854 And the
1779 2828 2516 2875 ly in it. Perhaps Max in one of his witty-
999 2834 1740 2888 gest backgrounds consonant with the
2554 2845 2733 2886 hope that
1781 2867 2516 2925 wise speeches hinted at the other profits
999 2877 1736 2918 traits and tastes of the two men con¬
2591 2873 2733 2923 Led by
1781 2899 2524 2938 The principal task of friendship," he tells
993 2905 1742 2955 cerned. If ever the action of a playor
2554 2903 2727 2959 reminisce
1779 2936 2516 2972 Anatol in one of his sayings, that stiffens a
993 2942 1740 2994 rather a succession of little plays
2554 2948 2731 2996 sing, to
1773 2972 2516 3013 little in Mr. Barker's English, the princi¬
999 2970 1736 3020 passed in the revealing words of the
2557 2979 2724 3028 at Alice
1773 2998 2516 3041 pa task of friendship is to foster one's
991 3011 1734 3056 speakers and in the playwrights subtly
2546 3015 2731 3067 poor Don
1779 3039 2513 3073 friends illusions." Schnitzler in Anatole
991 3045 1742 3104 interwoven comment upon them and
2561 3050 2724 3097 est, gent
1773 3071 2516 3108 is such a fostering friend to his audience.
999 3084 1600 3136 upon life, it so passes in "Anatol.
2548 3084 2731 3129 of the for
1773 3106 2518 3149 He shows us the illusion of these butterfly
2554 3123 2716 3164 for them
1773 3140 2516 3183 love and the illusions of many another
1021 3123 1742 3183 Much, then, depends upon the acting, and
2554 3157 2709 3200 Banks
1775 3170 2522 3211 thing in life into which they ramify, and
997 3179 1738 3218 the outcome of it was highly creditable to
2557 3185 2712 3237 Lady."
1773 3209 2524 3248 yet these illusions are pleasant to the touch
997 3209 1740 3252 the little Chicago company. Seemingly it
2548 3218 2729 3274 half a de
1775 3239 2516 3287 of mind and senses. They caress even the
986 3237 1742 3282 is neither exactly professional nor ex¬
2576 3252 2735 3304 Althoug
1768 3276 2520 3321 deceived. He shows us the complementary
984 3272 1734 3328 actly amateur. Professional aptitude and
2548 3289 2733 3336 the faces
1766 3310 2513 3349 disillusions, and they have a pleasant bite
991 3312 1734 3353 paistaking were plainly evident in it, but
2548 3321 2731 3371 and Alice
1775 3345 2509 3390 to the mind and the senses again, like the
986 3345 1723 3394 It was graefully free from professional
2548 3360 2731 3405 Lalor, Mr
1773 3377 2509 3414 tang of a very dry champagne. They are
984 3384 1732 3422 conventions and formulas. For the first
2546 3392 2746 3442 sist in spit
1773 3414 2516 3455 almost worth their while as sensations.
984 3405 1734 3463 times on our stage originally in Chicago
2548 3429 2740 3476 has been
1775 3450 2516 3487 There is wistfulness in the illusions,
982 3442 1732 3496 and now here in Boston Anato himself
2541 3463 2744 3506 as the det
986 3478 1736 3530 has been understandingly and persuasively
1768 3476 2513 3521 and wistfulness is the longing that keeps
2548 3498 2731 3545 placed Mr.
978 3513 2516 3560 acted. Mr. Barrymore in New York played us discontented with butterfly loves and
2546 3534 2748 3582 life is larg
1768 3547 2509 3592 many more important things. There is
986 3552 1734 3595 him heavily, broodingly, a little morbidly,
2548 3564 2744 3614 to the girl
984 3586 1736 3629 a little commonly. He so obviously fre¬
1768 3584 2509 3627 irony in the disillusions, and what is irony
2552 3601 2748 3648 Saskatche
1766 3618 2507 3657 but the salt and spice that is the preserva¬
986 3618 1732 3661 quented Forty-second street, and not the
2550 3638 2755 3685 tomobile di¬
1766 3653 2513 3687 tive of interest in life to those that live it
2539 3670 2636 3722 fork.
1764 3685 2507 3726 and look upon it? Before he has brought
2576 3692 2748 3750 This latte
1029 3592 1727 3758 ALAROON
1766 3722 2513 3758 un back to Vienna or to Boston the adroit
2546 3717 2748 3782 early arri¬
1768 3752 2509 3797 Schnitzler has taught us almost a whole
2537 3771 2742 3819 at the shop
1760 3788 2505 3825 philosophy of comfortable and amused ex¬
2539 3806 2757 3855 has directed
1760 3821 2503 3862 istence, and with no more than five mina¬
1208 3788 1732 3879 Hotel Bellevue
2546 3842 2759 3888 lunch with
1764 3849 2354 3913 ture comedies for his lesson book.
1045 3840 1193 3911 NICO
2537 3875 2755 3922 enough pas
1077 3860 1635 3946 LE BEACONSTREET
2313 3864 2468 3939 H. T. P.
2537 3909 2755 3954 of Mr. Gari
1826 3913 2498 3980 REVIEW O MAX PAUERS RE¬
984 3920 1727 3991 Excellent Cuisine à la Carte
2541 3944 2755 3989 did not kne
1833 3976 2507 4012 CITAL AND THE NES OF CON¬
2537 3978 2757 4023 address he
1176 3974 1566 4021 Music 6 to 8 Weck Days
1833 4006 2505 4049 CERTS AND OPERA APPEARON
2541 4012 2761 4058 victim, indu¬
1090 3997 1701 4086 Extra Music 6.30 to 8.30 Sunday
1008 4017 1241 4086 Tute (D)
1833 4040 2266 4099 THE OPPOSITE PAGE
2539 4045 2763 4103 them, if the
