<?xml version="1.0" encoding="UTF-8" standalone="yes"?>
<PcGts xmlns="http://schema.primaresearch.org/PAGE/gts/pagecontent/2013-07-15" xmlns:xsi="http://www.w3.org/2001/XMLSchema-instance" xsi:schemaLocation="http://schema.primaresearch.org/PAGE/gts/pagecontent/2013-07-15 http://schema.primaresearch.org/PAGE/gts/pagecontent/2013-07-15/pagecontent.xsd">
    <Metadata>
        <Creator>prov=READ-COOP:name=PyLaia@TranskribusPlatform:version=2.12.1:model_id=39995:lm=provided:date=29_03_2024_01:46</Creator>
        <Created>2019-10-07T11:49:49.803+02:00</Created>
        <LastChange>2024-03-29T01:46:52.191+01:00</LastChange>
        <TranskribusMetadata docId="223994" pageId="9504535" pageNr="121" tsid="156430168" status="IN_PROGRESS" userId="40391" imgUrl="https://files.transkribus.eu/Get?id=RNBPTTPWVRHQIMAXLBKUBKHU&amp;fileType=view" xmlUrl="https://files.transkribus.eu/Get?id=UZHAYQPDTCQFZBODABTHAHOH" imageId="6194749"/>
    </Metadata>
    <Page imageFilename="223994_0121.jpeg" imageWidth="3532" imageHeight="4224">
        <ReadingOrder>
            <OrderedGroup id="ro_1712662517854" caption="Regions reading order">
                <RegionRefIndexed index="0" regionRef="tr_1"/>
                <RegionRefIndexed index="1" regionRef="tr_2"/>
            </OrderedGroup>
        </ReadingOrder>
        <TextRegion orientation="0.0" id="tr_1" custom="readingOrder {index:0;}">
            <Coords points="298,197 298,3236 1764,3236 1764,197"/>
            <TextLine id="tr_1_tl_1" custom="readingOrder {index:0;}">
                <Coords points="1414,224 1449,242 1484,227 1540,236 1585,224 1673,242 1699,221 1761,244 1761,159 1750,156 1671,169 1641,159 1584,195 1534,177 1484,188 1444,166 1414,168"/>
                <Baseline points="1423,217 1449,219 1475,220 1501,220 1527,220 1554,220 1580,220 1606,220 1632,220 1659,219 1685,217 1711,217 1737,217 1764,217"/>
                <TextEquiv>
                    <Unicode>box 8/5</Unicode>
                </TextEquiv>
            </TextLine>
            <TextLine id="tr_1_tl_2" custom="readingOrder {index:1;}">
                <Coords points="290,248 457,275 514,254 563,283 605,262 693,275 755,259 793,277 808,236 749,230 687,175 628,194 537,163 496,183 408,163 360,195 289,178"/>
                <Baseline points="298,229 323,233 349,235 374,235 400,235 426,235 451,237 477,238 503,236 528,234 554,232 580,233 605,235 631,235 657,235 682,235 708,236 734,238 759,243 785,250 811,247"/>
                <TextEquiv>
                    <Unicode>4.9. Anate</Unicode>
                </TextEquiv>
            </TextLine>
            <TextLine id="tr_1_tl_3" custom="readingOrder {index:2;}">
                <Coords points="732,234 815,240 879,280 994,259 1140,266 1143,169 1131,165 1010,177 991,163 892,225 808,178 735,178"/>
                <Baseline points="740,238 765,233 790,232 816,247 841,248 866,249 892,249 917,247 943,241 968,235 993,233 1019,231 1044,230 1069,229 1095,229 1120,229 1146,230"/>
                <TextEquiv>
                    <Unicode>Zykl</Unicode>
                </TextEquiv>
            </TextLine>
            <TextLine id="tr_1_tl_4" custom="readingOrder {index:3;}">
                <Coords points="1069,983 1578,973 1579,927 1556,918 1413,924 1387,945 1236,935 1174,957 1071,938"/>
                <Baseline points="1077,967 1102,967 1127,967 1152,967 1178,967 1203,965 1228,964 1253,964 1279,963 1304,962 1329,961 1354,961 1380,961 1405,961 1430,961 1455,960 1481,959 1506,958 1531,958 1556,959 1582,961"/>
                <TextEquiv>
                    <Unicode>.. Maana, Minneapolis,</Unicode>
                </TextEquiv>
            </TextLine>
            <TextLine id="tr_1_tl_5" custom="readingOrder {index:4;}">
                <Coords points="513,1030 1579,1010 1579,974 1473,966 514,971"/>
                <Baseline points="522,1020 575,1018 628,1017 681,1017 734,1014 787,1010 840,1009 893,1009 946,1006 999,1005 1052,1005 1105,1005 1158,1005 1211,1005 1264,1003 1317,1003 1370,1000 1423,1000 1476,998 1529,999 1582,997"/>
                <TextEquiv>
                    <Unicode>New-York, Paris, Rom, San Francisco, Stockholm, St. Peters¬</Unicode>
                </TextEquiv>
            </TextLine>
            <TextLine id="tr_1_tl_6" custom="readingOrder {index:5;}">
                <Coords points="914,1056 977,1054 995,1065 1087,1051 1136,1050 1156,1062 1169,1051 1184,1056 1184,1015 1172,1012 1065,1019 1053,1010 1022,1022 951,1025 933,1013 914,1021"/>
                <Baseline points="922,1044 948,1044 975,1045 1001,1046 1028,1046 1055,1044 1081,1044 1108,1044 1134,1042 1161,1042 1188,1044"/>
                <TextEquiv>
                    <Unicode>burg, Toronto.</Unicode>
                </TextEquiv>
            </TextLine>
            <TextLine id="tr_1_tl_7" custom="readingOrder {index:6;}">
                <Coords points="874,1101 948,1091 992,1104 1053,1089 1128,1104 1239,1101 1240,1048 1157,1062 1086,1051 1006,1066 971,1053 876,1065"/>
                <Baseline points="883,1086 908,1083 934,1083 960,1083 986,1083 1011,1083 1037,1083 1063,1083 1089,1081 1115,1080 1140,1080 1166,1079 1192,1078 1218,1078 1244,1080"/>
                <TextEquiv>
                    <Unicode>Quellenangabe ohne Gewähr.)</Unicode>
                </TextEquiv>
            </TextLine>
            <TextLine id="tr_1_tl_8" custom="readingOrder {index:7;}">
                <Coords points="1237,1151 1334,1163 1404,1153 1417,1162 1464,1148 1499,1169 1526,1160 1531,1084 1426,1094 1355,1081 1278,1100 1242,1087"/>
                <Baseline points="1247,1149 1272,1149 1298,1149 1324,1149 1350,1149 1376,1146 1401,1143 1427,1143 1453,1141 1479,1138 1505,1137 1531,1137"/>
                <TextEquiv>
                    <Unicode>BERLIN</Unicode>
                </TextEquiv>
            </TextLine>
            <TextLine id="tr_1_tl_9" custom="readingOrder {index:8;}">
                <Coords points="513,1184 862,1195 950,1165 1183,1165 1208,1156 1210,1104 820,1089 638,1139 514,1130"/>
                <Baseline points="522,1167 556,1167 590,1167 625,1164 659,1164 694,1163 728,1161 763,1161 797,1161 832,1159 866,1158 900,1158 935,1158 969,1158 1004,1157 1038,1155 1073,1158 1107,1158 1142,1157 1176,1154 1211,1152"/>
                <TextEquiv>
                    <Unicode>Ausschnitt WARIS</Unicode>
                </TextEquiv>
            </TextLine>
            <TextLine id="tr_1_tl_10" custom="readingOrder {index:9;}">
                <Coords points="734,1272 965,1266 1157,1289 1208,1267 1207,1210 1025,1189 731,1199"/>
                <Baseline points="740,1256 766,1256 792,1256 818,1258 844,1260 870,1262 897,1264 923,1265 949,1265 975,1266 1001,1268 1027,1268 1054,1268 1080,1266 1106,1265 1132,1265 1158,1265 1184,1265 1211,1268"/>
                <TextEquiv>
                    <Unicode>1910</Unicode>
                </TextEquiv>
            </TextLine>
            <TextLine id="tr_1_tl_11" custom="readingOrder {index:10;}">
                <Coords points="529,1284 573,1293 676,1287 679,1228 628,1216 616,1227 608,1221 597,1225 573,1245 544,1225 532,1225"/>
                <Baseline points="537,1286 565,1286 594,1286 622,1284 651,1282 680,1280"/>
                <TextEquiv>
                    <Unicode>vom</Unicode>
                </TextEquiv>
            </TextLine>
            <TextLine id="tr_1_tl_12" custom="readingOrder {index:11;}">
                <Coords points="662,1458 1010,1482 1174,1449 1342,1476 1343,1399 1310,1387 1004,1376 888,1401 664,1372"/>
                <Baseline points="671,1447 704,1447 738,1446 772,1444 806,1444 839,1444 873,1444 907,1445 941,1447 974,1445 1008,1444 1042,1443 1076,1441 1109,1439 1143,1438 1177,1438 1211,1438 1244,1440 1278,1441 1312,1442 1346,1444"/>
                <TextEquiv>
                    <Unicode>Kleines Feuilleton.</Unicode>
                </TextEquiv>
            </TextLine>
            <TextLine id="tr_1_tl_13" custom="readingOrder {index:12;}">
                <Coords points="909,1534 973,1537 983,1547 1013,1537 1045,1544 1060,1535 1086,1543 1109,1535 1110,1473 1044,1463 1012,1482 973,1485 956,1473 936,1479 912,1470"/>
                <Baseline points="919,1531 946,1528 974,1528 1002,1526 1029,1525 1057,1525 1085,1524 1113,1522"/>
                <TextEquiv>
                    <Unicode>Theater.</Unicode>
                </TextEquiv>
            </TextLine>
            <TextLine id="tr_1_tl_14" custom="readingOrder {index:13;}">
                <Coords points="479,1593 1131,1575 1593,1626 1558,1528 478,1538"/>
                <Baseline points="486,1585 541,1584 597,1582 652,1582 708,1582 763,1582 819,1579 874,1579 930,1579 985,1577 1041,1576 1097,1576 1152,1574 1208,1574 1263,1573 1319,1574 1374,1584 1430,1580 1485,1584 1541,1609 1597,1609"/>
                <TextEquiv>
                    <Unicode>Lessing=Theater: „Anatol von Artur Schule</Unicode>
                </TextEquiv>
            </TextLine>
            <TextLine id="tr_1_tl_15" custom="readingOrder {index:14;}">
                <Coords points="404,1649 1316,1624 1316,1594 1131,1575 764,1605 405,1585"/>
                <Baseline points="414,1632 459,1629 504,1627 549,1624 595,1623 640,1620 685,1620 730,1620 776,1617 821,1620 866,1620 911,1617 957,1617 1002,1614 1047,1614 1092,1611 1138,1614 1183,1614 1228,1611 1273,1611 1319,1606"/>
                <TextEquiv>
                    <Unicode>Fünf Episoden aus dem Leben eines Wiener¬</Unicode>
                </TextEquiv>
            </TextLine>
            <TextLine id="tr_1_tl_16" custom="readingOrder {index:15;}">
                <Coords points="399,1679 1599,1655 1561,1617 401,1655"/>
                <Baseline points="408,1665 467,1665 527,1665 587,1662 647,1660 706,1659 766,1658 826,1658 886,1656 945,1655 1005,1655 1065,1653 1125,1653 1184,1651 1244,1650 1304,1650 1364,1650 1423,1650 1483,1647 1543,1647 1603,1647"/>
                <TextEquiv>
                    <Unicode>auch gar nichts anderes als seine windigen Liebesabenteuer im</Unicode>
                </TextEquiv>
            </TextLine>
            <TextLine id="tr_1_tl_17" custom="readingOrder {index:16;}">
                <Coords points="402,1718 1596,1694 1550,1649 402,1676"/>
                <Baseline points="411,1707 470,1705 529,1704 589,1703 648,1699 708,1698 767,1697 827,1697 886,1695 946,1695 1005,1695 1064,1695 1124,1692 1183,1692 1243,1692 1302,1689 1362,1689 1421,1689 1481,1686 1540,1686 1600,1686"/>
                <TextEquiv>
                    <Unicode>Kopfe hat! Bei aller eleganten Ironie und Plauderkunst, die diesen</Unicode>
                </TextEquiv>
            </TextLine>
            <TextLine id="tr_1_tl_18" custom="readingOrder {index:17;}">
                <Coords points="405,1758 1529,1744 1599,1736 1600,1697 405,1720"/>
                <Baseline points="414,1749 473,1744 532,1740 592,1739 651,1737 711,1737 770,1737 830,1737 889,1737 949,1734 1008,1734 1067,1734 1127,1731 1186,1729 1246,1728 1305,1728 1365,1726 1424,1725 1484,1726 1543,1728 1603,1725"/>
                <TextEquiv>
                    <Unicode>Zyklus. eine der frühesten dramatischen Arbeiten Schnitzlers, verziert,</Unicode>
                </TextEquiv>
            </TextLine>
            <TextLine id="tr_1_tl_19" custom="readingOrder {index:18;}">
                <Coords points="411,1795 1558,1782 1603,1736 411,1751"/>
                <Baseline points="420,1785 479,1782 538,1782 597,1781 657,1779 716,1779 775,1776 835,1776 894,1773 953,1775 1013,1773 1072,1770 1131,1770 1190,1768 1250,1770 1309,1767 1368,1767 1428,1767 1487,1767 1546,1765 1606,1761"/>
                <TextEquiv>
                    <Unicode>fällt einem die Fadheit des Bürchschens, wenn man ihn einen ganzen</Unicode>
                </TextEquiv>
            </TextLine>
            <TextLine id="tr_1_tl_20" custom="readingOrder {index:19;}">
                <Coords points="402,1839 1611,1818 1611,1783 1485,1768 402,1791"/>
                <Baseline points="411,1823 471,1820 531,1818 591,1817 651,1815 711,1815 771,1817 832,1814 892,1814 952,1813 1012,1811 1072,1809 1132,1809 1192,1807 1253,1806 1313,1806 1373,1804 1433,1806 1493,1805 1553,1803 1614,1800"/>
                <TextEquiv>
                    <Unicode>Abend vor sich hat, bedenklich auf die Nerven. Die Komik fort¬</Unicode>
                </TextEquiv>
            </TextLine>
            <TextLine id="tr_1_tl_21" custom="readingOrder {index:20;}">
                <Coords points="405,1876 1588,1857 1603,1815 405,1832"/>
                <Baseline points="414,1862 473,1860 533,1856 592,1858 652,1856 712,1856 771,1853 831,1853 890,1853 950,1852 1010,1850 1069,1850 1129,1847 1188,1847 1248,1844 1308,1843 1367,1841 1427,1841 1486,1843 1546,1841 1606,1841"/>
                <TextEquiv>
                    <Unicode>währenden Betrügens und Betrogenwerdens läßt auf die Dauer nach.</Unicode>
                </TextEquiv>
            </TextLine>
            <TextLine id="tr_1_tl_22" custom="readingOrder {index:21;}">
                <Coords points="408,1907 1611,1889 1570,1848 408,1871"/>
                <Baseline points="417,1901 476,1899 536,1898 596,1895 656,1895 716,1895 776,1892 835,1892 895,1889 955,1891 1015,1889 1075,1889 1135,1886 1195,1886 1254,1886 1314,1883 1374,1881 1434,1883 1494,1882 1554,1880 1614,1880"/>
                <TextEquiv>
                    <Unicode>Man muß daran denken, daß es nur ein Zufall ist, wenn dieser</Unicode>
                </TextEquiv>
            </TextLine>
            <TextLine id="tr_1_tl_23" custom="readingOrder {index:22;}">
                <Coords points="413,1954 1611,1934 1588,1885 414,1909"/>
                <Baseline points="423,1943 482,1938 542,1937 601,1934 661,1934 720,1931 780,1932 839,1932 899,1931 958,1931 1018,1929 1078,1928 1137,1925 1197,1923 1256,1925 1316,1921 1375,1921 1435,1919 1494,1919 1554,1919 1614,1919"/>
                <TextEquiv>
                    <Unicode>Pflastertreter auf wahlverwandte weibliche Seelen stößt, die mit</Unicode>
                </TextEquiv>
            </TextLine>
            <TextLine id="tr_1_tl_24" custom="readingOrder {index:23;}">
                <Coords points="410,1986 1612,1977 1608,1934 1472,1921 411,1956"/>
                <Baseline points="420,1976 479,1977 539,1976 599,1973 658,1973 718,1973 778,1970 837,1970 897,1970 957,1969 1017,1965 1076,1967 1136,1964 1196,1964 1255,1964 1315,1961 1375,1961 1434,1958 1494,1958 1554,1958 1614,1958"/>
                <TextEquiv>
                    <Unicode>gleicher Münze zahlen und so eine Art poetischer Gerechtig¬</Unicode>
                </TextEquiv>
            </TextLine>
            <TextLine id="tr_1_tl_25" custom="readingOrder {index:24;}">
                <Coords points="977,2013 1600,2016 1612,1975 977,1980"/>
                <Baseline points="985,2003 1016,2006 1047,2006 1079,2006 1110,2006 1142,2005 1173,2003 1205,2003 1236,2001 1268,2000 1299,2000 1330,2002 1362,2002 1393,2000 1425,2000 1456,2000 1488,1999 1519,1997 1551,1999 1582,1999 1614,1997"/>
                <TextEquiv>
                    <Unicode>Aus diesem Kreise heraus ge¬</Unicode>
                </TextEquiv>
            </TextLine>
            <TextLine id="tr_1_tl_26" custom="readingOrder {index:25;}">
                <Coords points="413,2027 918,2025 920,1981 858,1972 724,1995 637,1980 587,2000 544,1984 516,2006 470,1981 414,1993"/>
                <Baseline points="423,2017 449,2017 475,2017 501,2015 528,2015 554,2016 580,2015 606,2011 633,2011 659,2011 685,2011 711,2011 738,2011 764,2011 790,2011 816,2010 843,2009 869,2009 895,2010 922,2011"/>
                <TextEquiv>
                    <Unicode>keit an ihm vollziehen.</Unicode>
                </TextEquiv>
            </TextLine>
            <TextLine id="tr_1_tl_27" custom="readingOrder {index:26;}">
                <Coords points="405,2071 1606,2057 1608,2015 407,2027"/>
                <Baseline points="414,2056 473,2056 533,2056 593,2053 653,2051 713,2047 773,2048 832,2050 892,2047 952,2047 1012,2045 1072,2044 1132,2044 1192,2042 1251,2041 1311,2040 1371,2040 1431,2038 1491,2037 1551,2035 1611,2032"/>
                <TextEquiv>
                    <Unicode>ratend, kann er jeden Augenblick zum gewissenlos bru¬</Unicode>
                </TextEquiv>
            </TextLine>
            <TextLine id="tr_1_tl_28" custom="readingOrder {index:27;}">
                <Coords points="405,2096 1575,2092 1615,2052 405,2071"/>
                <Baseline points="414,2095 474,2095 534,2093 594,2089 654,2089 714,2087 774,2086 835,2087 895,2083 955,2086 1015,2086 1075,2086 1135,2082 1195,2079 1256,2080 1316,2078 1376,2074 1436,2077 1496,2077 1556,2075 1617,2071"/>
                <TextEquiv>
                    <Unicode>talen Vernichter fremden Lebensglückes werden — die Kehr¬</Unicode>
                </TextEquiv>
            </TextLine>
            <TextLine id="tr_1_tl_29" custom="readingOrder {index:28;}">
                <Coords points="416,2148 1614,2124 1614,2080 1416,2075 417,2107"/>
                <Baseline points="426,2134 485,2134 545,2131 604,2129 664,2127 723,2128 783,2126 842,2126 902,2125 961,2125 1021,2125 1081,2122 1140,2124 1200,2120 1259,2119 1319,2120 1378,2116 1438,2116 1497,2115 1557,2115 1617,2116"/>
                <TextEquiv>
                    <Unicode>seite, die Schnitzler in seiner „Liebelei“ gezeichnet hat.</Unicode>
                </TextEquiv>
            </TextLine>
            <TextLine id="tr_1_tl_30" custom="readingOrder {index:29;}">
                <Coords points="414,2186 1608,2157 1608,2124 1519,2118 414,2149"/>
                <Baseline points="423,2173 482,2170 541,2170 601,2167 660,2167 720,2164 779,2167 838,2167 898,2164 957,2164 1017,2164 1076,2161 1135,2161 1195,2159 1254,2158 1314,2157 1373,2155 1432,2155 1492,2154 1551,2152 1611,2149"/>
                <TextEquiv>
                    <Unicode>In den Szenen des „Hochzeitsmorgens, die die Aufführung ab¬</Unicode>
                </TextEquiv>
            </TextLine>
            <TextLine id="tr_1_tl_31" custom="readingOrder {index:30;}">
                <Coords points="411,2225 1614,2204 1615,2160 411,2192"/>
                <Baseline points="420,2212 479,2210 539,2209 599,2208 659,2206 719,2206 779,2206 838,2206 898,2203 958,2203 1018,2201 1078,2200 1138,2200 1198,2198 1257,2197 1317,2196 1377,2194 1437,2194 1497,2194 1557,2192 1617,2188"/>
                <TextEquiv>
                    <Unicode>schlossen, tritt der Kontrast zwischen der angeschminkten Komödien¬</Unicode>
                </TextEquiv>
            </TextLine>
            <TextLine id="tr_1_tl_32" custom="readingOrder {index:31;}">
                <Coords points="420,2263 1614,2240 1615,2196 422,2223"/>
                <Baseline points="429,2253 488,2248 547,2247 607,2244 666,2244 726,2244 785,2243 844,2241 904,2241 963,2240 1023,2238 1082,2238 1141,2237 1201,2235 1260,2235 1320,2234 1379,2232 1438,2232 1498,2231 1557,2231 1617,2229"/>
                <TextEquiv>
                    <Unicode>farbe und dem peinlich tristen Hintergrund — dem Ausblick auf das</Unicode>
                </TextEquiv>
            </TextLine>
            <TextLine id="tr_1_tl_33" custom="readingOrder {index:32;}">
                <Coords points="405,2294 1472,2290 1614,2281 1615,2245 405,2260"/>
                <Baseline points="414,2289 474,2288 534,2286 594,2286 654,2286 714,2284 774,2283 835,2280 895,2280 955,2278 1015,2278 1075,2277 1135,2277 1195,2275 1256,2274 1316,2273 1376,2269 1436,2268 1496,2271 1556,2269 1617,2268"/>
                <TextEquiv>
                    <Unicode>Los der schon an ihrem Hochzeitstage betrogenen Frau — ganz un¬</Unicode>
                </TextEquiv>
            </TextLine>
            <TextLine id="tr_1_tl_34" custom="readingOrder {index:33;}">
                <Coords points="411,2344 1614,2322 1615,2278 411,2297"/>
                <Baseline points="420,2322 479,2328 539,2325 599,2324 659,2322 719,2322 779,2321 838,2319 898,2319 958,2319 1018,2317 1078,2316 1138,2316 1198,2316 1257,2313 1317,2312 1377,2310 1437,2310 1497,2309 1557,2307 1617,2304"/>
                <TextEquiv>
                    <Unicode>verhüllt hervor. Die Stimmung, die im ersten Teil des Abends bis</Unicode>
                </TextEquiv>
            </TextLine>
            <TextLine id="tr_1_tl_35" custom="readingOrder {index:34;}">
                <Coords points="414,2379 1584,2384 1612,2320 414,2343"/>
                <Baseline points="423,2370 482,2367 542,2364 601,2364 661,2362 720,2361 780,2362 839,2362 899,2361 958,2358 1018,2358 1078,2358 1137,2358 1197,2356 1256,2355 1316,2352 1375,2352 1435,2352 1494,2349 1554,2349 1614,2346"/>
                <TextEquiv>
                    <Unicode>zum „Abschiedssouper, sehr animiert war, flaute im weiteren Ver¬</Unicode>
                </TextEquiv>
            </TextLine>
            <TextLine id="tr_1_tl_36" custom="readingOrder {index:35;}">
                <Coords points="413,2417 451,2431 513,2411 566,2425 650,2402 712,2411 712,2369 664,2379 597,2370 561,2385 546,2375 522,2385 507,2375 440,2387 414,2379"/>
                <Baseline points="423,2409 449,2409 476,2405 502,2404 529,2405 556,2405 582,2403 609,2403 636,2402 662,2401 689,2400 716,2400"/>
                <TextEquiv>
                    <Unicode>lauf merklich ab.</Unicode>
                </TextEquiv>
            </TextLine>
            <TextLine id="tr_1_tl_37" custom="readingOrder {index:36;}">
                <Coords points="490,2444 1466,2447 1617,2435 1618,2382 490,2406"/>
                <Baseline points="498,2441 554,2441 610,2441 666,2439 722,2438 778,2437 834,2435 890,2435 946,2435 1002,2432 1059,2432 1115,2432 1171,2432 1227,2431 1283,2429 1339,2429 1395,2429 1451,2426 1507,2426 1563,2424 1620,2420"/>
                <TextEquiv>
                    <Unicode>Am hübschesten in der Idee, wiewohl nicht gerade am bühnen¬</Unicode>
                </TextEquiv>
            </TextLine>
            <TextLine id="tr_1_tl_38" custom="readingOrder {index:37;}">
                <Coords points="417,2494 1618,2474 1618,2438 1405,2426 417,2449"/>
                <Baseline points="426,2483 485,2480 545,2483 605,2480 664,2478 724,2477 784,2476 843,2474 903,2474 963,2473 1023,2471 1082,2471 1142,2471 1202,2471 1261,2465 1321,2468 1381,2466 1440,2465 1500,2464 1560,2464 1620,2465"/>
                <TextEquiv>
                    <Unicode>wirksamsten, war das erste, auch in der Freien Volksbühne gespielte</Unicode>
                </TextEquiv>
            </TextLine>
            <TextLine id="tr_1_tl_39" custom="readingOrder {index:38;}">
                <Coords points="1189,2518 1500,2509 1588,2523 1620,2509 1620,2477 1602,2471 1508,2487 1466,2470 1189,2479"/>
                <Baseline points="1197,2504 1222,2510 1247,2508 1272,2507 1297,2507 1322,2506 1347,2505 1372,2504 1397,2504 1422,2504 1447,2504 1472,2504 1497,2504 1522,2504 1547,2504 1572,2504 1597,2502 1623,2498"/>
                <TextEquiv>
                    <Unicode>Der melancholisch leicht¬</Unicode>
                </TextEquiv>
            </TextLine>
            <TextLine id="tr_1_tl_40" custom="readingOrder {index:39;}">
                <Coords points="424,2526 1145,2521 1131,2474 424,2497"/>
                <Baseline points="432,2522 467,2522 503,2522 539,2521 575,2519 611,2519 647,2517 682,2516 718,2516 754,2515 790,2513 826,2513 862,2513 898,2513 933,2512 969,2510 1005,2510 1041,2510 1077,2510 1113,2511 1149,2513"/>
                <TextEquiv>
                    <Unicode>Stückchen „Die Frage an das Schicksal".</Unicode>
                </TextEquiv>
            </TextLine>
            <TextLine id="tr_1_tl_41" custom="readingOrder {index:40;}">
                <Coords points="417,2568 1620,2550 1620,2508 417,2526"/>
                <Baseline points="426,2561 485,2559 545,2558 605,2558 665,2558 725,2555 785,2552 844,2552 904,2549 964,2550 1024,2550 1084,2549 1144,2549 1204,2549 1263,2546 1323,2545 1383,2543 1443,2543 1503,2543 1563,2543 1623,2543"/>
                <TextEquiv>
                    <Unicode>sinnige Liebhaber, der von sich auf andere schließend, in eifersüchtiger</Unicode>
                </TextEquiv>
            </TextLine>
            <TextLine id="tr_1_tl_42" custom="readingOrder {index:41;}">
                <Coords points="417,2612 1623,2588 1606,2549 419,2573"/>
                <Baseline points="426,2600 486,2600 546,2597 606,2597 666,2595 726,2594 786,2594 846,2592 906,2591 966,2589 1026,2589 1086,2588 1146,2588 1206,2586 1266,2585 1326,2584 1386,2582 1446,2582 1506,2582 1566,2582 1626,2576"/>
                <TextEquiv>
                    <Unicode>Leidenschaft um die Treue seiner momentanen Flamme bangt, hypnoti¬</Unicode>
                </TextEquiv>
            </TextLine>
            <TextLine id="tr_1_tl_43" custom="readingOrder {index:42;}">
                <Coords points="424,2651 1523,2639 1624,2629 1626,2589 424,2612"/>
                <Baseline points="432,2638 491,2636 551,2635 611,2635 670,2635 730,2632 790,2631 849,2629 909,2629 969,2629 1029,2627 1088,2629 1148,2626 1208,2624 1267,2626 1327,2622 1387,2622 1446,2620 1506,2620 1566,2620 1626,2620"/>
                <TextEquiv>
                    <Unicode>siert das Fräulein in der Ueberzeugung, daß sie in diesem Zustand</Unicode>
                </TextEquiv>
            </TextLine>
            <TextLine id="tr_1_tl_44" custom="readingOrder {index:43;}">
                <Coords points="417,2698 1599,2674 1627,2630 417,2656"/>
                <Baseline points="426,2677 486,2676 546,2674 606,2674 666,2673 726,2671 786,2671 847,2669 907,2668 967,2668 1027,2666 1087,2662 1147,2665 1207,2663 1268,2662 1328,2661 1388,2659 1448,2659 1508,2659 1568,2659 1629,2659"/>
                <TextEquiv>
                    <Unicode>die volle Wahrheit sagen werde. Er empfindet aber dann in dem</Unicode>
                </TextEquiv>
            </TextLine>
            <TextLine id="tr_1_tl_45" custom="readingOrder {index:44;}">
                <Coords points="414,2733 1514,2718 1617,2670 414,2700"/>
                <Baseline points="423,2716 482,2716 542,2713 602,2713 661,2711 721,2710 781,2709 840,2707 900,2707 960,2707 1020,2707 1079,2707 1139,2704 1199,2704 1258,2701 1318,2698 1378,2698 1437,2698 1497,2698 1557,2698 1617,2695"/>
                <TextEquiv>
                    <Unicode>entscheidenden Moment eine solche Furcht, daß er den Zeugen des</Unicode>
                </TextEquiv>
            </TextLine>
            <TextLine id="tr_1_tl_46" custom="readingOrder {index:45;}">
                <Coords points="416,2774 1620,2745 1605,2701 417,2730"/>
                <Baseline points="426,2758 485,2756 545,2755 605,2751 665,2751 725,2749 785,2748 844,2746 904,2746 964,2745 1024,2743 1084,2743 1144,2742 1204,2742 1263,2740 1323,2739 1383,2737 1443,2737 1503,2737 1563,2737 1623,2734"/>
                <TextEquiv>
                    <Unicode>Experiments fortschickt und das Mädchen mit einem langen Kusse</Unicode>
                </TextEquiv>
            </TextLine>
            <TextLine id="tr_1_tl_47" custom="readingOrder {index:46;}">
                <Coords points="417,2803 1620,2780 1606,2742 417,2775"/>
                <Baseline points="426,2797 485,2795 545,2794 605,2793 665,2789 725,2788 785,2787 844,2785 904,2782 964,2785 1024,2783 1084,2782 1144,2782 1204,2782 1263,2779 1323,2778 1383,2776 1443,2776 1503,2776 1563,2776 1623,2773"/>
                <TextEquiv>
                    <Unicode>erweckt. Nichtwissen ist das Beste. Ein Thema, das der Dichter in</Unicode>
                </TextEquiv>
            </TextLine>
            <TextLine id="tr_1_tl_48" custom="readingOrder {index:47;}">
                <Coords points="417,2847 1472,2839 1611,2828 1612,2781 417,2804"/>
                <Baseline points="426,2832 485,2833 544,2832 604,2831 663,2829 723,2826 782,2826 841,2826 901,2823 960,2823 1020,2823 1079,2820 1138,2820 1198,2820 1257,2820 1317,2817 1376,2816 1435,2815 1495,2815 1554,2816 1614,2815"/>
                <TextEquiv>
                    <Unicode>den verwandten Situationen seines „Paracelsius“ wieder auf¬</Unicode>
                </TextEquiv>
            </TextLine>
            <TextLine id="tr_1_tl_49" custom="readingOrder {index:48;}">
                <Coords points="420,2896 1407,2862 1407,2827 1363,2821 422,2850"/>
                <Baseline points="429,2880 478,2876 527,2871 576,2870 625,2868 674,2868 723,2866 772,2865 821,2865 870,2865 920,2862 969,2865 1018,2862 1067,2862 1116,2861 1165,2858 1214,2858 1263,2857 1312,2854 1361,2856 1411,2856"/>
                <TextEquiv>
                    <Unicode>genommen und psychologisch auf glücklichste vertieft hat.</Unicode>
                </TextEquiv>
            </TextLine>
            <TextLine id="tr_1_tl_50" custom="readingOrder {index:49;}">
                <Coords points="496,2913 1621,2901 1621,2854 1481,2844 496,2880"/>
                <Baseline points="504,2910 562,2909 621,2907 680,2907 739,2906 798,2904 857,2901 916,2903 975,2901 1034,2901 1092,2901 1151,2897 1210,2897 1269,2895 1328,2895 1387,2895 1446,2892 1505,2892 1564,2892 1623,2892"/>
                <TextEquiv>
                    <Unicode>Den no haltigsten Eindruck machte das kleine Mittelstückchen</Unicode>
                </TextEquiv>
            </TextLine>
            <TextLine id="tr_1_tl_51" custom="readingOrder {index:50;}">
                <Coords points="417,2957 1618,2955 1597,2899 417,2913"/>
                <Baseline points="426,2949 485,2952 545,2952 605,2949 664,2949 724,2946 784,2946 843,2946 903,2946 963,2943 1023,2943 1082,2940 1142,2939 1202,2937 1261,2937 1321,2936 1381,2934 1440,2934 1500,2934 1560,2934 1620,2934"/>
                <TextEquiv>
                    <Unicode>im ersten Teile. „Weihnachtseinkäufe". Hier wird die Schilderung</Unicode>
                </TextEquiv>
            </TextLine>
            <TextLine id="tr_1_tl_52" custom="readingOrder {index:51;}">
                <Coords points="414,3007 425,3005 437,3017 454,3011 472,3016 479,3010 501,3010 513,2999 535,2993 560,3001 560,2963 531,2966 514,2957 493,2966 484,2955 454,2966 431,2955 414,2955"/>
                <Baseline points="423,2991 451,2991 479,2990 507,2988 535,2989 564,2991"/>
                <TextEquiv>
                    <Unicode>intimer.</Unicode>
                </TextEquiv>
            </TextLine>
            <TextLine id="tr_1_tl_53" custom="readingOrder {index:52;}">
                <Coords points="496,3037 1629,3016 1629,2978 1544,2955 1030,2995 659,2961 496,3005"/>
                <Baseline points="504,3023 560,3026 616,3023 673,3021 729,3020 786,3020 842,3020 898,3018 955,3017 1011,3020 1068,3016 1124,3015 1180,3015 1237,3013 1293,3014 1350,3012 1406,3012 1462,3011 1519,3009 1575,3009 1632,3009"/>
                <TextEquiv>
                    <Unicode>Lina Lossens diskrete Kunst brachte den leise abgestuften</Unicode>
                </TextEquiv>
            </TextLine>
            <TextLine id="tr_1_tl_54" custom="readingOrder {index:53;}">
                <Coords points="411,3086 1626,3060 1626,3014 413,3025"/>
                <Baseline points="420,3068 480,3065 540,3065 601,3065 661,3062 722,3062 782,3059 843,3059 903,3059 964,3059 1024,3056 1084,3054 1145,3055 1205,3053 1266,3053 1326,3050 1387,3048 1447,3050 1508,3050 1568,3048 1629,3047"/>
                <TextEquiv>
                    <Unicode>Uebergang zu lebendig überzeugendem Ausdruck, Mannards auch</Unicode>
                </TextEquiv>
            </TextLine>
            <TextLine id="tr_1_tl_55" custom="readingOrder {index:54;}">
                <Coords points="433,3117 1629,3098 1629,3061 1517,3052 434,3075"/>
                <Baseline points="441,3104 500,3104 560,3104 619,3101 679,3101 738,3101 798,3098 857,3096 917,3098 976,3098 1036,3096 1096,3095 1155,3092 1215,3092 1274,3092 1334,3089 1393,3089 1453,3086 1512,3087 1572,3087 1632,3086"/>
                <TextEquiv>
                    <Unicode>sonst vortrefflicher, schon etwas angefahrter Anatol erreichte hier in</Unicode>
                </TextEquiv>
            </TextLine>
            <TextLine id="tr_1_tl_56" custom="readingOrder {index:55;}">
                <Coords points="420,3160 1523,3154 1629,3140 1630,3099 420,3111"/>
                <Baseline points="429,3143 489,3145 549,3143 609,3143 669,3140 729,3138 789,3137 850,3137 910,3137 970,3137 1030,3135 1090,3134 1150,3131 1210,3131 1271,3131 1331,3130 1391,3128 1451,3125 1511,3128 1571,3128 1632,3125"/>
                <TextEquiv>
                    <Unicode>diesen Szenen, in denen sich zu der blasierten Nonchalance ein Zug</Unicode>
                </TextEquiv>
            </TextLine>
            <TextLine id="tr_1_tl_57" custom="readingOrder {index:56;}">
                <Coords points="427,3191 1640,3173 1640,3137 1558,3134 428,3157"/>
                <Baseline points="435,3182 495,3184 555,3182 616,3182 676,3181 737,3177 797,3179 858,3176 918,3176 979,3176 1039,3173 1099,3173 1160,3172 1220,3170 1281,3170 1341,3168 1402,3170 1462,3167 1523,3166 1583,3164 1644,3167"/>
                <TextEquiv>
                    <Unicode>urwüchsig echter Liebenswürdigkeit gesellt, den Höhepunkt. Herr</Unicode>
                </TextEquiv>
            </TextLine>
            <TextLine id="tr_1_tl_58" custom="readingOrder {index:57;}">
                <Coords points="1531,3225 1584,3234 1614,3226 1653,3237 1650,3161 1638,3158 1623,3176 1599,3175 1591,3182 1544,3170 1528,3175"/>
                <Baseline points="1537,3206 1566,3208 1596,3209 1626,3209 1656,3212"/>
                <TextEquiv>
                    <Unicode></Unicode>
                </TextEquiv>
            </TextLine>
            <TextLine id="tr_1_tl_59" custom="readingOrder {index:58;}">
                <Coords points="411,3250 1234,3244 1225,3179 413,3194"/>
                <Baseline points="420,3226 460,3226 501,3224 542,3223 583,3223 624,3222 665,3220 706,3220 747,3218 788,3220 829,3218 869,3218 910,3216 951,3215 992,3215 1033,3215 1074,3215 1115,3214 1156,3212 1197,3212 1238,3212"/>
                <TextEquiv>
                    <Unicode>Reicher spielte den Freund und Räsonneur.</Unicode>
                </TextEquiv>
            </TextLine>
            <TextEquiv>
                <Unicode></Unicode>
            </TextEquiv>
        </TextRegion>
        <TextRegion orientation="0.0" id="tr_2" custom="readingOrder {index:1;}">
            <Coords points="2044,66 2044,4072 3271,4072 3271,66"/>
            <TextLine id="tr_2_tl_1" custom="readingOrder {index:0;}">
                <Coords points="2183,101 3203,130 3202,70 2614,82 2532,36 2181,24"/>
                <Baseline points="2191,86 2241,92 2292,93 2343,95 2394,93 2444,95 2495,95 2546,95 2597,97 2647,98 2698,98 2749,101 2800,104 2850,105 2901,107 2952,107 3003,107 3053,109 3104,110 3155,110 3206,116"/>
                <TextEquiv>
                    <Unicode>de</Unicode>
                </TextEquiv>
            </TextLine>
            <TextLine id="tr_2_tl_2" custom="readingOrder {index:1;}">
                <Coords points="2152,151 3200,160 3157,119 2152,98"/>
                <Baseline points="2161,131 2213,131 2265,132 2317,134 2369,134 2421,134 2473,137 2525,137 2577,134 2629,135 2682,137 2734,137 2786,140 2838,143 2890,146 2942,146 2994,146 3046,148 3098,149 3150,152 3203,149"/>
                <TextEquiv>
                    <Unicode>New-York, Paris, Rom, San Francisco, Stockholm, St. Peters¬</Unicode>
                </TextEquiv>
            </TextLine>
            <TextLine id="tr_2_tl_3" custom="readingOrder {index:2;}">
                <Coords points="2538,185 2595,182 2621,195 2683,182 2812,191 2812,157 2786,148 2710,156 2667,142 2579,153 2562,141 2538,150"/>
                <Baseline points="2546,173 2572,173 2599,174 2626,175 2653,176 2680,176 2707,178 2734,179 2761,179 2788,179 2815,179"/>
                <TextEquiv>
                    <Unicode>burg, Toronto.</Unicode>
                </TextEquiv>
            </TextLine>
            <TextLine id="tr_2_tl_4" custom="readingOrder {index:3;}">
                <Coords points="2499,234 2535,239 2617,215 2639,234 2763,225 2803,230 2827,251 2862,245 2859,195 2824,188 2497,186"/>
                <Baseline points="2507,205 2532,207 2557,208 2583,208 2608,209 2633,210 2659,211 2684,211 2709,211 2735,211 2760,213 2785,215 2811,216 2836,218 2862,220"/>
                <TextEquiv>
                    <Unicode>Quellenangabe ohne Gewähr.)</Unicode>
                </TextEquiv>
            </TextLine>
            <TextLine id="tr_2_tl_5" custom="readingOrder {index:4;}">
                <Coords points="2148,301 2196,280 2232,298 2273,286 2301,309 2458,287 2517,296 2515,237 2497,244 2441,222 2360,242 2294,233 2252,251 2172,222 2146,233"/>
                <Baseline points="2155,274 2181,274 2207,274 2233,274 2259,275 2285,277 2311,277 2337,277 2363,277 2389,277 2415,277 2441,278 2467,280 2493,280 2519,280"/>
                <TextEquiv>
                    <Unicode>Ausschnitt aus:</Unicode>
                </TextEquiv>
            </TextLine>
            <TextLine id="tr_2_tl_6" custom="readingOrder {index:5;}">
                <Coords points="2482,355 2667,365 2695,340 2759,369 2794,346 3203,387 3267,374 3265,325 2650,277 2479,292"/>
                <Baseline points="2489,340 2528,335 2567,336 2606,337 2645,338 2684,341 2723,343 2762,343 2801,346 2840,349 2880,351 2919,352 2958,352 2997,353 3036,355 3075,355 3114,355 3153,357 3192,360 3231,361 3271,364"/>
                <TextEquiv>
                    <Unicode>Norddeutsche Allgemeine Zeitun¬</Unicode>
                </TextEquiv>
            </TextLine>
            <TextLine id="tr_2_tl_7" custom="readingOrder {index:6;}">
                <Coords points="2340,404 2379,405 2400,395 2432,404 2571,407 2595,402 2594,377 2573,386 2541,380 2461,325 2432,324 2412,339 2384,322 2376,330 2335,325"/>
                <Baseline points="2346,388 2371,388 2396,388 2421,390 2446,391 2471,391 2496,393 2521,396 2546,398 2571,400 2597,400"/>
                <TextEquiv>
                    <Unicode>6-</Unicode>
                </TextEquiv>
            </TextLine>
            <TextLine id="tr_2_tl_8" custom="readingOrder {index:7;}">
                <Coords points="2140,393 2161,401 2198,401 2210,395 2219,402 2254,401 2258,396 2269,401 2276,393 2285,393 2285,357 2266,358 2254,366 2235,361 2220,368 2216,363 2208,369 2184,357 2172,366 2155,357 2140,360"/>
                <Baseline points="2149,394 2177,394 2205,394 2233,394 2261,393 2289,391"/>
                <TextEquiv>
                    <Unicode>vom</Unicode>
                </TextEquiv>
            </TextLine>
            <TextLine id="tr_2_tl_9" custom="readingOrder {index:8;}">
                <Coords points="2662,402 2722,404 2745,419 2792,414 2847,436 2906,416 2948,442 2974,442 2969,363 2865,374 2791,348 2759,369 2733,346 2707,351 2695,340 2660,363"/>
                <Baseline points="2671,397 2696,397 2721,397 2747,397 2772,398 2798,399 2823,400 2848,400 2874,403 2899,405 2925,407 2950,409 2976,411"/>
                <TextEquiv>
                    <Unicode>Berlin.</Unicode>
                </TextEquiv>
            </TextLine>
            <TextLine id="tr_2_tl_10" custom="readingOrder {index:9;}">
                <Coords points="2379,569 2892,578 2892,510 2868,495 2704,519 2615,496 2487,517 2379,499"/>
                <Baseline points="2388,555 2413,555 2438,555 2464,555 2489,555 2514,555 2540,555 2565,555 2590,555 2616,555 2641,555 2666,555 2692,555 2717,555 2742,555 2768,554 2793,552 2818,554 2844,555 2869,555 2895,558"/>
                <TextEquiv>
                    <Unicode>Theater und Musik.</Unicode>
                </TextEquiv>
            </TextLine>
            <TextLine id="tr_2_tl_11" custom="readingOrder {index:10;}">
                <Coords points="2137,623 3234,622 3234,567 3034,555 2137,573"/>
                <Baseline points="2146,611 2200,611 2255,608 2309,611 2364,611 2419,611 2473,611 2528,611 2582,614 2637,614 2692,614 2746,611 2801,613 2855,611 2910,611 2965,608 3019,614 3074,611 3128,611 3183,611 3238,608"/>
                <TextEquiv>
                    <Unicode>B. Der Anatol des Herrn Arthur Schnitzler</Unicode>
                </TextEquiv>
            </TextLine>
            <TextLine id="tr_2_tl_12" custom="readingOrder {index:11;}">
                <Coords points="2054,667 3225,667 3225,622 2054,610"/>
                <Baseline points="2062,653 2120,652 2178,652 2237,653 2295,653 2353,654 2412,656 2470,653 2528,656 2587,656 2645,656 2703,656 2762,656 2820,656 2878,656 2937,654 2995,653 3053,656 3112,653 3170,653 3229,653"/>
                <TextEquiv>
                    <Unicode>hat die Stammgäste des Lessingtheaters am letzten</Unicode>
                </TextEquiv>
            </TextLine>
            <TextLine id="tr_2_tl_13" custom="readingOrder {index:12;}">
                <Coords points="2054,702 3219,703 3219,666 3119,655 2054,659"/>
                <Baseline points="2062,689 2120,696 2178,698 2236,698 2294,695 2352,695 2410,698 2468,698 2526,698 2584,698 2642,698 2700,699 2758,699 2816,698 2874,698 2932,698 2990,698 3048,698 3106,698 3164,696 3223,695"/>
                <TextEquiv>
                    <Unicode>Sonnabend weidlich ergötzt. Die mit dem genannten Wiener</Unicode>
                </TextEquiv>
            </TextLine>
            <TextLine id="tr_2_tl_14" custom="readingOrder {index:13;}">
                <Coords points="2057,758 3225,746 3225,703 2057,702"/>
                <Baseline points="2065,743 2123,743 2181,743 2239,743 2297,740 2356,740 2414,740 2472,743 2530,742 2588,742 2647,740 2705,743 2763,743 2821,743 2879,742 2938,740 2996,740 3054,740 3112,740 3170,740 3229,737"/>
                <TextEquiv>
                    <Unicode>Poeten näher vertraut sind, wissen, daß sein Anatol der Typus</Unicode>
                </TextEquiv>
            </TextLine>
            <TextLine id="tr_2_tl_15" custom="readingOrder {index:14;}">
                <Coords points="2054,797 3232,794 3213,744 2054,759"/>
                <Baseline points="2062,785 2120,785 2179,785 2237,785 2296,785 2355,785 2413,785 2472,785 2531,785 2589,785 2648,785 2707,787 2765,785 2824,787 2883,785 2941,785 3000,785 3059,785 3117,784 3176,782 3235,782"/>
                <TextEquiv>
                    <Unicode>eines weichmütigen und wehleidigen, ein wenig vertrottelten und</Unicode>
                </TextEquiv>
            </TextLine>
            <TextLine id="tr_2_tl_16" custom="readingOrder {index:15;}">
                <Coords points="2054,841 3228,836 3228,793 3176,790 2054,797"/>
                <Baseline points="2062,829 2120,826 2179,829 2237,829 2296,826 2354,829 2413,829 2471,826 2530,829 2588,829 2647,829 2705,831 2764,829 2822,829 2881,829 2939,829 2998,827 3056,826 3115,825 3173,825 3232,823"/>
                <TextEquiv>
                    <Unicode>ein wenig geistreichen jungen Mannes ist, dem seine Vermögens¬</Unicode>
                </TextEquiv>
            </TextLine>
            <TextLine id="tr_2_tl_17" custom="readingOrder {index:16;}">
                <Coords points="2054,885 3225,883 3225,839 3169,832 2054,845"/>
                <Baseline points="2062,871 2120,872 2178,874 2237,871 2295,871 2353,871 2412,871 2470,871 2528,871 2587,871 2645,871 2703,871 2762,873 2820,874 2878,871 2937,871 2995,871 3053,871 3112,871 3170,871 3229,874"/>
                <TextEquiv>
                    <Unicode>verhältnisse das phakische Dasein eines Nichtstuers gestatten,</Unicode>
                </TextEquiv>
            </TextLine>
            <TextLine id="tr_2_tl_18" custom="readingOrder {index:17;}">
                <Coords points="2057,935 3220,920 3210,876 2057,883"/>
                <Baseline points="2065,916 2122,915 2180,915 2238,916 2296,914 2354,916 2412,916 2470,916 2528,916 2586,914 2644,916 2701,915 2759,915 2817,919 2875,915 2933,913 2991,913 3049,913 3107,912 3165,912 3223,910"/>
                <TextEquiv>
                    <Unicode>und der ein gut Teil seiner Zeit mit den süßen Mädeln“ ver¬</Unicode>
                </TextEquiv>
            </TextLine>
            <TextLine id="tr_2_tl_19" custom="readingOrder {index:18;}">
                <Coords points="2057,979 3225,974 3225,918 3148,914 2057,941"/>
                <Baseline points="2065,958 2123,960 2181,958 2239,958 2297,958 2356,958 2414,960 2472,961 2530,958 2588,960 2647,961 2705,960 2763,960 2821,958 2879,960 2938,958 2996,958 3054,958 3112,958 3170,958 3229,958"/>
                <TextEquiv>
                    <Unicode>plempert. Aber er gleicht seinem Ahnen, dem Don Juan, doch</Unicode>
                </TextEquiv>
            </TextLine>
            <TextLine id="tr_2_tl_20" custom="readingOrder {index:19;}">
                <Coords points="2057,1018 3225,1013 3178,963 2057,979"/>
                <Baseline points="2065,1005 2123,1004 2181,1004 2239,1003 2297,1003 2356,1003 2414,1003 2472,1003 2530,1003 2588,1003 2647,1003 2705,1004 2763,1003 2821,1005 2879,1002 2938,1001 2996,1003 3054,1003 3112,1000 3170,1000 3229,1000"/>
                <TextEquiv>
                    <Unicode>nur wenig; denn er erobert und besiegt nicht, sondern er wird</Unicode>
                </TextEquiv>
            </TextLine>
            <TextLine id="tr_2_tl_21" custom="readingOrder {index:20;}">
                <Coords points="2057,1056 3228,1057 3228,1016 3173,1007 2057,1025"/>
                <Baseline points="2065,1050 2123,1047 2181,1047 2240,1047 2298,1047 2356,1046 2415,1044 2473,1044 2531,1047 2590,1047 2648,1047 2706,1047 2765,1047 2823,1047 2881,1047 2940,1044 2998,1044 3056,1041 3115,1044 3173,1044 3232,1044"/>
                <TextEquiv>
                    <Unicode>erobert und wird besiegt und sieht sich am Ende immer von der</Unicode>
                </TextEquiv>
            </TextLine>
            <TextLine id="tr_2_tl_22" custom="readingOrder {index:21;}">
                <Coords points="2054,1101 3225,1101 3187,1051 2054,1054"/>
                <Baseline points="2062,1089 2120,1091 2178,1091 2237,1092 2295,1092 2353,1092 2412,1092 2470,1092 2528,1092 2587,1092 2645,1092 2703,1089 2762,1091 2820,1092 2878,1089 2937,1089 2995,1089 3053,1086 3112,1087 3170,1089 3229,1089"/>
                <TextEquiv>
                    <Unicode>betreffenden Liebsten hineingelegt. Schnitzler läßt dies Exemplar</Unicode>
                </TextEquiv>
            </TextLine>
            <TextLine id="tr_2_tl_23" custom="readingOrder {index:22;}">
                <Coords points="2054,1143 3222,1137 3222,1100 3051,1092 2054,1112"/>
                <Baseline points="2062,1137 2120,1136 2178,1134 2236,1134 2294,1136 2353,1134 2411,1132 2469,1134 2527,1134 2585,1134 2644,1134 2702,1134 2760,1134 2818,1134 2876,1131 2935,1131 2993,1133 3051,1131 3109,1131 3167,1131 3226,1125"/>
                <TextEquiv>
                    <Unicode>eines melancholisch angehauchten Genüßlings durch fünf Ein¬</Unicode>
                </TextEquiv>
            </TextLine>
            <TextLine id="tr_2_tl_24" custom="readingOrder {index:23;}">
                <Coords points="2057,1196 3225,1192 3225,1133 2057,1162"/>
                <Baseline points="2065,1179 2123,1179 2181,1179 2239,1179 2297,1179 2356,1178 2414,1174 2472,1179 2530,1179 2588,1179 2647,1179 2705,1179 2763,1179 2821,1179 2879,1176 2938,1176 2996,1176 3054,1176 3112,1176 3170,1174 3229,1173"/>
                <TextEquiv>
                    <Unicode>akter wandeln, die jeweils in sich abgeschlossen, aber dramatisch</Unicode>
                </TextEquiv>
            </TextLine>
            <TextLine id="tr_2_tl_25" custom="readingOrder {index:24;}">
                <Coords points="2057,1233 3225,1228 3197,1181 2057,1196"/>
                <Baseline points="2065,1223 2123,1223 2181,1223 2239,1223 2297,1223 2356,1222 2414,1220 2472,1220 2530,1220 2588,1220 2647,1220 2705,1220 2763,1220 2821,1220 2879,1219 2938,1217 2996,1219 3054,1217 3112,1217 3170,1215 3229,1217"/>
                <TextEquiv>
                    <Unicode>nicht sonderlich pointiert und eigentlich nur Plaudereien in</Unicode>
                </TextEquiv>
            </TextLine>
            <TextLine id="tr_2_tl_26" custom="readingOrder {index:25;}">
                <Coords points="2054,1275 3225,1278 3225,1233 3170,1222 2054,1234"/>
                <Baseline points="2062,1265 2120,1266 2178,1268 2237,1268 2295,1262 2353,1265 2412,1265 2470,1265 2528,1265 2587,1265 2645,1265 2703,1265 2762,1265 2820,1265 2878,1262 2937,1262 2995,1262 3053,1262 3112,1262 3170,1262 3229,1259"/>
                <TextEquiv>
                    <Unicode>Dialogform sind. Weshalb sie sich vielleicht in der Form des</Unicode>
                </TextEquiv>
            </TextLine>
            <TextLine id="tr_2_tl_27" custom="readingOrder {index:26;}">
                <Coords points="2054,1314 3225,1316 3181,1272 2054,1275"/>
                <Baseline points="2062,1307 2120,1310 2178,1312 2237,1310 2295,1310 2353,1309 2412,1307 2470,1310 2528,1308 2587,1308 2645,1310 2703,1309 2762,1307 2820,1307 2878,1310 2937,1307 2995,1309 3053,1307 3112,1307 3170,1305 3229,1301"/>
                <TextEquiv>
                    <Unicode>Buches, als welches sie schon vor etlichen Jahren er¬</Unicode>
                </TextEquiv>
            </TextLine>
            <TextLine id="tr_2_tl_28" custom="readingOrder {index:27;}">
                <Coords points="2063,1369 3228,1361 3228,1319 3140,1308 2063,1317"/>
                <Baseline points="2071,1358 2129,1353 2187,1357 2245,1355 2303,1352 2361,1352 2419,1349 2477,1352 2535,1351 2593,1351 2651,1352 2709,1351 2767,1351 2825,1352 2883,1352 2941,1352 2999,1352 3057,1349 3115,1349 3173,1349 3232,1346"/>
                <TextEquiv>
                    <Unicode>schienen, netter lesen, als sie sich auf der Bühne</Unicode>
                </TextEquiv>
            </TextLine>
            <TextLine id="tr_2_tl_29" custom="readingOrder {index:28;}">
                <Coords points="2054,1405 3225,1402 3225,1360 3117,1352 2054,1369"/>
                <Baseline points="2062,1397 2120,1397 2178,1399 2237,1397 2295,1397 2353,1395 2412,1395 2470,1397 2528,1396 2587,1394 2645,1397 2703,1396 2762,1394 2820,1394 2878,1394 2937,1394 2995,1394 3053,1394 3112,1391 3170,1391 3229,1391"/>
                <TextEquiv>
                    <Unicode>ansehen. Bei aller Lustigkeit, die der Autor entfaltet, ist um</Unicode>
                </TextEquiv>
            </TextLine>
            <TextLine id="tr_2_tl_30" custom="readingOrder {index:29;}">
                <Coords points="2057,1449 3222,1444 3222,1399 3155,1393 2057,1407"/>
                <Baseline points="2065,1444 2123,1441 2181,1441 2239,1441 2297,1440 2355,1438 2413,1438 2471,1438 2529,1440 2587,1438 2645,1438 2703,1438 2761,1438 2819,1438 2877,1438 2935,1437 2993,1435 3051,1435 3109,1435 3167,1435 3226,1435"/>
                <TextEquiv>
                    <Unicode>diese kleinen Affären doch stets ein Hauch des Schmerzlichen</Unicode>
                </TextEquiv>
            </TextLine>
            <TextLine id="tr_2_tl_31" custom="readingOrder {index:30;}">
                <Coords points="2063,1503 3228,1490 3205,1441 2065,1458"/>
                <Baseline points="2071,1486 2129,1483 2187,1485 2245,1483 2303,1483 2361,1483 2419,1480 2477,1483 2535,1483 2593,1481 2651,1483 2709,1481 2767,1481 2825,1483 2883,1480 2941,1480 2999,1480 3057,1480 3115,1480 3173,1480 3232,1480"/>
                <TextEquiv>
                    <Unicode>gebreitet. Wie aus dem Wiener Walzer, wenn er so recht</Unicode>
                </TextEquiv>
            </TextLine>
            <TextLine id="tr_2_tl_32" custom="readingOrder {index:31;}">
                <Coords points="2060,1543 3228,1537 3228,1488 3143,1482 2060,1509"/>
                <Baseline points="2068,1531 2126,1528 2184,1528 2242,1528 2300,1526 2359,1528 2417,1528 2475,1525 2533,1525 2591,1525 2650,1528 2708,1525 2766,1525 2824,1525 2882,1524 2941,1523 2999,1525 3057,1525 3115,1523 3173,1523 3232,1525"/>
                <TextEquiv>
                    <Unicode>schwebt und schmachtet, etwas Wehmütiges hervorklingt, etwas</Unicode>
                </TextEquiv>
            </TextLine>
            <TextLine id="tr_2_tl_33" custom="readingOrder {index:32;}">
                <Coords points="2051,1579 3222,1579 3222,1537 3166,1529 2051,1549"/>
                <Baseline points="2059,1573 2117,1570 2175,1570 2234,1570 2292,1570 2350,1570 2409,1572 2467,1570 2525,1570 2584,1570 2642,1570 2700,1570 2759,1570 2817,1570 2875,1570 2934,1567 2992,1567 3050,1567 3109,1566 3167,1566 3226,1567"/>
                <TextEquiv>
                    <Unicode>von der Stimmung, daß morgen alles aus sein wird. Der</Unicode>
                </TextEquiv>
            </TextLine>
            <TextLine id="tr_2_tl_34" custom="readingOrder {index:33;}">
                <Coords points="2048,1618 3226,1614 3211,1576 3001,1567 2048,1578"/>
                <Baseline points="2056,1614 2114,1614 2173,1616 2231,1614 2290,1614 2349,1611 2407,1613 2466,1611 2525,1613 2583,1613 2642,1611 2701,1611 2759,1611 2818,1609 2877,1611 2935,1610 2994,1609 3053,1609 3111,1609 3170,1609 3229,1606"/>
                <TextEquiv>
                    <Unicode>Anatol ist im Grunde ein armer Kerl. Seine Geliebten be¬</Unicode>
                </TextEquiv>
            </TextLine>
            <TextLine id="tr_2_tl_35" custom="readingOrder {index:34;}">
                <Coords points="2051,1665 3225,1665 3225,1614 3161,1611 2051,1626"/>
                <Baseline points="2059,1659 2117,1659 2176,1658 2234,1658 2293,1656 2351,1656 2410,1656 2468,1656 2527,1656 2585,1654 2644,1656 2702,1655 2761,1655 2819,1653 2878,1653 2936,1653 2995,1653 3053,1653 3112,1652 3170,1652 3229,1656"/>
                <TextEquiv>
                    <Unicode>trügen ihn, und die Gattin, die er am Ende bekommen soll,</Unicode>
                </TextEquiv>
            </TextLine>
            <TextLine id="tr_2_tl_36" custom="readingOrder {index:35;}">
                <Coords points="2048,1709 3228,1712 3208,1658 2048,1674"/>
                <Baseline points="2056,1701 2114,1701 2173,1701 2232,1699 2291,1701 2350,1698 2408,1698 2467,1698 2526,1701 2585,1701 2644,1698 2702,1698 2761,1698 2820,1698 2879,1698 2938,1698 2996,1696 3055,1695 3114,1695 3173,1697 3232,1695"/>
                <TextEquiv>
                    <Unicode>wird ihn auch betrügen, so daß sich ihm die Perspektive auf¬</Unicode>
                </TextEquiv>
            </TextLine>
            <TextLine id="tr_2_tl_37" custom="readingOrder {index:36;}">
                <Coords points="2036,1747 3225,1748 3158,1702 2036,1714"/>
                <Baseline points="2044,1743 2103,1746 2162,1746 2221,1745 2281,1743 2340,1746 2399,1745 2458,1743 2518,1743 2577,1741 2636,1743 2695,1743 2755,1743 2814,1741 2873,1740 2932,1738 2992,1738 3051,1737 3110,1737 3169,1737 3229,1737"/>
                <TextEquiv>
                    <Unicode>tut auf ein Dasein voll Erinnerungen an der Seite einer</Unicode>
                </TextEquiv>
            </TextLine>
            <TextLine id="tr_2_tl_38" custom="readingOrder {index:37;}">
                <Coords points="2674,1789 2907,1801 2939,1785 3019,1810 3054,1789 3228,1795 3229,1756 3143,1742 3052,1761 3017,1742 2925,1762 2798,1747 2769,1773 2738,1748 2676,1758"/>
                <Baseline points="2683,1788 2710,1787 2737,1785 2765,1785 2792,1785 2820,1783 2847,1783 2875,1785 2902,1785 2930,1784 2957,1782 2984,1782 3012,1782 3039,1782 3067,1782 3094,1782 3122,1782 3149,1782 3177,1782 3204,1783 3232,1785"/>
                <TextEquiv>
                    <Unicode>Die in den fünf Einaktern</Unicode>
                </TextEquiv>
            </TextLine>
            <TextLine id="tr_2_tl_39" custom="readingOrder {index:38;}">
                <Coords points="2063,1807 2638,1792 2614,1765 2529,1777 2474,1751 2302,1753 2260,1773 2220,1748 2190,1765 2063,1754"/>
                <Baseline points="2071,1791 2099,1791 2128,1790 2156,1788 2185,1788 2213,1788 2242,1786 2270,1786 2299,1788 2327,1788 2356,1788 2384,1788 2413,1786 2441,1786 2470,1788 2498,1788 2527,1789 2555,1790 2584,1791 2612,1791 2641,1791"/>
                <TextEquiv>
                    <Unicode>Frau, die er nicht mag . . . .</Unicode>
                </TextEquiv>
            </TextLine>
            <TextLine id="tr_2_tl_40" custom="readingOrder {index:39;}">
                <Coords points="2057,1848 3225,1836 3225,1794 3172,1788 2059,1807"/>
                <Baseline points="2065,1835 2123,1832 2181,1832 2239,1829 2297,1829 2356,1830 2414,1830 2472,1829 2530,1831 2588,1829 2647,1829 2705,1831 2763,1829 2821,1829 2879,1828 2938,1827 2996,1824 3054,1826 3112,1824 3170,1826 3229,1826"/>
                <TextEquiv>
                    <Unicode>gezeigten Geschehnisse sind an sich ganz belanglos und nichts</Unicode>
                </TextEquiv>
            </TextLine>
            <TextLine id="tr_2_tl_41" custom="readingOrder {index:40;}">
                <Coords points="2054,1894 3232,1882 3232,1838 3126,1829 2054,1859"/>
                <Baseline points="2062,1877 2120,1874 2179,1876 2237,1874 2296,1874 2355,1874 2413,1872 2472,1874 2531,1874 2589,1872 2648,1874 2707,1873 2765,1871 2824,1871 2883,1871 2941,1870 3000,1870 3059,1868 3117,1871 3176,1871 3235,1871"/>
                <TextEquiv>
                    <Unicode>als Episoden: ein billiger Scherz mit einem hypnotisierten</Unicode>
                </TextEquiv>
            </TextLine>
            <TextLine id="tr_2_tl_42" custom="readingOrder {index:41;}">
                <Coords points="2060,1928 3234,1925 3235,1880 3181,1877 2062,1888"/>
                <Baseline points="2068,1916 2126,1920 2185,1922 2243,1919 2302,1916 2360,1916 2419,1919 2477,1916 2536,1918 2594,1916 2653,1916 2711,1916 2770,1916 2828,1916 2887,1913 2945,1915 3004,1916 3062,1913 3121,1913 3179,1913 3238,1916"/>
                <TextEquiv>
                    <Unicode>Dämchen; eine sentimentale Begegnung mit einer Frau aus der</Unicode>
                </TextEquiv>
            </TextLine>
            <TextLine id="tr_2_tl_43" custom="readingOrder {index:42;}">
                <Coords points="2063,1978 3228,1971 3228,1922 3164,1913 2063,1930"/>
                <Baseline points="2071,1961 2129,1960 2187,1964 2245,1961 2303,1963 2361,1961 2419,1961 2477,1961 2535,1961 2593,1959 2651,1961 2709,1960 2767,1958 2825,1958 2883,1958 2941,1958 2999,1956 3057,1958 3115,1958 3173,1958 3232,1961"/>
                <TextEquiv>
                    <Unicode>Gesellschaft auf beschneiter Straße; ein intimes Abendessen,</Unicode>
                </TextEquiv>
            </TextLine>
            <TextLine id="tr_2_tl_44" custom="readingOrder {index:43;}">
                <Coords points="2054,2015 3042,2022 3225,2013 3226,1969 2054,1984"/>
                <Baseline points="2062,2006 2120,2007 2178,2007 2237,2006 2295,2006 2353,2006 2412,2004 2470,2006 2528,2005 2587,2003 2645,2006 2703,2003 2762,2003 2820,2003 2878,2003 2937,2001 2995,2002 3053,2000 3112,2002 3170,2002 3229,2006"/>
                <TextEquiv>
                    <Unicode>wobei Anatol einer kleinen Tänzerin den Abschied geben will,</Unicode>
                </TextEquiv>
            </TextLine>
            <TextLine id="tr_2_tl_45" custom="readingOrder {index:44;}">
                <Coords points="2063,2057 3222,2054 3222,2009 3146,2004 2063,2022"/>
                <Baseline points="2071,2050 2128,2047 2186,2049 2244,2047 2302,2047 2359,2049 2417,2047 2475,2047 2533,2047 2590,2047 2648,2047 2706,2047 2764,2047 2821,2047 2879,2046 2937,2044 2995,2044 3052,2044 3110,2043 3168,2043 3226,2044"/>
                <TextEquiv>
                    <Unicode>aber selbst den Laufpaß erhält; ein entdeckter Betrug, während</Unicode>
                </TextEquiv>
            </TextLine>
            <TextLine id="tr_2_tl_46" custom="readingOrder {index:45;}">
                <Coords points="2072,2104 3231,2101 3231,2051 2072,2059"/>
                <Baseline points="2080,2092 2137,2093 2195,2095 2253,2092 2311,2092 2368,2092 2426,2092 2484,2092 2542,2090 2599,2089 2657,2092 2715,2090 2773,2088 2830,2089 2888,2089 2946,2089 3004,2087 3061,2086 3119,2086 3177,2086 3235,2089"/>
                <TextEquiv>
                    <Unicode>sich Anatol besonders geliebt wähnte; eine Frechheit am Morgen</Unicode>
                </TextEquiv>
            </TextLine>
            <TextLine id="tr_2_tl_47" custom="readingOrder {index:46;}">
                <Coords points="2072,2152 3231,2146 3231,2102 3081,2087 2824,2121 2072,2104"/>
                <Baseline points="2080,2134 2137,2137 2195,2135 2253,2137 2311,2137 2368,2137 2426,2137 2484,2134 2542,2136 2599,2132 2657,2134 2715,2134 2773,2134 2830,2134 2888,2134 2946,2132 3004,2130 3061,2131 3119,2131 3177,2131 3235,2137"/>
                <TextEquiv>
                    <Unicode>seines Hochzeitstages. Aber aus allen glimmt ein Lichtlein,</Unicode>
                </TextEquiv>
            </TextLine>
            <TextLine id="tr_2_tl_48" custom="readingOrder {index:47;}">
                <Coords points="2063,2196 3228,2192 3206,2136 2063,2148"/>
                <Baseline points="2071,2182 2129,2181 2187,2181 2245,2179 2303,2180 2361,2182 2419,2179 2477,2179 2535,2177 2593,2179 2651,2176 2709,2179 2767,2177 2825,2179 2883,2176 2941,2175 2999,2173 3057,2173 3115,2173 3173,2175 3232,2179"/>
                <TextEquiv>
                    <Unicode>das diese Dingerchen mehr oder minder liebenswürdig</Unicode>
                </TextEquiv>
            </TextLine>
            <TextLine id="tr_2_tl_49" custom="readingOrder {index:48;}">
                <Coords points="2063,2243 3228,2226 3148,2178 2063,2195"/>
                <Baseline points="2071,2223 2129,2223 2187,2223 2245,2223 2303,2223 2361,2223 2419,2220 2477,2220 2535,2220 2593,2220 2651,2217 2709,2220 2767,2220 2825,2220 2883,2218 2941,2219 2999,2217 3057,2217 3115,2216 3173,2216 3232,2217"/>
                <TextEquiv>
                    <Unicode>erscheinen läßt: ein bißchen Beseelung, ein Schuß Senti¬</Unicode>
                </TextEquiv>
            </TextLine>
            <TextLine id="tr_2_tl_50" custom="readingOrder {index:49;}">
                <Coords points="2062,2290 3231,2275 3231,2226 3152,2220 2063,2242"/>
                <Baseline points="2071,2268 2129,2268 2187,2268 2245,2268 2303,2266 2362,2267 2420,2265 2478,2265 2536,2265 2594,2265 2653,2265 2711,2265 2769,2265 2827,2262 2885,2264 2944,2262 3002,2262 3060,2262 3118,2261 3176,2261 3235,2259"/>
                <TextEquiv>
                    <Unicode>mentalität, ein Tröpfchen Resignation, ein Klang von Welt¬</Unicode>
                </TextEquiv>
            </TextLine>
            <TextLine id="tr_2_tl_51" custom="readingOrder {index:50;}">
                <Coords points="2060,2332 2954,2313 2924,2269 2060,2290"/>
                <Baseline points="2068,2310 2112,2313 2157,2313 2201,2313 2246,2310 2290,2310 2335,2310 2379,2310 2424,2310 2468,2307 2513,2307 2557,2310 2602,2310 2646,2310 2691,2310 2735,2307 2780,2307 2824,2307 2869,2307 2913,2307 2958,2307"/>
                <TextEquiv>
                    <Unicode>erfahrung, eine Nuance der Menschenverachtung.</Unicode>
                </TextEquiv>
            </TextLine>
            <TextLine id="tr_2_tl_52" custom="readingOrder {index:51;}">
                <Coords points="2152,2372 3228,2356 3219,2304 2152,2322"/>
                <Baseline points="2161,2352 2214,2354 2268,2353 2321,2353 2375,2352 2428,2352 2482,2352 2535,2351 2589,2351 2642,2352 2696,2352 2750,2351 2803,2350 2857,2350 2910,2349 2964,2349 3017,2349 3071,2349 3124,2349 3178,2347 3232,2349"/>
                <TextEquiv>
                    <Unicode>Die Darstellung der Lessing=Theater=Bühne machte die</Unicode>
                </TextEquiv>
            </TextLine>
            <TextLine id="tr_2_tl_53" custom="readingOrder {index:52;}">
                <Coords points="2072,2406 3231,2397 3231,2358 3161,2347 2072,2361"/>
                <Baseline points="2080,2394 2137,2397 2195,2396 2253,2397 2311,2397 2368,2397 2426,2394 2484,2397 2542,2397 2599,2395 2657,2394 2715,2395 2773,2395 2830,2394 2888,2394 2946,2394 3004,2394 3061,2394 3119,2393 3177,2393 3235,2388"/>
                <TextEquiv>
                    <Unicode>fünf Stückchen recht annehmbar und hob sie aus ihrem Buch¬</Unicode>
                </TextEquiv>
            </TextLine>
            <TextLine id="tr_2_tl_54" custom="readingOrder {index:53;}">
                <Coords points="2060,2441 3234,2446 3222,2397 2062,2403"/>
                <Baseline points="2068,2438 2126,2441 2185,2441 2243,2441 2302,2441 2360,2439 2419,2439 2477,2438 2536,2439 2594,2435 2653,2438 2711,2437 2770,2437 2828,2435 2887,2435 2945,2435 3004,2435 3062,2435 3121,2435 3179,2435 3238,2435"/>
                <TextEquiv>
                    <Unicode>dasein heraus zu einem frischen Leben. Sonderlich nett und</Unicode>
                </TextEquiv>
            </TextLine>
            <TextLine id="tr_2_tl_55" custom="readingOrder {index:54;}">
                <Coords points="2075,2499 3234,2488 3210,2441 2075,2450"/>
                <Baseline points="2083,2483 2140,2483 2198,2485 2256,2483 2314,2483 2371,2483 2429,2483 2487,2482 2545,2482 2602,2483 2660,2483 2718,2482 2776,2480 2833,2480 2891,2480 2949,2482 3007,2481 3064,2477 3122,2479 3180,2477 3238,2480"/>
                <TextEquiv>
                    <Unicode>fein war der Anatol des Abends: Herr Heinz Monnard.</Unicode>
                </TextEquiv>
            </TextLine>
            <TextLine id="tr_2_tl_56" custom="readingOrder {index:55;}">
                <Coords points="2069,2539 3237,2536 3235,2485 2069,2500"/>
                <Baseline points="2077,2528 2135,2526 2193,2528 2251,2528 2309,2526 2368,2528 2426,2526 2484,2525 2542,2523 2600,2525 2659,2525 2717,2525 2775,2525 2833,2525 2891,2524 2950,2523 3008,2523 3066,2522 3124,2522 3182,2522 3241,2519"/>
                <TextEquiv>
                    <Unicode>Er trug eigentlich das Ganze von Beginn an, wo sein Haupt</Unicode>
                </TextEquiv>
            </TextLine>
            <TextLine id="tr_2_tl_57" custom="readingOrder {index:56;}">
                <Coords points="2069,2580 3240,2577 3240,2536 3178,2527 2069,2539"/>
                <Baseline points="2077,2573 2135,2573 2193,2573 2252,2573 2310,2570 2368,2572 2427,2570 2485,2570 2543,2569 2602,2567 2660,2570 2718,2567 2777,2569 2835,2567 2893,2567 2952,2567 3010,2567 3068,2564 3127,2565 3185,2565 3244,2567"/>
                <TextEquiv>
                    <Unicode>noch dunkel umwallt war, bis ans Ende, das ihn mit blankester</Unicode>
                </TextEquiv>
            </TextLine>
            <TextLine id="tr_2_tl_58" custom="readingOrder {index:57;}">
                <Coords points="2069,2624 3237,2629 3222,2573 2071,2582"/>
                <Baseline points="2077,2614 2135,2614 2193,2614 2251,2612 2309,2614 2368,2614 2426,2612 2484,2614 2542,2614 2600,2613 2659,2612 2717,2612 2775,2612 2833,2612 2891,2611 2950,2609 3008,2609 3066,2609 3124,2609 3182,2609 3241,2609"/>
                <TextEquiv>
                    <Unicode>Kahlköpfigkeit schon einigermaßen senil und gebrochen zeigte.</Unicode>
                </TextEquiv>
            </TextLine>
            <TextLine id="tr_2_tl_59" custom="readingOrder {index:58;}">
                <Coords points="2066,2670 3237,2662 3164,2615 2068,2623"/>
                <Baseline points="2074,2656 2132,2658 2190,2658 2249,2656 2307,2656 2365,2653 2424,2655 2482,2656 2540,2656 2599,2656 2657,2656 2715,2656 2774,2656 2832,2656 2890,2650 2949,2652 3007,2650 3065,2650 3124,2650 3182,2650 3241,2647"/>
                <TextEquiv>
                    <Unicode>Und er fand in Ton und Haltung gar glaubhaft das Ver¬</Unicode>
                </TextEquiv>
            </TextLine>
            <TextLine id="tr_2_tl_60" custom="readingOrder {index:59;}">
                <Coords points="2066,2709 3231,2703 3231,2657 2066,2668"/>
                <Baseline points="2074,2698 2132,2702 2190,2702 2248,2698 2306,2698 2364,2696 2422,2698 2480,2698 2538,2698 2596,2697 2654,2698 2712,2698 2770,2696 2828,2695 2886,2697 2944,2695 3002,2695 3060,2692 3118,2692 3176,2694 3235,2692"/>
                <TextEquiv>
                    <Unicode>träumte und Vertränke, das etwas Dümmlingshafte und</Unicode>
                </TextEquiv>
            </TextLine>
            <TextLine id="tr_2_tl_61" custom="readingOrder {index:60;}">
                <Coords points="2066,2759 3231,2759 3231,2703 3144,2695 2066,2710"/>
                <Baseline points="2074,2743 2132,2744 2190,2746 2248,2743 2306,2743 2364,2743 2422,2743 2480,2743 2538,2743 2596,2741 2654,2740 2712,2740 2770,2740 2828,2740 2886,2739 2944,2737 3002,2739 3060,2737 3118,2737 3176,2737 3235,2740"/>
                <TextEquiv>
                    <Unicode>doch auch leichthin Poetische, das Sympathische und Elegante,</Unicode>
                </TextEquiv>
            </TextLine>
            <TextLine id="tr_2_tl_62" custom="readingOrder {index:61;}">
                <Coords points="2072,2797 3235,2792 3194,2745 3052,2739 2072,2751"/>
                <Baseline points="2080,2785 2137,2786 2195,2786 2253,2788 2311,2788 2369,2786 2427,2785 2485,2785 2543,2785 2601,2785 2659,2785 2716,2782 2774,2784 2832,2785 2890,2782 2948,2782 3006,2780 3064,2779 3122,2782 3180,2782 3238,2782"/>
                <TextEquiv>
                    <Unicode>das Melancholische und Schicksalsergebene, wie es diesem Lebe¬</Unicode>
                </TextEquiv>
            </TextLine>
            <TextLine id="tr_2_tl_63" custom="readingOrder {index:62;}">
                <Coords points="2075,2851 3234,2837 3234,2791 3143,2786 2075,2797"/>
                <Baseline points="2083,2832 2140,2832 2198,2832 2256,2829 2314,2828 2371,2828 2429,2826 2487,2827 2545,2829 2602,2829 2660,2829 2718,2828 2776,2826 2833,2826 2891,2826 2949,2826 3007,2824 3064,2823 3122,2823 3180,2823 3238,2826"/>
                <TextEquiv>
                    <Unicode>jüngling aus der schönen Donaustadt eigen sein soll. Dazu</Unicode>
                </TextEquiv>
            </TextLine>
            <TextLine id="tr_2_tl_64" custom="readingOrder {index:63;}">
                <Coords points="2075,2883 3234,2881 3234,2840 3149,2828 2075,2850"/>
                <Baseline points="2083,2874 2140,2874 2198,2872 2256,2874 2314,2872 2371,2870 2429,2871 2487,2870 2545,2870 2602,2871 2660,2871 2718,2870 2776,2870 2833,2871 2891,2870 2949,2868 3007,2868 3064,2868 3122,2868 3180,2868 3238,2871"/>
                <TextEquiv>
                    <Unicode>ward der Wiener Dialekt in nicht zu aufdringlicher</Unicode>
                </TextEquiv>
            </TextLine>
            <TextLine id="tr_2_tl_65" custom="readingOrder {index:64;}">
                <Coords points="2078,2931 3237,2927 3210,2875 2078,2883"/>
                <Baseline points="2086,2901 2143,2916 2201,2918 2259,2916 2317,2916 2374,2916 2432,2916 2490,2917 2548,2917 2605,2914 2663,2913 2721,2913 2779,2911 2836,2913 2894,2913 2952,2911 3010,2913 3067,2910 3125,2910 3183,2910 3241,2913"/>
                <TextEquiv>
                    <Unicode>Färbung festgehalten, so daß in Summa eine köstliche</Unicode>
                </TextEquiv>
            </TextLine>
            <TextLine id="tr_2_tl_66" custom="readingOrder {index:65;}">
                <Coords points="2072,2969 3235,2966 3237,2927 3069,2910 2074,2936"/>
                <Baseline points="2080,2961 2137,2962 2195,2964 2253,2961 2311,2961 2369,2961 2427,2961 2485,2959 2543,2960 2601,2958 2659,2958 2716,2957 2774,2957 2832,2958 2890,2957 2948,2953 3006,2954 3064,2955 3122,2956 3180,2954 3238,2958"/>
                <TextEquiv>
                    <Unicode>Gestalt hingesetzt ward, die besonders dartat, wie</Unicode>
                </TextEquiv>
            </TextLine>
            <TextLine id="tr_2_tl_67" custom="readingOrder {index:66;}">
                <Coords points="2072,3023 3231,3007 3232,2963 2072,2980"/>
                <Baseline points="2080,3009 2137,3008 2195,3006 2253,3006 2311,3003 2368,3003 2426,3003 2484,3000 2542,3000 2599,3002 2657,3003 2715,3001 2773,3001 2830,3003 2888,3000 2946,3000 3004,2998 3061,2997 3119,2998 3177,2998 3235,2997"/>
                <TextEquiv>
                    <Unicode>gut Herrn Monnard das Gewand des Bonvivant sitzt, und wie</Unicode>
                </TextEquiv>
            </TextLine>
            <TextLine id="tr_2_tl_68" custom="readingOrder {index:67;}">
                <Coords points="2072,3057 3235,3058 3208,3004 2072,3022"/>
                <Baseline points="2080,3047 2137,3049 2195,3049 2253,3047 2311,3044 2369,3044 2427,3044 2485,3044 2543,3044 2601,3044 2659,3044 2716,3044 2774,3044 2832,3044 2890,3043 2948,3041 3006,3041 3064,3041 3122,3039 3180,3043 3238,3044"/>
                <TextEquiv>
                    <Unicode>artig und fesch und wohlig er sich darin zu bewegen weiß.</Unicode>
                </TextEquiv>
            </TextLine>
            <TextLine id="tr_2_tl_69" custom="readingOrder {index:68;}">
                <Coords points="2075,3102 3238,3095 3188,3046 2075,3058"/>
                <Baseline points="2083,3080 2140,3091 2198,3091 2256,3089 2314,3089 2372,3089 2430,3087 2488,3086 2546,3086 2604,3086 2662,3086 2719,3088 2777,3086 2835,3086 2893,3086 2951,3086 3009,3084 3067,3083 3125,3083 3183,3085 3241,3089"/>
                <TextEquiv>
                    <Unicode>Für die Herzensdamen des wackeren Anatol ließ Herr Dr.</Unicode>
                </TextEquiv>
            </TextLine>
            <TextLine id="tr_2_tl_70" custom="readingOrder {index:69;}">
                <Coords points="2069,3146 3232,3144 3232,3093 3034,3082 2946,3114 2069,3104"/>
                <Baseline points="2077,3134 2134,3133 2192,3135 2250,3134 2308,3132 2366,3134 2424,3131 2482,3128 2540,3129 2598,3131 2656,3131 2713,3131 2771,3131 2829,3131 2887,3128 2945,3128 3003,3128 3061,3128 3119,3125 3177,3127 3235,3128"/>
                <TextEquiv>
                    <Unicode>Brahm eine anmutige Galerie aufmarschieren. Und sie alle</Unicode>
                </TextEquiv>
            </TextLine>
            <TextLine id="tr_2_tl_71" custom="readingOrder {index:70;}">
                <Coords points="2072,3182 3235,3181 3167,3131 2072,3144"/>
                <Baseline points="2080,3179 2137,3179 2195,3179 2253,3176 2311,3176 2369,3176 2427,3176 2485,3174 2543,3176 2601,3176 2659,3176 2716,3176 2774,3176 2832,3176 2890,3173 2948,3173 3006,3171 3064,3170 3122,3170 3180,3170 3238,3167"/>
                <TextEquiv>
                    <Unicode>erledigten ihre Rollen scharmant: Fräulein Somary als über¬</Unicode>
                </TextEquiv>
            </TextLine>
            <TextLine id="tr_2_tl_72" custom="readingOrder {index:71;}">
                <Coords points="2081,3235 3234,3225 3234,3184 3070,3173 2081,3187"/>
                <Baseline points="2089,3223 2146,3221 2203,3220 2261,3220 2318,3218 2376,3218 2433,3218 2491,3219 2548,3220 2606,3220 2663,3218 2720,3218 2778,3218 2835,3218 2893,3217 2950,3217 3008,3215 3065,3215 3123,3214 3180,3214 3238,3212"/>
                <TextEquiv>
                    <Unicode>schwenglich verliebte Cora, Fräulein Lossen als Dame der</Unicode>
                </TextEquiv>
            </TextLine>
            <TextLine id="tr_2_tl_73" custom="readingOrder {index:72;}">
                <Coords points="2074,3275 3234,3264 3234,3225 3172,3214 2075,3235"/>
                <Baseline points="2083,3259 2140,3262 2198,3264 2256,3262 2314,3262 2371,3263 2429,3263 2487,3262 2545,3264 2602,3262 2660,3262 2718,3259 2776,3260 2833,3260 2891,3259 2949,3259 3007,3259 3064,3256 3122,3258 3180,3257 3238,3259"/>
                <TextEquiv>
                    <Unicode>Gesellschaft, die nicht den „Mut" zur Liebe hat wie die „süßen</Unicode>
                </TextEquiv>
            </TextLine>
            <TextLine id="tr_2_tl_74" custom="readingOrder {index:73;}">
                <Coords points="2081,3317 3229,3317 3211,3262 2081,3273"/>
                <Baseline points="2089,3304 2146,3307 2203,3309 2260,3306 2317,3307 2374,3304 2431,3304 2489,3304 2546,3306 2603,3307 2660,3306 2717,3304 2774,3304 2831,3304 2889,3303 2946,3301 3003,3301 3060,3299 3117,3301 3174,3301 3232,3304"/>
                <TextEquiv>
                    <Unicode>Mädel", Fräulein Sussin als höchst echte, ihre Austern und</Unicode>
                </TextEquiv>
            </TextLine>
            <TextLine id="tr_2_tl_75" custom="readingOrder {index:74;}">
                <Coords points="2078,3367 3231,3353 3231,3311 3166,3300 2898,3335 2078,3318"/>
                <Baseline points="2086,3355 2143,3352 2200,3352 2258,3349 2315,3349 2373,3349 2430,3346 2488,3347 2545,3349 2603,3349 2660,3349 2717,3347 2775,3349 2832,3349 2890,3348 2947,3346 3005,3343 3062,3343 3120,3343 3177,3343 3235,3346"/>
                <TextEquiv>
                    <Unicode>Filets mit reizender Gefräßigkeit vertilgende, dann beschwipste</Unicode>
                </TextEquiv>
            </TextLine>
            <TextLine id="tr_2_tl_76" custom="readingOrder {index:75;}">
                <Coords points="2075,3402 3234,3397 3231,3356 3160,3349 2075,3368"/>
                <Baseline points="2083,3397 2140,3396 2198,3394 2256,3394 2314,3394 2371,3392 2429,3391 2487,3392 2545,3394 2602,3394 2660,3394 2718,3391 2776,3391 2833,3391 2891,3390 2949,3388 3007,3388 3064,3388 3122,3386 3180,3388 3238,3391"/>
                <TextEquiv>
                    <Unicode>und bezechte und schließlich freche und draufgängerische Annie</Unicode>
                </TextEquiv>
            </TextLine>
            <TextLine id="tr_2_tl_77" custom="readingOrder {index:76;}">
                <Coords points="2072,3447 3228,3435 3228,3394 2072,3402"/>
                <Baseline points="2080,3438 2137,3438 2195,3438 2252,3435 2310,3436 2368,3436 2425,3435 2483,3435 2540,3435 2598,3433 2656,3435 2713,3434 2771,3432 2828,3432 2886,3432 2944,3429 3001,3426 3059,3426 3116,3429 3174,3431 3232,3435"/>
                <TextEquiv>
                    <Unicode>in dem schon anderswo oft gespielten „Abschiedssouper,</Unicode>
                </TextEquiv>
            </TextLine>
            <TextLine id="tr_2_tl_78" custom="readingOrder {index:77;}">
                <Coords points="2078,3492 3231,3482 3219,3436 2078,3448"/>
                <Baseline points="2086,3477 2143,3483 2200,3480 2258,3480 2315,3480 2373,3478 2430,3477 2488,3479 2545,3479 2603,3477 2660,3480 2717,3477 2775,3477 2832,3477 2890,3474 2947,3472 3005,3474 3062,3474 3120,3473 3177,3473 3235,3474"/>
                <TextEquiv>
                    <Unicode>Fräulein Herterich als rassige Kunstreiterin Bianca und</Unicode>
                </TextEquiv>
            </TextLine>
            <TextLine id="tr_2_tl_79" custom="readingOrder {index:78;}">
                <Coords points="2084,3542 3234,3533 3220,3480 2084,3492"/>
                <Baseline points="2092,3525 2149,3524 2206,3525 2263,3525 2321,3523 2378,3522 2435,3522 2493,3522 2550,3522 2607,3522 2665,3522 2722,3522 2779,3522 2836,3519 2894,3519 2951,3519 3008,3514 3066,3516 3123,3516 3180,3518 3238,3522"/>
                <TextEquiv>
                    <Unicode>Frau Triesch als letztes Abenteuer des edlen Anatol,</Unicode>
                </TextEquiv>
            </TextLine>
            <TextLine id="tr_2_tl_80" custom="readingOrder {index:79;}">
                <Coords points="2072,3580 3231,3577 3208,3524 2072,3539"/>
                <Baseline points="2080,3570 2137,3569 2195,3567 2253,3567 2311,3567 2368,3565 2426,3564 2484,3565 2542,3567 2599,3565 2657,3564 2715,3566 2773,3566 2830,3567 2888,3563 2946,3563 3004,3564 3061,3561 3119,3561 3177,3563 3235,3567"/>
                <TextEquiv>
                    <Unicode>ehe er Hochzeit machen will, als temperamentvolle,</Unicode>
                </TextEquiv>
            </TextLine>
            <TextLine id="tr_2_tl_81" custom="readingOrder {index:80;}">
                <Coords points="2078,3621 3231,3615 3231,3577 3149,3566 2078,3585"/>
                <Baseline points="2086,3612 2143,3612 2200,3612 2258,3613 2315,3614 2373,3610 2430,3609 2488,3610 2545,3610 2603,3609 2660,3609 2717,3609 2775,3609 2832,3606 2890,3606 2947,3606 3005,3606 3062,3603 3120,3604 3177,3606 3235,3606"/>
                <TextEquiv>
                    <Unicode>eifersüchtige, keifende, schreiende und tobende Ilona.</Unicode>
                </TextEquiv>
            </TextLine>
            <TextLine id="tr_2_tl_82" custom="readingOrder {index:81;}">
                <Coords points="2072,3669 3235,3657 3235,3616 3184,3610 2072,3624"/>
                <Baseline points="2080,3659 2137,3656 2195,3656 2253,3653 2311,3652 2369,3652 2427,3653 2485,3654 2543,3655 2601,3651 2659,3650 2716,3652 2774,3650 2832,3650 2890,3649 2948,3647 3006,3647 3064,3647 3122,3647 3180,3647 3238,3644"/>
                <TextEquiv>
                    <Unicode>Herr Reicher endlich spielte den ironisierenden und spottenden</Unicode>
                </TextEquiv>
            </TextLine>
            <TextLine id="tr_2_tl_83" custom="readingOrder {index:82;}">
                <Coords points="2078,3709 3234,3704 3193,3651 2078,3666"/>
                <Baseline points="2086,3698 2143,3698 2201,3698 2258,3695 2316,3695 2374,3695 2431,3695 2489,3695 2546,3695 2604,3695 2662,3695 2719,3695 2777,3695 2834,3692 2892,3691 2950,3691 3007,3690 3065,3689 3122,3689 3180,3689 3238,3689"/>
                <TextEquiv>
                    <Unicode>und wie eine Art Chorus neben Anatol einherschreitenden</Unicode>
                </TextEquiv>
            </TextLine>
            <TextLine id="tr_2_tl_84" custom="readingOrder {index:83;}">
                <Coords points="2081,3759 3234,3745 3235,3698 3155,3695 2083,3707"/>
                <Baseline points="2089,3740 2146,3742 2203,3740 2261,3740 2318,3739 2376,3737 2433,3737 2491,3737 2548,3737 2606,3737 2663,3737 2720,3737 2778,3737 2835,3737 2893,3734 2950,3732 3008,3734 3065,3734 3123,3732 3180,3734 3238,3734"/>
                <TextEquiv>
                    <Unicode>Freund Max recht brav und weise, aber doch ein wenig zu</Unicode>
                </TextEquiv>
            </TextLine>
            <TextLine id="tr_2_tl_85" custom="readingOrder {index:84;}">
                <Coords points="2084,3799 3225,3792 3238,3745 2084,3759"/>
                <Baseline points="2092,3785 2149,3785 2206,3785 2264,3784 2321,3782 2379,3782 2436,3779 2494,3780 2551,3780 2609,3779 2666,3779 2723,3779 2781,3779 2838,3779 2896,3778 2953,3778 3011,3779 3068,3776 3126,3776 3183,3778 3241,3779"/>
                <TextEquiv>
                    <Unicode>spießig und hausbacken und nicht flott und lebemännisch genug.</Unicode>
                </TextEquiv>
            </TextLine>
            <TextLine id="tr_2_tl_86" custom="readingOrder {index:85;}">
                <Coords points="2081,3843 3237,3825 3237,3793 3075,3781 2081,3802"/>
                <Baseline points="2089,3832 2146,3827 2204,3826 2261,3826 2319,3824 2377,3826 2434,3823 2492,3825 2549,3823 2607,3823 2665,3823 2722,3823 2780,3823 2837,3823 2895,3822 2953,3821 3010,3821 3068,3818 3125,3820 3183,3818 3241,3815"/>
                <TextEquiv>
                    <Unicode>Hier müßte wohl eine jüngere und geschmeidigere Kraft ver¬</Unicode>
                </TextEquiv>
            </TextLine>
            <TextLine id="tr_2_tl_87" custom="readingOrder {index:86;}">
                <Coords points="2078,3886 3241,3886 3243,3831 2078,3840"/>
                <Baseline points="2086,3871 2143,3871 2201,3871 2259,3871 2317,3868 2375,3866 2433,3868 2491,3868 2549,3868 2607,3868 2665,3865 2722,3867 2780,3865 2838,3865 2896,3864 2954,3862 3012,3862 3070,3862 3128,3862 3186,3862 3244,3862"/>
                <TextEquiv>
                    <Unicode>wendet werden. Der dekorative Rahmen war von der nötigen</Unicode>
                </TextEquiv>
            </TextLine>
            <TextLine id="tr_2_tl_88" custom="readingOrder {index:87;}">
                <Coords points="2093,3934 3258,3928 3259,3883 2095,3884"/>
                <Baseline points="2101,3928 2159,3931 2217,3931 2275,3928 2333,3930 2391,3927 2449,3925 2507,3928 2565,3927 2623,3925 2681,3928 2739,3926 2797,3926 2855,3922 2913,3924 2971,3919 3029,3924 3087,3922 3145,3920 3203,3922 3262,3922"/>
                <TextEquiv>
                    <Unicode>Eleganz; ein verschneites Stückchen Wiener Straße atmete</Unicode>
                </TextEquiv>
            </TextLine>
            <TextLine id="tr_2_tl_89" custom="readingOrder {index:88;}">
                <Coords points="2102,3982 3238,3976 3253,3926 2102,3937"/>
                <Baseline points="2110,3973 2167,3975 2224,3973 2281,3973 2339,3973 2396,3973 2453,3970 2511,3970 2568,3970 2625,3967 2683,3972 2740,3970 2797,3970 2854,3967 2912,3969 2969,3967 3026,3967 3084,3967 3141,3967 3198,3965 3256,3964"/>
                <TextEquiv>
                    <Unicode>Stimmung. Die Zuschauer amüsierten sich und gaben dies</Unicode>
                </TextEquiv>
            </TextLine>
            <TextLine id="tr_2_tl_90" custom="readingOrder {index:89;}">
                <Coords points="2090,4029 3144,4017 3258,4054 3249,3970 2090,3985"/>
                <Baseline points="2098,4018 2156,4018 2214,4018 2272,4018 2330,4017 2389,4014 2447,4014 2505,4015 2563,4015 2621,4015 2680,4015 2738,4015 2796,4013 2854,4012 2912,4012 2971,4012 3029,4012 3087,4012 3145,4012 3203,4012 3262,4015"/>
                <TextEquiv>
                    <Unicode>am lautesten zu erkennen, wenn die Situation besonders keck</Unicode>
                </TextEquiv>
            </TextLine>
            <TextLine id="tr_2_tl_91" custom="readingOrder {index:90;}">
                <Coords points="2093,4090 2255,4066 2281,4078 2434,4082 2434,4031 2408,4020 2372,4034 2297,4025 2213,4034 2195,4023 2093,4031"/>
                <Baseline points="2101,4062 2126,4062 2152,4062 2178,4060 2204,4060 2230,4062 2256,4061 2282,4059 2308,4059 2334,4059 2360,4059 2386,4060 2412,4062 2438,4062"/>
                <TextEquiv>
                    <Unicode>und frivol wurde.</Unicode>
                </TextEquiv>
            </TextLine>
            <TextEquiv>
                <Unicode></Unicode>
            </TextEquiv>
        </TextRegion>
    </Page>
</PcGts>
