3484 4256
1445 206 1806 300 box 8/5
325 212 1287 319 4.9. Anatol - Zyklus
1527 804 1897 898 Telephon 12.801.
983 868 1514 1047 OBSER
813 1017 1879 1111 1. österr. beh. konz. Unterzehmen für Zeitung
1023 1077 1675 1144 Ausschnitte und Bibliographie.
986 1120 1727 1211 Wien, I., Concordiaplatz 4.
1211 1199 1499 1263 Vertretungen
816 1235 1885 1308 in Berlin, Brüssel, Budapest, Chicago, Cleveland, Christiania,
829 1299 1894 1348 Genf, Kopenhagen, London, Madrid, Mailand, Minneapolis,
826 1335 1885 1399 New-York, Paris, Rom, San Francisco, Stockholm, St. Peters¬
1220 1366 1490 1423 burg, Toronto.
1168 1387 1533 1460 Dalmande de donde
1260 1426 1848 1527 INER TAGSLA
819 1439 1232 1548 Ausschnitt aus
783 1575 965 1645 vom
1111 1578 1606 1687 I
989 1730 1496 1833 Lessingtheater.
1879 1748 3077 1848 Paula Somary, Lina Lussen, diese auffallend denkräftig¬
1888 1806 3074 1882 Schauspielerin, Hilde Herterich und Irene Triesch, die
637 1791 3071 1924 Zum erstenmal: Anatol. Fünf Einakter von Arthur Schnitzler, keine Aufgabe hatte, spielten vier der Wiener Mädels, und
683 1857 1842 1939 I. E. Im Lessingtheater fand Schnitzler gestern abend ein sehr
1879 1885 3074 1955 Mathilde Sussin die fünfte. Das war die Annie in „Ab¬
634 1867 1848 1973 dankbares Publikum besonders in der Mitte des Abends war der
1882 1927 3093 2015 schiedssouper, die immer gefällt, denn sie hat eine Schwipsszene,
640 1933 1845 2009 Beifall stark. Einige Stückchen aus diesem fünffingrigen Zyklus, der
1876 1973 2634 2024 und die auch gestern außerordentlich gefiel.
631 1967 1851 2058 das Leben eines Wiener Viveurs mit lauter Heiterkeit und leisem
631 2018 1839 2103 Ernst umspannt, sind uns schon bekannt, und es gibt kaum eine reisende
628 2055 1830 2137 Künstlerin, die sich nicht aus dem Abschiedssouper eine
628 2094 1836 2176 leichten Erfolg geholt hätte. Alle zusammen, diese fünf Bijouterien,
634 2143 1833 2219 geben eine zu gleichmäßige und darum ermüdende Wirkung. Man
628 2173 1830 2255 kann schließlich selbst den schönsten Walzer nicht fünfmal hinter¬
628 2219 1836 2294 einander hören. Die beiden letzten zudem, Episode und
625 2258 1833 2349 Anatols Hochzeitsmorgen, haben nicht mehr ursprüng¬
628 2304 1836 2389 lichen Glanz. Sie haben ihn von den ersten Stücken geborgt, und
616 2340 1618 2410 die Frauengestalten kommen zu keiner bestimmten Farbe.
668 2379 1827 2455 Aber in den ersten drei Stücken. Die Frage an das Schick¬
634 2407 1803 2504 sal", „Weihnachtseinkauf und Abschiedssouper
619 2458 1824 2552 ist der Gestalter Arthur Schnitzler sehr liebenswert, wie hoch er auch
622 2501 1824 2580 inzwischen über diese Nebenspiele hinausgestiegen ist. In diesem
613 2546 1821 2625 „die Dinge nehmen, wie sie sind gleicht auch er wie sein Landsmann
613 2592 1815 2662 Hermann Bahr dem Franzosen Capus, ein freiheitsseliger Geist des
613 2622 1815 2698 Widerspruchs gegen alles Philistertum ist, ohne Worte ganz heimlich
607 2665 1812 2750 diesen Szenen eingeschlossen, und die ungemachte Grazie seiner Keck¬
607 2704 1815 2786 heit kommt aus einer sehr vornehmen und sehr gütigen Natur. Man
604 2750 1809 2829 hat die Empfindung, die von anderen Arbeiten Schnitzlers sehr be¬
607 2795 1809 2883 glaubigt wird, daß die Dichterhände, die hier das sogenannte „Unehr¬
604 2826 1502 2908 bare ausstellen, ganz reine und edle Hände sind.
659 2871 1800 2950 So begleiten wir den melancholisch-heiteren, lässig unter
595 2886 1803 2986 nehmungslustigen, oft enttäuschten, nie abgeschreckten Anatol durch
604 2956 1806 3029 mannigfaltige Abenteuer. Wir sehen ihn immer wieder am füßen
598 2986 1803 3065 Wiener Mädel haften, mag sie nun Cora, Gabriele, Annie, Bianca
595 3041 1800 3105 oder Ilona heißen. Noch bis in den Morgen seines Hochzeitstages
592 3084 1809 3150 hinein lebt er sein bei Nacht sehr geschäftiges Müßiggängerleben, und
595 3117 1803 3193 obschon es an fünf Stücken nun schon genug ist, wünschten wir fast
589 3153 1803 3241 noch ein sechstes, weil wir wissen möchten, was für ein Ehemann aus
592 3187 1129 3263 diesem allzu Erfahrenen wird.
649 3214 1803 3308 Der Darsteller des Anatol hat es nicht leicht, die Wirkungen zu
595 3263 1797 3354 steigern und dennoch in Grenzen zu bleiben. Heinz Monnard
598 3314 1797 3393 kam am Schluß nicht ganz um die Gefahr des schlotterig Burlesken
592 3354 1785 3436 herum. In den ersten drei Stücken war er ausgezeichnet. Man
586 3399 1791 3469 kann den schleppenden Ton des Wieners im allgemeinen und die
589 3439 1788 3515 müde, dann wieder schnell erregte Anmut dieses besonderen Wiener¬
589 3472 1788 3554 Anatol nicht besser spielen. Emanuel Reicher gab der Freund
586 3511 1809 3633 Mar sehr witzig, nur etwas zu angefahrt bequem in der Haltung.
