3392 4256
1361 216 1714 308 box 8/5
245 223 1198 307 4.9. Anatol - Zyklus
1369 379 1575 473 Peters¬
1051 432 1180 494 .
915 457 1231 552 de des das
516 515 1448 680 Aus der Lokal Anzeige.
532 589 719 670 12 1910
526 649 654 708 vom
1613 708 2478 803 spielen. Die verschiedenen Freundinnen Ana¬
1613 787 2358 853 tols waren ihres Helden würdig.
2390 793 2479 845 Vor
823 767 1479 882 Theater und Musik.
1613 817 2478 895 allem Irene Tresch, die durch Tempe¬
1611 863 2473 924 rament und Liebe dem Bedrängten den
748 852 1570 927 J. K. Das Lessing=Theater brachte gestern
1604 888 2476 957 Gang zur Kochzeit außerordentlich belustigend er¬
690 915 1565 960 (Sonnabend) zum erstenmal Arthur Schnitzlers
1614 932 2476 997 schwerte, und Mathilde Gussin, deren Annie im
685 950 1319 1005 bekannten „Anatoly
1600 983 2479 1028 schiessuper die Begabung der Darstellerin
699 993 1565 1042 führung jene vor etwa 17 Jahren, zu Beginn
1606 1016 2470 1067 von einer neuen Seite zeigte. Sehr fein spielte
682 1026 1568 1075 der schriftstellerischen Laufbahn des Dichters er¬
1603 1054 2475 1107 Lina Lossen die junge Frau, die nicht den Mut
696 1072 1568 1120 schienenen dramatischen Skizzen, in denen er mit
1606 1098 2475 1149 zum Glück findet: Hilde Herterich und Paula
693 1116 1571 1165 Geist und Grazie Liebesfreud und leid des
1603 1136 2476 1178 mar fanden sich mit ihren weniger dankbaren
693 1150 1564 1201 „leichtsinnigen Melancholikers Anatol schildert.
1601 1160 2473 1234 Aufgaben in bester Laune ab. Lessings Inszenie¬
690 1192 1565 1241 Dem Publikum bereiteten die mehr oder minder
1603 1206 2472 1267 rung hatte in jeder der Szenen für einen stim¬
672 1212 1565 1284 robigen Abenteuer des tragikomischen Helden
1604 1254 2470 1304 mungsvollen Rahmen gesorgt, und es ist anzu¬
685 1271 1570 1320 der Deladenz lebhaftes Vergnügen, die reizvollen
1606 1286 2469 1336 nehmen, daß der alte Anatol die Mühe, die man
690 1306 1562 1353 Pointen des Dialogs fanden vollstes Verständ¬
1604 1329 2476 1399 an seine dramatische Verjüngung gewendet,
690 1349 1562 1398 nis; es war ein ungetrübt heiterer Abend, den
1611 1355 1835 1431 lohnen wird.
696 1385 1574 1428 schon deswegen kein Mißton störte, weil Mon¬
696 1424 1572 1479 sieur Anatol ja ein guter, alter Bekannter war,
690 1457 1587 1521 den man nicht mit kritischen Augen zu betrachten
687 1502 1562 1546 brauchte. Den herzhaftesten Beifall fand die be¬
685 1541 1565 1587 kannteste der Szenen, das vielgegebene Ab¬
696 1575 1562 1626 schiedsscuper, sehr belustigend wirkte
687 1619 1565 1660 „Anatols Hochzeitsmorgen, der so
690 1653 1571 1706 drastisch den Schwerenter in schwerer Not
690 1693 1571 1748 darob zeigt, wie er einer eben wiedergefundenen
695 1741 1567 1786 rabiaten Freundin entkommen soll, um seinen
693 1774 1568 1820 hochzeitlichen Verpflichtungen nachzugehen, und
685 1810 1587 1852 einen recht anheimelnden Eindruck machte die in
690 1851 1570 1902 feinerem Ton gehaltene Skizze: „Weihnachts¬
685 1891 1570 1936 einkäufe, die an Anatols vergebenes
1930 1874 2106 1964 OBSE
685 1924 1595 1975 Liebeswerben um die Gunst einer schönen Frau
1895 1911 2329 2025 Lester nördl.
685 1964 1570 2021 erinnert, die nicht den Mut hat, so glücklich
685 2005 1577 2061 mit ihm zu sein, wie sein süßes Mädel aus der
1943 1996 2283 2073 konzertes
686 2045 1572 2100 Vorstadt. Ziemlich matt wirkte die „Episode",
2038 2055 2214 2123 Bureau
689 2084 1577 2145 deren inhaltlicher Reiz für die Bühne gar zu
1918 2084 2307 2192 für Leitung erschrichten
693 2122 1585 2172 kärglich ist, und die „Frage an das
692 2159 1565 2224 Schicksal nohm man als niedliche Ein¬
2045 2166 2220 2227 Wien, 1.
693 2192 1571 2248 leitung zu den weiteren Heldenteten Ana¬
1954 2194 2309 2287 Konkordiaplatz 4
685 2235 1565 2289 tols, der so ängstlich davor zurückscheut, sich
687 2274 1562 2328 von der hypnotisierten Geliebten die Frage
687 2316 1562 2362 nach ihrer Treue beantworten zu lassen, in
690 2356 1565 2407 freundlich abwartender Laune hin. Heinz Mon¬
685 2394 1584 2447 nard gab den Anatol mit trefflicher Charakteristik
685 2431 1570 2482 und einer Fülle natürlichen, liebenswürdigen
693 2470 1559 2515 Humors, der auch die bedenklichsten Seiten des
693 2509 1558 2557 schwächlichen Weiberhelden versöhnlich über¬
690 2542 1557 2594 strahlte. Das war kein schablonisierter Witzblatt¬
687 2590 1559 2635 trottel, keine kecke Schwankfigur, sondern ein
687 2623 1565 2669 Mensch, der überraschend echte Typ all der Ano¬
687 2663 1559 2712 tols, die Schnitzler hier getreu nach dem Leben
690 2704 1554 2751 geschildert hat. Reicher als Freund Max sekun¬
693 2744 1557 2782 dierte mit der ihm eigenen Bonhomie und abge¬
2061 2720 2338 2833 10
683 2770 1587 2862 Kärte Ruhe, wenn es gilt, den Ueberlegenen zu
2199 2793 2949 2950 Frankfurter Zeitung
1822 3159 2906 3230 In Berlin, 3 Dez., 1048 N. Fünf der kleinen „Anatol-Einakter
2093 3224 2906 3277 erlebten im Lessingtheater einen fröhlichen
1872 3231 2906 3315 er fand sich von Herrn Monnard etwas grob oder
1789 3300 2944 3347 doch allzudentlich verkörpeet: ein Provinz=Anatol. Aber schon „Freund
1839 3344 2953 3424 Mark gemann in den er als an der
1836 3383 2947 3445 einen denkbar liebenswürdigen Repräsentanten, und nun huschte die
1845 3422 2950 3494 holde Weiblichkeit, von den Damen Somary, Lossen, Sussin. Herverich
1840 3456 2963 3530 dargestellt, recht anmutig vorüber. Schließlich erschien Frl. Trieschal /
1846 3496 2953 3607 uns um Nachruhmorgen und mit die sehen das leiche Er¬
1833 3540 2558 3645 lebendige, les besette Wirklichkeit zu verden.
