3392 4256
365 170 921 270 4.9. Anatol
796 252 877 284 .
1068 180 1259 305 k
1491 195 1845 297 box 8/5
1023 1050 2340 1155 des einen Triebs bewußt. Ein Dichter von Schnitzlers Geist und
1029 1142 2332 1203 Kulturgefühl läßt die Geschöpfe seiner Phantasie und die Objekte seiner
1037 1191 2332 1260 Beobachtung unaufhörlich das Tier mit den zwei Rücken spielen oder
1044 1254 2329 1308 sich zu dieser Beschäftigung rüsten oder sich von ihr erholen oder
1036 1301 2322 1368 sich, im besten Fall, vergeblich nach ihr sehnen. Im Laufe eines solchen
1036 1363 2332 1418 Abends wird mit keiner Sterbenssilbe angedeutet, daß die Zeit nebenbei
1036 1414 2337 1480 noch andre Nöte und Ideen, Strömungen und Ziele hat. Das ist eine
1037 1470 2330 1536 Welt, das heißt eine Welt! An sich ist dieses Welchen sicherlich mit
1027 1516 2332 1573 Meisterschaft gezeichnet. In einem sechsten Akt wird von der Auf¬
1032 1573 2329 1644 richtigkeit ermüdeter Lügner gesprochen; und wenn Anatol sie auch nicht
1037 1629 2330 1688 hat, sondern durchaus nicht müde wird, zu lügen, so ist es doch diese
1037 1683 2335 1742 Stimmung von ironischer Wehmut und melancholischer Heiterkeit, die
1032 1735 2325 1812 dem Zyklus die psychologische Wahrheit und die künstlerische Einheit
1037 1786 2327 1867 gibt. Wir schlendern behaglich um die Liebe im allgemeinen, unter¬
1039 1844 2329 1903 scheiden im besondern die Liebe der Nähterin und der anständigen
1029 1896 2325 1957 Frau und der Balleteuse und der Reifenspringerin und der pro¬
1036 1947 2332 2011 fessionellen Amoureuse, erfahren, ohne überrascht zu sein, daß weder
1037 2012 2332 2070 Männer noch Frauen monogam sind, und wünschten für eine dra¬
1029 2062 2330 2117 matische Steigerung nur, daß Anatol, dem jede Frau, mehr oder
1029 2117 2332 2202 weniger schnell, sexuell langweilig wird, genügend Ressourcen in sich
1029 2168 2330 2232 hätte, um uns nicht in jedem Falle noch schneller langweilig zu werden.
1036 2224 2329 2278 Diese Gefahr hat Schnitzler, tief, allzu tief in sein Weltchen ein¬
1037 2280 2325 2350 gesponnen, ganz und gar übersehen: daß sein Anatol, im Geiste
1034 2335 2322 2389 schwach, im Herzen arm, auch als bloßer Liebhaber, als Viveur
1034 2384 2332 2455 im oberflächlichsten Sinne kein genügend reizvolles, launenhaftes,
1036 2432 2329 2501 schillerndes Exemplar seiner Gattung ist. Nach einer halben Stunde
1029 2493 2330 2560 kennt man ihn auswendig; dann wird er immer unerträglicher. Es
1029 2543 2325 2606 ist nicht verwunderlich, daß die deutschen Theaterdirektoren sich seit
1032 2604 2329 2678 achtzehn Jahren darüber klar sind. Aber es ist sehr verwunderlich,
1029 2656 2252 2712 daß der klügste von ihnen sich darüber hat unklar werden können.
1124 2707 2332 2781 Dazu war es eine schlechte Aufführung. Gerade das, was für
1029 2765 2322 2825 die dramatische Sterilität hätte entschädigen müssen: ein Hauch von
1036 2814 2329 2874 wienerisch süßer Stimmung, von lächelnder Sentimentalität, von der
1037 2871 2325 2935 Grazie einer leichten Lebensführung — gerade das, aber noch viel
1036 2925 2329 2983 mehr fehlte. Je häufiger man Herrn Monnard in tragenden Rollen
1036 2973 2325 3050 sieht, desto neidischer wird man auf die Besucher des münchner Hof¬
1037 3033 2322 3091 theaters, die ihn nicht mehr sehen. Er gab den Ton von Ueberdeut¬
1029 3084 2330 3145 lichkeit an, der die ganze Vorstellung vergröberte, und der früher in
1032 3141 2334 3220 diesem Hause nicht möglich gewesen wäre. Aber den Ton für die
1029 3194 2332 3286 Figur fand er nicht; und nachdem er ihn lange genug vergeblich ge¬
1023 3279 1154 3382 1262
