3484 4256
391 177 788 290 4.9. Ana
887 187 1087 295 -
1206 192 1315 299 lui
1517 194 1875 299 box 8/5
1134 1092 2340 1164 Betrachten wir die vier Schichten des Schnitzlerschen Riesen¬
1056 1154 1691 1230 spektakels von innen nach außen.
1138 1198 2345 1269 Den Kern, das psychologische Drama: Der junge Medardus hegt
1046 1256 2347 1325 einen großen Willen. Aber auf dem Weg vom Entschluß zur Tat
1045 1304 2347 1362 wird ihm dieser Wille regelmäßig verfälscht. Wird abgelenkt von
1060 1356 2353 1426 seiner Richtung. Medardus will fürs Vaterland ins Feld ziehen.
1050 1408 2270 1468 Da schwemmt ihm die Donau seine tote Schwester vor die Füße.
1050 1448 2261 1515 will die Schwester rächen. Da kommt ihm die Liebe überquer.
1050 1497 2350 1566 will seiner Liebe leben. Da tritt die Notwendigkeit, Held, Rächer,
1063 1548 2344 1618 Befreier zu sein, an seine Seele heran. Er will Held, Rächer, Be¬
1074 1595 2360 1665 freier sein, da stiehlt ihm neuerdings das Gespenst der Liebe alle
1056 1645 2357 1706 Energie aus den Nerven, lenkt den schon gezückten Dolch ab von
1071 1694 2355 1776 seinem ursprünglichen Ziel. Er will die tragische Konsequenz ziehen
1058 1741 2353 1816 aus all dem, heroisch sterben. Da hemmt eine Caprice des Schicksals
1068 1794 2357 1870 seinen Weg: die Tat, für die er büßen will, erweist sich als eine zu¬
1068 1837 2362 1919 fällig lobenswerte Tat, und die Gnade des großmütigen Gegners macht
1056 1893 2358 1961 die edle Todesbereitschaft des Medardus illusorisch. Jetzt mag aber
1064 1940 2357 2003 der Jüngling nicht mehr um das wohlverdiente Herven=Schicksal
1063 2007 2353 2064 betrogen sein. Er hat es satt, sich sein Heldentum neuerdings per¬
1068 2041 2360 2114 vertieren zu lassen, besteht auf dem, nun einmal rite erworbenen,
1071 2103 2366 2169 großen Abgang. Man füsiliert ihn, da er nicht sein Wort verpfänden
1071 2135 2365 2212 will, weitere Mordpläne gegen den Kaiser Napoleon aufzugeben. In
1066 2184 2365 2249 der Linie des Medardus=Schicksals läge es, daß man nun, nach des
1079 2235 2362 2314 Jünglings Heldentod, davon erführe, Napoleon sei einen Tag früher
1071 2278 2358 2353 von einem andern ermordet worden, und der ganze Aufwand an
1076 2344 1743 2407 Charaktergröße überflüssig gewesen.
1164 2388 2365 2458 Medardus ist einer, der fortwährend um seinen ungeheuern
1068 2430 2375 2500 Energieverbrauch geprellt wird. In der Luft gewissermaßen fängt
1074 2480 2371 2549 des Schicksals Hand die Kugeln aus des Medardus Büchse ab und gibt
1074 2534 2378 2602 ihnen ein andres Ziel. Daß er kein Kompromiß schließen kann, ist
1082 2571 2376 2658 seine Tragik. Scheinbar ist er schwankend und haltlos. Aber nur
1081 2625 2375 2710 deshalb, weil er das, was er eben ist, ganz und ausschließlich sein
1079 2677 2373 2747 muß. Nur Rächer oder nur Liebender oder nur Befreier oder
1082 2726 2378 2799 Märtyrer eines großen Gedankens. Das jeweilige Ziel hypnotisiert
1086 2775 2379 2855 ihn. Er ist ein Unbedingter, ein schrankenlos Hingebender, ein
1081 2822 2375 2897 leidenschaftlicher Untertan dem Gefühl oder dem Gedanken, die gerade
1089 2871 2375 2957 sein Herz und Hirn beherrschen. Seine Partnerin, die schöne Prin¬
1081 2916 2379 3003 zessin von Valois, ist schon aus anderm Stoff. Ist stärker. Auch
1082 2975 2381 3039 ihren Weg verstellt die Liebe. Aber die Prinzessin geht mitten durch
1095 3017 2383 3100 sie hindurch, ganz hingegeben und doch ganz Herrin ihrer selbst. Ja,
1095 3082 2386 3152 sie schmiedet sogar aus den Fesseln, die das Schicksal ihr anlegen
1082 3125 2388 3201 will, um sie an der Ausführung großer Pläne zu hindern, sie schmiedet
1082 3165 2379 3244 aus diesen Fesseln Waffen, die jenen Plänen die Realisierung er¬
1089 3216 2388 3315 zwingen sollen. Der Medardus ist ein elastischer Held, dessen Wille
1081 3349 1196 3416 1264
