3344 4256
152 208 1103 311 4.9. Anatol - Zyklus
50 1048 626 1143 vor der Wirklichkeit fürchtet,
42 1113 627 1184 logensein nicht ertragen kann
55 1167 627 1245 erleben will, auch wenn er
60 1209 148 1271 hat.
52 1240 626 1324 und neben diesen Träumer
56 1309 627 1363 hat der Dichter, um den
55 1346 622 1409 ssen, einen nüchternen Wirk¬
56 1400 627 1450 Freund Max, der die Welt
58 1442 622 1511 icht durch eine Losa gefärbte
53 1480 621 1540 tige Freund Anatols, der
47 1521 627 1611 niert, aber ohne ihn heilen
58 1595 627 1685 des Anatols, wie sie uns
50 1666 626 1737 seinandergereihten Episoden
50 1719 630 1774 käufe: Ein ungemein
50 1751 629 1819 n. 1. Straße. Hinten die
63 1801 622 1858 das erleuchtete Schaufenster
56 1837 621 1898 alanteriewaren; links der
50 1887 621 1951 Karl Heim. Anatol und eine
64 1927 622 1987 Frau, die das kleine süße
56 1975 622 2033 wärmt, um seine Liebe be¬
63 2016 629 2072 es ihm nachzumachen. Sehr
89 2062 627 2109 feinem Schneeriesen, mit
85 2108 630 2167 sen Konturen der großen
68 2146 622 2212 stille, heiße Sehnen der
85 2193 613 2254 te Herzchen des Vorstadt¬
85 2237 627 2288 Max in den Zaubergarten
61 2290 622 2337 Kamin schwärmt er von
55 2325 618 2386 seinem Leben unvergeßlich
60 2369 616 2425 von Erinnerung waren, als
44 2407 622 2478 ch Bianca, die schöne Kunst¬
293 2457 624 2519 um dieses füße
74 2477 613 2562 den entsetzten Anatol kaum
77 2541 618 2595 etersburger selige Stunden
53 2595 616 2644 daß er blutenden Herzens
56 2635 603 2686 tod erklärt seinem Freund,
61 2680 610 2735 Annie trennen wolle, w
74 2722 613 2782 haben sich bei dem Schwur
50 2767 613 2819 aufrichtig gegeneinander sein
44 2807 340 2870 anders gebeut.
371 2809 613 2867 Jetzt kommt
44 2856 621 2911 det dem bestürzten Anatol
47 2901 621 2951 zweiten Gang, daß sie einen
56 2933 611 2996 mit ihm den letzten Cham¬
100 2982 610 3035 seine Eitelkeit als Mann
47 3020 611 3093 er sie schon seit langem mit
42 3070 606 3125 er nur den Erfolg, daß sie
64 3123 606 3169 dischen Tür und Angel über
118 3160 610 3209 immer zu verschwinden.
44 3206 616 3257 super mit Max als lachendem
77 3251 616 3307 Schicksal ist oben schon
40 3293 613 3349 nen hypnotischen Schlaf, um
42 3336 614 3418 st. Aber er findet den Mut
1274 206 1621 293 box 9/5
1095 1117 2380 1196 zu dieser Frage nicht und ist glücklich, in der Selbsttäuschung
1098 1185 2374 1230 weiterleben zu können. Anatols Hochzeitsmorgen:
1101 1229 2382 1275 Nach dem Polterabend! Der kalte Kuß der ungeliebten Braut
1101 1271 2382 1330 hat Anatol auf die Redoute getrieben. Er will sich ich einmal
1101 1314 2382 1366 recht austoben, solange er sich noch selbst gehört, lange er noch
1101 1354 2382 1411 frei ist. Und als am anderen Morgen der Freund kommt, um
1095 1401 2383 1450 ihn zur Trauung abzuholen, findet er Anatol — nicht allein.
1098 1446 2366 1493 Sehr schwierig ist es nun, der temperamentvollen „Freundin
1095 1488 2386 1543 die Situation klarzumachen, in die sie sich erst findet, als sie
1101 1537 2382 1590 hört, daß Anatol für sie nicht verloren ist, auch wenn er
1098 1575 2386 1629 heiratet. — Ein etwas recht unmoralischer und unpoetischer
1105 1621 2380 1674 Schluß, der sich der Wirklichkeit aber wohl noch am meisten
1101 1664 1392 1735 nähern dürfte.
1196 1679 2380 1764 Alle diese flüchtigen Augenblicksbilder, diese Silhouetten
1095 1754 2375 1808 aus Anatole Liebestraumleben hat ein Dichter mit feinen, geist¬
1101 1795 2377 1853 reichen Linien gezogen, wobei der Seelenarzt mit dem scharfe
1105 1838 2377 1898 Seziermesser zu Hilfe kam. Aber was hilfts! Vielleicht eignen
1095 1885 2380 1948 sich diese fünf Episoden eher für das Feuilleton einer Zeitung
1095 1922 2383 1980 oder einer Zeitschrift, als vor das grelle Lampenlicht der Bühne,
1098 1970 2374 2022 wo ihnen der zarte Duft der Seelenstimmung, der schüchterne
1101 2020 2374 2069 Hauch der Poesie geraubt wird, der dieses Innenerleben eines
1101 2061 2377 2120 Träumers umschwebt. Und nur so ist es zu erklären, daß
1095 2104 2391 2175 Schnitzlers „Anatol=Zyklus am Samstag abend trot der wirklich
1095 2149 2359 2198 meisterhaften Inszenierung durch den Generaldirektor Dr. Eger
1095 2191 2380 2248 die den Einzelheiten eine liebevolle, beseelende Aufmerksamkeit
1095 2241 2383 2295 geliehen, doch nur einen freundlichen Erfolg hatte, der
1095 2282 2391 2349 sich aus Interesse an dem ungewöhnlichen und an der Darstellung
1095 2327 2025 2382 mischte, eine äußere achtungsvolle Aufnahme.
1196 2346 2390 2420 Die Darstellung ist durchweg zu loben. Dem Träumer
1098 2411 2380 2472 Anatol, diesem großen lieben Jungen mit den tagblinden Augen
1098 2459 2378 2512 und den Erinnerungsblumen unter der Gießkanne schwärmender
1105 2503 2374 2553 Sentimentalität, gab Kurt Ehrle sein bestes. Wenn dieser
1095 2549 2367 2598 Träumer zu weich, zu unlebendig erschien, lag es wohl mehr
1098 2588 2354 2648 an dem nach innen gekehrten, verschwommenen Charakter diese
1098 2628 2354 2688 tappenden großen Kindes, als an dem Darsteller. Sehr natür¬
1095 2680 2367 2727 lich zeichnete Kurt Westermann den Max, den mit beiden
1105 2724 2362 2775 Füßen im wirklichen Leben stehenden Freund. Und die „Blumen
1095 2767 2383 2811 Charlotte Pils, das neueingetretene Mitglied, ließ in ihrer
1095 2812 2370 2859 Gabriele die seelischen Gefühlsregungen der in Fesseln ge¬
1098 2854 2366 2911 schmiedeten Dame der großen Welt schmerzlich erzittern und so
1098 2894 2378 2952 innerlich mitempfinden. Ilse Ber ka war eine entzückende
1098 2944 2374 2993 Bianca in ihrem Aeußern wie in der Art des Erinnern
1092 2985 2377 3041 an ihre Episode mit Anatol. Käthe Gothe spielte die Annie
1098 3028 2383 3083 mit dem gesunden Appetit urwüchsig und mit großer Drolligkeit.
1095 3078 2370 3133 Helene von Sonnenthal war ein reizendes Medium, im
1092 3119 2377 3170 wachen Zustand aber noch etwas unsicher. Die Besetzung der
1098 3164 2374 3219 Ilona im fünften Bild mit Herta Alsen war nach den vorher¬
1100 3207 2369 3270 gehenden „üßen Mädeln entschieden nicht glücklich gewählt
1088 3254 2366 3299 Warum stellt man die Heroinen einer solchen Rolle heraus
1101 3294 2366 3354 In den kleinen Rollen bewährten sich Paul Petersen und
1095 3339 2377 3399 Franz Herrmann. Die Bühnenbilder waren entschieden
1095 3386 2367 3443 behaglicher und stimmungsvoller, als das dreiviertel besette
1105 3427 2393 3498 Haus, nachdem der Vorhang sich über dem „Hochzeitsmorgen
1100 3462 1580 3527 Anatols gesenkt hatte.
1196 3507 2383 3594 Das Großherzogspaar wohnte der Erstaufführung
1087 3531 1193 3633 bei.
