3484 4256
1472 151 1809 251 box 8/6
347 168 858 258 4.9. Anatol
805 170 1288 283 Zyklus
878 313 1351 474 OBSERV
657 461 1700 546 1. österr. beh. konz. Unternehmen für Zeitungs
860 508 1506 566 Ausschnitte und Bibliographie.
833 551 1555 649 Wien, I., Concordiaplatz 4.
1051 618 1331 688 Vertretungen
663 661 1715 740 in Berlin, Brüssel, Budapest, Chicago, Cleveland, Christiania,
663 718 1714 772 Genf, Kopenhagen, London, Madrid, Mailand, Minneapolis,
666 768 1718 844 New-York, Paris, Rom, San Francisco, Stockholm, St. Peters¬
1057 796 1327 855 burg, Toronto.
1010 830 1379 912 (Quellenangabe ohne Gewähr.)
663 888 1035 983 Ausschnitt aus:
1027 928 1225 1017 oli
1030 935 1328 1054 the
885 981 986 1072 se
660 993 793 1078 von
624 1189 1643 1279 Theater. Kunst und Clevatus.
989 1266 1269 1355 „Anatol.
612 1308 1644 1401 Fünf Einakter von Artur Schnitzler, En¬
624 1382 1653 1445 semble Gastspiel der Frau Josefine Glöckner¬
618 1435 1659 1502 Kramer und der Herren Leopold Kramer und
618 1488 1656 1571 Hans Lackner vom Deutschen Volkstheater in
1063 1533 1189 1607 Wien.
704 1552 1653 1654 Der uns wohlbekannte und immer gern ge¬
618 1626 1647 1699 hörte Artur Schnitzler, der kluge Zeichner schwa¬
618 1681 1662 1749 cher Wiener Männer und noch schwacherer, aber lie¬
615 1730 1653 1791 benswürdigerer Wiener Frauen, kam an unserer
621 1780 1662 1846 Bühne vorgestern nach langerer Pause wieder zu
630 1832 1659 1893 Worte. Es gelangte sein „Anatole-Zyklus zur
624 1878 1656 1942 Aufführung. In den Geleitworten, welche Hugs
621 1926 1653 1994 v. Hoffmannsthal Schnitzlers erstem Buche, der
627 1976 1659 2031 Sammlung dramatischer Plaudereien, voraus¬
627 2021 1659 2093 schickte, heißt es: „Also spielen wir Theater, spielen
633 2077 1650 2136 unsere eigenen Stücke, .., die Komödie unserer
630 2120 1652 2179 Seele, unseres Fühlens, Heut und Gestern." In
635 2167 1659 2231 jener Sammlung „Anatols", wie in seinen späteren
630 2219 1656 2276 Dramen, hat Schnitzler seine eigenen Stücke spielen
626 2270 1659 2328 lassen; immer ist es das Verhältnis zwischen einem
627 2314 1657 2371 blasierten, melancholischen Liebhaber aus der Welt
630 2363 1656 2414 der Bildung, der Ordnung und der Sitte und
627 2411 1660 2468 einem liebebedürftigen Weibe aus einer anderen
633 2459 1654 2523 Welt. Sehr gut gezeichnet sind diese verlebten Lebe¬
633 2507 1650 2568 männer und ihre füßen Mädel, besondert die letz¬
633 2556 1662 2614 ten. Meisterhaft ist die Milienschilderung. Der
630 2600 1666 2660 Dialog trägt das echte Gepräge des seinen Schnitz¬
630 2658 965 2723 lerschen Geistes.
715 2686 1654 2792 Von den fünf Einaktern sind hier bereits die
1472 2757 1660 2824 „Anatols
645 2760 1407 2827 bühnenwirksamsten: „Abschiedsouper
636 2790 1659 2866 Hochzeitsmorgen" und — wir glauben, nicht zu
636 2852 1657 2912 irren — „Weihnachtseinkäufe aufgeführt worden
651 2901 1665 2962 sie verfehlten auch diesmal ihre Wirkung nicht.
633 2956 1665 3007 Aber auch die übrigen, nämlich „Die Fragen an
639 2999 1668 3060 das Schicksal" und „Episode erregten das Inter¬
639 3047 1671 3112 esse der Zuschauer in einem hohen Grade, Hiezu
639 3095 1659 3159 trug das treffliche Zusammenspiel der Wiener Gäste
639 3141 1662 3207 wesentlich bei. Frau Glöckner=Kramer be¬
639 3202 1669 3256 währte sich neuerlich als eine hervorragende Dar¬
651 3236 1672 3303 stellerin. Am besten gelangen ihr natürlich die
639 3291 1668 3343 volkstümlichen Gestalten; mit der Weltdame fand
645 3339 1674 3398 sie sich ziemlich gut ab. Beiläufig bemerkt, spielen
645 3386 1674 3444 im Wiener Volkstheater verschiedene Damen die
642 3438 1669 3500 verschiedenen weiblichen Rollen in dem Anatol¬
648 3484 1671 3545 Zyklus, und zwar: Hannemann, Reinau,
645 3531 1671 3602 Müller, Galafres und Glöckner. Eine
645 3585 1076 3643 ganze Damengalerie
738 3629 1671 3706 Das Publikum, das alle Räume des Hauses
651 3680 1668 3746 füllte, nahm die neuen proverbeartigen Einakter,
645 3739 1674 3797 wie die hier schon bekannten Stücke, sehr beifällig
645 3785 1674 3849 auf und lohnte die Darsteller durch reichen Applaus
654 3838 1219 3892 und wiederholte Hervorrufe.
738 3872 1674 3951 Der vorgestrige Schnitzler=Abend darf auf das
648 3936 1680 4004 Haben-Konto der Direktion Herzka geschrieben
651 3989 818 4069 werden.
2242 65 2888 148 Ausschnitte und Bibliographie.
2209 129 2926 224 Wien, I., Concordiaplatz 4.
2436 203 2709 274 Vertretungen
2035 240 3094 319 in Berlin, Brüssel, Budapest, Chicago, Cleveland, Christiania,
2044 299 3097 350 Genf, Kopenhagen, London, Madrid, Mailand, Minneapolis,
2044 339 3097 403 New-York, Paris, Rom, San Francisco, Stockholm, St. Peters¬
2430 378 2703 431 burg, Toronto.
2394 411 2753 482 Quellenangabe ohne Gewähr.
2041 466 2399 543 Ausschnitt aus
2239 480 3165 586 Tagesbote aus Mähr und Schlesien
2221 574 2805 683 19. Okt. 1910 Brün.
2050 581 2191 652 vom
2548 639 2866 731 Abendblatt
2310 768 2984 885 Theater und Kunst.
2142 863 3230 944 Dr. St. Brünner Stadttheater. Schnitzlers Wiener
2056 934 2737 987 Ringelreihen vom „Anatol“ ist
2857 937 3223 1001 tur¬
2053 974 3226 1035 ment geworden. Unberührt vom Für und Wider der Tages¬
2056 1032 3233 1093 meinung steht dieser Einaktenzyklus da und erweist seine
2058 1079 3226 1146 Ahnenschaft zu einer schon ansehnlichen Nachfolge. Schnitzler
2053 1131 3223 1195 hat hier die beiden Typen vorgebildet, die seither in jedes
2059 1186 3226 1239 richtige Wiener Stück von literarischem Gepräge gehören:
2052 1225 3226 1290 den leichtsinnigen Melancholiker und das süße Mädel. Diese
2053 1273 3235 1339 beiden Typen sind damals so erlösend zurechtgekommen,
2084 1322 3224 1383 iß sich eine ganze Generation in ihnen wiederfand. Alle
2055 1376 3229 1437 die glücklichen Lebenskünstler mit den Anwandlungen von
2041 1404 3226 1478 Bedenken, alle diese Strategen der Liebe, diese Don Juane
2056 1475 3223 1533 von Beruf, und alle die Tausende von Mädeln, die sich so
2056 1525 3223 1579 gerne süß nennen, gehört hätten. Der Ernst des Lebens
2053 1568 3220 1632 liegt weit vor den Toren dieser Welt, hier handelt es sich
2050 1625 3223 1674 nur um die Aufgaben der Liebe, hier sind die wichtigsten
2053 1672 3220 1721 Angelegenheiten ein Stelldichein, ein Brief, ein Souper,
2056 1717 3220 1776 Das war im Jahre 1893 und seitdem sind eine Menge von
2052 1769 3220 1831 Nachfahren Anatols auf die deutsche Bühne gekommen.
2049 1807 3227 1880 1893! Man sollte es nicht glauben; schon siebzehn Jahre
2047 1865 3220 1932 und noch immer haben diese kleinen, funkelnden Einakter
2050 1905 3227 1982 die Grazie und den Charme, die liebenswürdige Laune
2050 1964 3217 2021 und die Weltgewandtheit, mit der sie uns bei ihrem Er¬
2052 2007 3226 2074 scheinen entzückt haben, für uns bewahrt. Sie sind nicht
2046 2065 3213 2123 übertroffen worden, nicht an Witz und nicht an psychologi¬
2056 2108 3219 2172 scher Feinheit und nicht an Geschmeidigkeit der Form. Noch
2059 2157 3221 2221 immer bilden sie die erste und beste Sammlung dramati¬
2047 2204 3224 2277 sierter Aphorismen über das Verhältnis zwischen dem
2041 2252 3220 2313 Typus Anatol und dem Typus füßes Mädel. Herr Kra¬
2047 2305 3220 2359 mer ist der richtige Darsteller für den leichtsinnigen Me¬
2041 2359 3220 2418 lancholiker. Er hat die Leichtblütigkeit der Begeisterung
2041 2405 3223 2467 und den Schwung poetischer Verklärung, in der die gegen¬
2050 2458 3227 2523 wärtige Neigung immer alle Vergangenheit überstrahlt. Er
2044 2501 3221 2556 hat aber auch die Zweifelsucht des Grüblers, des Seelenken¬
2044 2553 3230 2615 ners, der von allen noch so süßen Beziehungen im voraus
2041 2602 3220 2658 ahnt, daß sie nicht von langem Bestande sein werden. So
2044 2649 3229 2701 mischter Schwermut mit Leichtsinn, Zweifel mit Begeist¬
2044 2698 3221 2760 rung. Er zeigt uns mit allem Raffinement der Darstellung
2044 2744 3226 2808 diesen liebenswürdigen Plauderer, diesen Künstler der
2041 2789 3220 2849 Liebeslüge, der das Nichtwissen der Wahrheit vorzieht, den
2044 2839 3210 2900 der angenehme Schein über die Gewißheit ist; und der
2041 2888 3220 2947 weil er zu klug ist, um nicht dies alles zu wissen, einen
2044 2938 3223 3007 Anflug von parodistischer Selbstverspottung sehen läßt. Der
2050 2984 3223 3044 Einheitlichkeit dieser Gestalt hatte Frau Glöckner¬
2041 3036 3223 3095 Kramer die Vielfältigkeit ihrer Aufgaben gegenüberzu¬
2047 3090 3224 3150 stellen. Fünf verschiedene Frauengestalten, verschieden nach
2041 3133 3226 3204 Milieu, Temperament und Bildung, einig nur in den
2056 3181 3226 3242 Grundinstinkten des Ewig=Weiblichen. Sie löste diese
2047 3226 3220 3297 Aufgaben nicht alle mit gleichem Glück. In der Szene
2047 3276 3220 3346 „Abschiedssouper" z. B. nahm sie den Ton des Volksstückes,
2047 3333 3230 3389 die Vergröberung der Züge an und störte dadurch ein
2041 3380 3235 3444 wenig den Stil Schnitzlers, der auch hier hätte gewahrt
2044 3426 3226 3487 werden müssen. Gut und sicher zeichnete sie dagegen die
2056 3473 3220 3539 Zirkusreiterin in „Episode" und die Ilona in „Hochzeits¬
2050 3527 3220 3585 morgen", obzwar man gerade hier an der Parallele mit
2044 3582 3224 3653 Frau Galafrès-Hubermann merken konnte, daß ihr die
2047 3631 3214 3690 letzten Verfeinerungen nicht gelangen. Sehr klug und distin¬
2053 3683 3214 3740 guiert gab sich ihre Gabriele in „Weihnachtseinkäufe", eine
2047 3718 3213 3788 Weltdame von vollendeter Vornehmheit, die beste Leistung
2047 3770 3217 3825 unter den fünf Frauengestalten. Als dritter fügte sich Herr
2050 3817 3220 3877 Lackner den Szenen ein, als Skeptiker und Spötter, als
2056 3865 3219 3932 scharfer Beobachter und Kenner menschlicher Unzulänglich¬
2047 3920 3220 3981 keit. Sein Witz war trocken und sarkastisch und kam wie
2053 3961 3217 4055 ohne Vorbereitung aus der Situation und dem Wort her¬
2044 4025 2157 4096 aus.
