3392 4256
1351 235 1716 331 box 8/6
242 226 913 345 4.9. Anatol-
950 243 1167 347 yklus
379 1382 1643 1479 Großh. Hoftheater Karlsruhe.
397 1456 1592 1514 Zum ersten Mal: Arthur Schnitzler: „Weihnachtseinkäufe.
384 1501 934 1579 O. E. Hartleben: Lore
1088 1508 1672 1593 Ludwig Thoma: „Lottchens
893 1543 1158 1617 Geburtstag“.
456 1593 1667 1666 Drei dramatische Dichter, die sonst selten auf dem feierlicheren
390 1638 1675 1709 Repertoire unserer Hofbühne zu finden sind, stritten sich gestern
382 1704 1672 1761 um den Erfolg des Abends: Arthur Schnitzler, Otto Erich
387 1738 1671 1793 Hartleben und Ludwig Thoma. Aber die Waffen, die
387 1788 1671 1841 außeren Mittel, mit denen sie ihre Kräfte maßen, waren nicht
387 1835 1671 1888 gut und gleich. Arthur Schnitzler, aus dessen kurzem Einakter
382 1877 1671 1938 das stärkste dichterische Können hervorleuchtet, kam infolge
395 1917 1661 1974 falscher Rollenbesetzung stark ins Hintertreffen. Es gab aus
384 1959 1664 2017 seinem Einakter=Zyklus „Anatol“, das entzückende Zwiegespräch
384 2011 1664 2067 „Weihnachtseinkäufe“. Am heiligen Abend treffen sich
379 2048 1664 2106 in einer stilleren Straße der Wienerstadt eine Dame und ein Herr
379 2098 1664 2148 der besten Gesellschaft. Sie will mit Paketen beladen heimeilen
381 2140 1659 2198 zur Familienbescherung, er ist auf dem Wege, um seinem Mädel
381 2185 1662 2238 ein Weihnachtsgeschenk zu kaufen. Und nun kommt das Ge¬
387 2222 1659 2274 spräch der beiden, der jungen verheirateten Frau und des unver¬
381 2267 1662 2330 heirateten Anatol, auf diese Geliebte, das süße Mädel“. Mit
381 2317 1664 2375 gesucht scherzhafter Herablassung und mit etwas hochmütigem
381 2359 1654 2412 Spott spricht die Dame der „großen Welt“ von der Vorstadtliebe,
381 2395 1658 2461 dem Kind der „kleinen Welt“, bis ihr dann langsam bei der
368 2443 1661 2499 warmen Herzlichkeit u. dem taktvollen Respekt, mit dem ihr einstiger
371 2486 1661 2545 Verehrer von seiner jetzigen Liebe spricht, das Verständnis da¬
379 2535 1659 2588 für aufgeht, daß hinter diesem so leicht bespöttelten Verhältnis
372 2582 1664 2638 etwas anderes ganz Großes liegt: der Mut zur Liebe. Sie hatte
376 2615 1666 2675 Anatol helfen wollen, ein Weihnachtsgeschenk für sein Mädel zu
371 2664 1661 2727 kaufen. Nun gemahnt der Schlag der Turmuhr sie daran, daß
374 2704 1651 2767 sie sich verplaudert haben. Die junge Frau muß nach Hause.
368 2748 1651 2807 Aber, ehe sie den Fiaker besteigt, drückt sie rasch entschlossen
366 2788 1651 2867 Anatol noch die Blumen, die sie im Arm trägt, für sein Mädel
368 2835 1504 2890 in die Hand, er soll ihm dabei als Gruß von ihr sagen:
505 2893 1651 2944 Diese Blumen, mein ... süßes Mädel, schickt dir eine Frau, die
402 2932 1651 3015 vielleicht ebenso lieben kann wie du und die den Mut dazu nicht
400 2965 569 3027 hatte...
448 3023 1645 3091 Die Erkenntnis eines versäumten Lebensglückes liegt in
364 3061 1651 3151 diesen wenigen einfachen Worten. Lange noch sieht Anatol dem
363 3102 930 3185 davonrollenden Wagen nach.
1804 1390 3001 1454 Wie schon angedeutet, war der Einakter falsch besetzt. Das
1729 1421 3002 1504 Stück braucht, um wirken zu können, das warme Kolorit der
1722 1475 3001 1537 Wiener Sprache, denn nur in Wien u. nur in dieser Sprache können
1725 1525 3006 1590 ein Herr und eine Dame der großen Welt so offen, so leicht und
1725 1571 2999 1637 doch so ernst über dieses nicht salonmäßige Thema plaudern.
1722 1609 2998 1677 Herr Baumbach, der den Anatol gab, bemühte sich zwar,
1719 1658 2991 1716 wegnerisch zu sprechen, aber es gelang ihm nicht; Frl. Noor¬
1724 1701 2998 1771 man verzichtete als junge Frau ganz darauf. So wurde das
1733 1746 2993 1811 feine Zwiegespräch seines wahren Charakters entkleidet und er¬
1716 1790 2998 1850 zielte darum nicht die Wirkung, die es eigentlich verdient hätte.
1725 1837 2998 1888 Der Einakter schrie ja förmlich nach Frau Ermarth und Herrn
1719 1879 2994 1943 Herz. Wenn diese beiden auch am Dienstag die Penthesilea und
1719 1917 2991 1982 den Achill spielen müssen, dies kurze Zwiegespräch hätten sie ge¬
1712 1966 2998 2025 wiß auch bewältigen können. Oder man hätte die Aufführung
1719 2011 3001 2083 besser auf später verschieben sollen, lieber als daß man das graziöse
1716 2049 2106 2120 Stückchen totspiele.
1775 2087 2996 2166 Ein Stück aus Otto Erich Hartlebens „Studentenpoesie" kam
1716 2149 2991 2216 dann an die Reihe. Nach dem lieben süßen Wiener Mädel das
1711 2198 2986 2248 waschechte mund= und schlagfertige Berliner „Verhältnis“, die be¬
1712 2246 2998 2298 rühmte Lore, um deren Gestalt der ewige Student Otto Erich
1719 2285 2986 2335 einen Kranz seiner schönsten Gedichte geschlungen hat. Der Ein¬
1711 2325 2991 2382 akter „Lore" ist die dramatisierte Geschichte vom abgerissenen
1712 2374 2969 2425 Knopf, die ja wohl jeder Gebildete wie den „Gastfreien Pastor
1704 2419 2993 2477 einmal gelesen hat. Die Aufführung war vorzüglich. Schon die
1712 2459 2991 2514 Einrichtung der möblierten Studentenbude war köstlich stilgerecht.
1703 2501 2986 2562 Ausgezeichnet in Sprache und Stil war Herr Hugo Höcker als
1716 2548 2973 2609 steifleinener Vetter, der das Sein oder Nichtsein eines „soliden
1709 2593 2991 2657 Verhältnisses auf einen anzunähenden Blusenknopf gründet. Von
1711 2644 2993 2706 erfrischender Echtheit, Anmut und Natürlichkeit war die Lore
1704 2682 2985 2741 des Frl. Müller. Den Höhepunkt erreichte ihr Spiel, als
1719 2722 2983 2786 sie dem entrüsteten Vetter auseinandersetzte, es sei besser, ein
1708 2770 2983 2830 Knopf sei los, als eine — Schraube. Gut waren dann auch Herr
1706 2819 2794 2873 Krones als „der Kleine“ und Herr Pleß als Fred.
1787 2864 2983 2928 Den Schluß des Abends bildete Ludwig Thomas erst
1704 2896 2980 2969 vor kurzem bei Langen erschienenes Lustspiel „Lottchens Ge¬
1708 2954 2983 3007 burtstag“. Es soll eine Satire auf das Problem der
1708 2998 2980 3051 sexuellen Aufklärung sein. Der welt= und menschenfremde Uni¬
1708 3040 2980 3101 versitäts=Professor Giselius hat es sich in den Kopf gesetzt, seine
1698 3078 2980 3144 Tochter Lotte an ihrem zwanzigsten Geburtstag in die Geheim¬
1690 3136 2978 3207 nisse der Ehe einzuweihen. Seine Verschrobenheit und Ungeschick¬
3057 1403 3138 1459 licht
3051 1450 3143 1504 teili¬
3051 1495 3148 1548 in s.
3052 1535 3144 1595 gleich
3056 1579 3144 1633 löst
3059 1625 3138 1679 Pro¬
3056 1669 3131 1725 gesu
3054 1714 3138 1783 heim
3051 1790 3131 1862 on
3051 1854 3148 1904 dem
3048 1891 3148 1953 Thon
3049 1940 3164 1996 Grenz
3049 1983 3141 2045 werd
3049 2029 3149 2080 daran
3048 2074 3148 2124 mit
3041 2117 3123 2177 ge
3051 2158 3140 2217 ile
3044 2206 3144 2259 erat
3044 2249 3123 2307 akte
3040 2291 3140 2343 mach¬
3044 2467 3130 2530 „Fi¬
3035 2693 3111 2783 de
3035 2775 3140 2832 verhu
3032 2819 3112 2877 der
