3344 4256
1367 178 1719 274 box 9/1
882 174 1182 285 Zyklu-
252 189 741 285 4.9. Anato
604 1204 897 1289 Ausschnitt
552 1323 1078 1452 Dortmunder Zeitung
693 1526 989 1697 31
622 1715 1019 1815 Stadttheater.
1326 1686 3297 1808 französischen Schauspiels. Zur Hauptsache ist er aber gut. Man lachte laut und leiste und wechselte bei den
1323 1782 2305 1827 nur die Verkörperung der Einwürfe, die sich Anatol
2327 1793 3297 1849 besonders gepfefferten Stellen verständnisinnige
541 1790 1112 1890 Matinée des Theatervereins.
1326 1819 3294 1878 gegen seine eigene Lebensauffassung selbst macht. Blicke. Ich sah manchen guten Familienvater, der
748 1852 893 1912 Anatol.
1326 1856 3294 1919 Oder vielmehr Liebesauffassung. Denn nur der Teil die Matinee offenbar beinahe so angeregt hatte, wie
1315 1893 3294 1956 des Lebens, den die Dichter und anderen, die mit der übliche Frühschoppen im Nordstern. Natürlich
467 1875 1186 1967 Drei Einakter von Arthur Schnitzler.
1326 1930 3297 1990 bedrucktem Papier handeln, Liebe nennen, wird in wurde auch Opposition laut. So meinte ein spätes
382 1934 1304 2004 Der erste Theaterverein ist von einem gewissen
1326 1964 3305 2034 Frage gezogen. Leben dagegen haben die süßen Mädchen, das dem Liebesgott wohl keine Schlach¬
326 1971 3305 2067 Sophokles in Athen gegründet worden. Dieser Herr Mädls von Wien. Ich brauche sie nicht zu zeichnen, ten mehr abgewinnen konnte, die Jungfrau von Or¬
326 2030 1293 2093 befaßte sich mit der Anfertigung von Theater
1330 2034 3301 2104 Der Typus ist allbekannt. Oder kennt etwa jemand leans sei doch netter. Das höchste Verständnis verriet
333 2071 1293 2119 stücken. Aber das ist schon lange her, deshalb ist
1323 2075 2301 2130 die kleinen Dinger nicht? Die mit dem kastanien¬
2323 2090 3294 2141 aber mein Nachbar, ein junger Mann. Nach Schluß
333 2116 1300 2160 zurzeit in den weitesten Kreisen unbekannt. Sein
1326 2112 3305 2179 braunen Haar (natürlich fesch hergerichtet, mit den der Vorstellung drückte er mir gerührt die Hand
322 2141 3305 2238 Theaterverein hat auch mit dem hiesigen nichts zu blauen Augen (Vergißmeinnicht in Milch gekocht, und sagte mit sentimentalem Augenaufschlag: „Was
333 2182 1293 2234 schaffen. Wenigstens ist in diesem vom Sophoclei
1326 2190 3294 2253 mit der eleganten Figur (alles stramm beieinand), ist ein Lieben ohne Liebesglanz!" Ich aber, durch
337 2216 3290 2316 schen Geiste nie etwas gespürt worden. Und doch dazu Humor, Grazie und vor allem das Wiener die Vorstellung ganz verwienert und natoll ge¬
326 2253 1671 2334 ist das Beiden gemeinsam, daß sie am letzten Ende Herz und Gemüt!
2323 2282 3301 2330 worden, erwiderte: „Erzählen Sie das der Frau
330 2293 1300 2345 die Pflege der dramatischen Kunst auf
1371 2282 3301 2397 All dem wurde die Darstellung nur zum Teil Blaschke (auf norddeutsch: Ihrer Waschkrau), Ban¬
326 2327 1304 2382 ihre Fahne geschrieben hatten. Mit dramatischer
1326 2319 2297 2401 gerecht. Herr Matthias (Max) spielte seine körperlos¬
2323 2349 2656 2405 schabel ölendiger!
319 2367 2297 2430 Kunst haben aber die Schnitzlerschen Einakter nichts Rolle gut und korrekt und wußte ihr Leben einzu¬
2371 2367 3301 2456 So endere diese Matinee zu Nutz und Frommen
322 2408 2305 2486 zu tun. Es ist daher sonderbar, daß der Theater= flößen, was dem Verfasser nicht gelungen war. Herr
322 2445 1293 2490 verein sie sich, noch dazu in einer Separatvorstel
1319 2416 3246 2527 Kaufmann (Anatol), spielte seine Rolle viel zu ernste des Theatervereins und der dramatischen Kunst.
319 2479 2301 2538 lung vorspielen läßt. Wer der Vater dieser mehr haft und überlegt. Der Darsteller des Anatol muß
3127 2479 3279 2549 F. K.
322 2519 2301 2579 als merkwürdigen Idee war, mögen die Götter leicht auch über die ernsten Gedanken, die er aus¬
2645 2501 2960 2582 Theaternachricht
322 2556 2301 2616 wissen. Uns minderbegabten Sterblichen sei die spricht, hinweggehen. Er darf ihnen nicht mit nord¬
2371 2538 3301 2623 Wegen Verhinderung des Herrn Mayr wird am
326 2594 1289 2668 Nachforschung nach dieser peinlichen Vaterschaft ver
1315 2597 2293 2653 deutscher Gründlichkeit und Gewissenhaftigkeit au
2319 2597 3283 2656 Mittwoch, den 13. März, nicht „Der Strom ge
319 2623 474 2679 boten.
1315 2638 2297 2690 den Zahn fühlen. Darunter leidet der Flügelstaub
2327 2649 3297 2701 geben. Es kommt vielmehr das beliebte Lustspiel:
378 2638 1293 2723 Anatol hat also mit der dramatischen Kunst
1319 2675 3120 2753 der zarten Charme, die auf dem Ganzen ausgebreitet Im weißen Rößl“ zur Aufführung.
322 2705 2293 2764 nichts zu tun. Ja, es ist sogar fraglich, ob er über liegt. Es ist verfehlt, die Pointen zu unterstreichen
322 2742 2293 2805 haupt in das Gebiet de Kunst gehört oder nicht man muß sie mildern dadurch, daß man sie nur
322 2786 2293 2838 vielmehr auf der Grenzlinie liegt, wo die Kunst andeutet. Das scharfe Pointieren hat auch noch ein¬
326 2820 2297 2879 aufhört und die Kunstfertigkeit beginnt. Es wäre andere Gefahr: dadurch wird leicht die Frivolität
319 2857 2297 2912 abgeschmackt, zu rügen, daß die Einakter leichtfertig zur Frechheit und das kecke Witzwort zur Zote. Vor
322 2897 1293 2945 und frivol sind, oder, wie man heuzutage sagt
1319 2905 2308 2957 allem war das Abschiedssouper mißlungen. Hier
326 2931 2297 3005 frei. Sin sind dafür manchmal witzig, öfters aller darf Anatol nicht im Mindesten seinen Arger zeigen.
315 2968 2016 3049 dings nur geistreichelnd. Aber all dies ist ja keine Man darf ihn vielmehr nur erraten.
308 3005 441 3068 Kunst.
1371 2986 2301 3071 Von den süßen Mädls kam Frl. Hrubesch (Bi¬
367 3016 1286 3090 Dabei sind die Dinger garnicht so leicht zu spie¬
1312 3049 2293 3112 anca) dem Richtigen am nächsten. Sie gab am
308 3068 2286 3146 len. Die Hauptsache ist Milien und Lokalkolorit rich= meisten Lokalkolorit. Frl. Lagarst (Cora) dagegen
311 3120 1282 3168 tig zu treffen. Dann bietet die Darstellung der ein
1312 3138 2290 3183 war zu steif und Frl. Habermeyer war teils gekün¬
319 3160 2282 3223 zelnen Personen keine zu großen Schwierigkeiten stelt, teils naiv als Annie. Daß diese aber naiv sei
308 3194 1286 3246 mehr. Anatol ist der Typ des Wiener Don Juans
1312 3209 2293 3260 kann ihr ihre intimste Feindin nicht vorwerfen.
311 3231 1282 3283 Er ist nicht, wie er einmal von sich selbst sagt, ein
1312 3242 2293 3297 Es ist überhaupt ein altes, ungeschriebenes Gesetz
315 3268 1293 3320 leichtsinniger Melancholiker der Liebe. Er ist viel¬
1315 3283 2286 3331 in der Weiner Stadt, daß die Mädchen mit dem
311 3312 2290 3372 mehr leichtlebig, leichtfertig, witzig, brutal, zynisch; Tage der Konfirmation aufhören, nicht nur naiv
300 3342 1289 3397 alles dies ist aber durch eine gewisse Gemütlichkeit
1319 3360 2290 3416 zu sein (das ist auch hier so), sondern zu scheinen.
311 3386 2145 3442 und Neigung zur Selbstironie gemildert. Sein Noch dazu eine Balleteuse! Hab's an Idee
311 3420 1286 3468 Freund Max ist dagegen eine seelenlose Theater
1371 3412 2297 3483 Das ausverkaufte Haus spendete reichlich Beifall.
311 3442 2308 3557 figur. Einmal vertritt er den Vertrauten des alten Und was noch mehr besagen will, es amüsierte sich
