3436 4256
375 167 880 252 4.9. Anato.
696 173 1307 285 ku
1501 189 1863 288 box 8/5
943 1113 1407 1223 Von Schnitzler
943 1213 1113 1286 Anatol
1025 1262 2239 1346 Achtzehn Jahre lang hat man irgend einem dramatischen Nah¬
1105 1323 2248 1391 rungsmittel, von Schnitzler oder sonstwem, den einen oder
972 1383 2248 1453 den andern Anatol-Akt vorausgeschickt, um den Appetit zu
953 1430 2247 1498 reizen, oder hinterhergeschickt, um die Verdauung zu befördern. Kein
954 1486 2243 1563 guter Gedanke, plötzlich eine ganze Theatermahlzeit mit dem Anatol¬
962 1540 2248 1614 Zyklus zu bestreiten. Zum Schluß war einem so flau, daß man viel
959 1593 2247 1666 für ein Stück Kommißbrot gegeben hätte. Dabei ist unverständlich,
953 1658 2248 1716 daß Brahm sich diesen Verlauf nicht selbst, daß Schnitzler ihn nicht vor¬
961 1706 2243 1782 hergesagt hat. Auf unsern deutschen Bühnen probiert ein jeder, was
961 1757 2255 1836 er mag, wenn es auch nur die entfernteste Aussicht auf Erfolg hat.
962 1812 2248 1894 Daß also von einem Dichter dieses Ranges, einem Autor dieses Markt¬
961 1868 2253 1936 werts eine Serie heiterer kleiner Stücke, die seit einem halben Menschen¬
961 1917 2253 1986 alter vorliegt, niemals im Zusammenhang gespielt worden ist: dieser
961 1980 2252 2040 Tatbestand allein und die Einsicht in die Berechtigung dieses Tatbestandes
961 2025 2248 2098 hätte alte Praktiker von dem Experiment abhalten sollen. Erfreulicher¬
962 2083 2247 2148 weise hatte das Experiment nicht sieben, sondern wenigstens blos fünf
966 2130 2255 2201 Teile. Davon ist der vierte Teil ganz, der zweite halb mißglückt, ist
962 2188 2255 2256 der erste Teil leidlich, der fünfte genügend und der dritte völlig geglückt.
961 2248 2255 2310 Diesen dritten Teil — das Abschiedssouper — haben ungefähr sämt¬
966 2300 2258 2365 liche deutschen Bühnen gespielt. Um zu beweisen, daß sie weise daran
962 2349 2258 2425 getan haben, brauchte das Lessingtheater wirklich keinen besondern
966 2412 1389 2476 Abend zu veranstalten.
1056 2460 2255 2523 Was im Laufe dieses Abends immer mehr ermattet und verdrießt,
961 2512 2258 2586 ist die Einförmigkeit seines Inhalts. Anatol wird fünfmal von der¬
969 2582 2256 2638 selben Seite gezeigt. Wenn er weiter keine Seite hat? Eben darum
966 2614 2258 2687 reichte es aus, ihn einmal von dieser Seite zu zeigen. Er ist ein
966 2672 2258 2743 homme à femmes, der vielen Frauen unwiderstehlich ist, und dem alle
966 2729 2258 2798 Frauen unwiderstehlich sind. Was heute schon nicht mehr das ganze
969 2787 2255 2858 Leben der Frau ausmacht, macht noch das ganze Leben dieses Männ¬
966 2848 2260 2920 chens aus. Schnitzler selbst ist längst über den Typus hinausgewachsen.
966 2892 2266 2958 Die Eheleute in seinem „Zwischenspiel sind Erotiker bis über die
966 2957 2264 3020 Ohren; zugleich sind sie geniale Musiker, die Frau nicht minder als
974 2996 2264 3072 der Mann. Anatol aber verrät mit keiner Silbe, ob er eine menschen¬
969 3070 2264 3133 ähnliche Existenz führt, geteilt zwischen die verschiedensten Interessen,
975 3109 2268 3180 eine Existenz, in der die Liebe ihren Platz hat und nicht alles beherrscht.
975 3162 2269 3232 Er kennt nur einen Gesprächsgegenstand: die Liebe. Himmel und
975 3230 2263 3303 Erde bewegen sich für ihn nur um einen Pol: die Liebe. Er ist sich nur
2151 3301 2263 3402 1261
