3484 4224
1418 183 1776 271 box 8/5
305 187 1224 302 4.9. Anatol - Zyklus
856 1092 1551 1229 denkordate.
1363 1269 1538 1364 I
1335 1522 1779 1586 Der heutigen Ausgabe
756 1529 1776 1614 alt und Wissen, des ann. Cour.
822 1596 1779 1652 Kümmer unserer Beilage „Welt und Wissen beigegeben:
759 1640 1776 1676 Nummer enthält die folgenden Artikel: Hans Kaiser:
670 1651 860 1718 Sharaku.
926 1671 1779 1732 Ludwig Speidel: Frauenalter. — H. Hart¬
669 1706 1498 1760 Reben: Wie die Vorzeit wieder lebendig wurde.
905 1804 1558 1901 Schnitzlers Anatol.
1107 1867 1349 1953 der
714 1928 1010 1995 (Nachdruck verboten.)
1356 1916 1763 1997 Berlin, 5. Dezember.
759 1973 1790 2027 Direktor Brahm, dem Hirschfelds „Zweites Leben" durch¬
681 2023 1787 2074 gefallen ist, macht aus der Not eine holde Tugend und schafft
684 2067 1787 2117 sich einen „neuen alten Schnitzler an. Den wirklich neuen
679 2100 1790 2148 Schnitzler, den „Jungen Medardus aufzuführen, dazu ge¬
672 2140 1801 2192 bricht's ja doch wohl an Mut. Der neue „alte“ Schnitzler ist
684 2181 1794 2230 aber der „Anatol. Seit mehr als fünfzehn Jahren werden
679 2217 1790 2269 dann und wann einzelne Stückchen der Anatol-Einakter auf¬
681 2256 1790 2313 geführt; einmal, um eine lachfreudige Soubrette als Annie
676 2290 1784 2339 im „Abschiedssouper“ in Parade vorzuführen, ein andermal
681 2335 1787 2380 um einem zu kurz geratenen Theaterabend die nötige Länge
690 2370 1791 2424 inzuflicken. Die köstlichen Dramoletts, in denen der Wiener
697 2410 1794 2459 Poet, alle Franzosen geschlagen hat, wirken natürlich auch
693 2448 1797 2499 jedes für sich; kein Herausreißen aus dem Zusammenhang,
690 2487 1794 2528 der da besteht und doch nicht besteht, kann den reizvollen
697 2525 1803 2571 Skizzen aus dem Leben eines Junggesellen, der den leicht¬
697 2563 1794 2609 innigen Melancholiker posiert und sein Leben mit dem „füßen
702 2606 1485 2651 Nadl" verbringt, den feinen Duft nehmen.
759 2623 1800 2691 Nun hat Brahm das gethan, was die Direktoren alle nicht
711 2679 1798 2729 u tun verstanden (er bis jetzt auch nicht), und führt alle fünf
700 2717 1801 2778 Einakter an einem Abend auf. Das gab zwei entzückende
708 2759 1800 2811 Stunden. In der Reihenfolge, in der die Stückchen gegeben
708 2809 1807 2851 erden, liegt eine ganz deutlich wahrnehmbare dramatische
705 2837 1800 2886 entwicklung, so daß sich die fünf Szenen zu einer runden
711 2873 1800 2922 unggesellen- und Grisettenkomödie schließen. Im ersten, der
711 2911 1794 2970 Frage an das Schicksal“, fürchtet sich Anatol, an die
721 2949 1794 3007 ypnotisierte Geliebte die Frage zu richten, ob sie ihm auch
718 2991 1798 3045 en sei. Der Herzenverbraucher ist seines unbedingten Sie¬
721 3029 1797 3084 rtums doch nicht so gewiß, aber der süße Wahn, restlos ge¬
721 3066 1790 3116 ebt zu sein, ist ihm lieber als die gegenteilige Gewißheit
726 3104 1794 3156 uch der Uebergang vom Vorstadtmädl, dessen Seele und An¬
721 3144 1794 3201 ut ja Schnitzler für die Literatur entdeckt hat, zur Frau der
732 3180 1791 3230 esellschaft gelingt Anatol nicht; Gabriele, in dem Stim¬
726 3223 1800 3271 ungsbildchen „Weihnachtseinkäufe, bleibt unnah¬
726 3261 1790 3312 er und kühl, weil sie „nicht den Mut hat, und sie selbs
724 3295 1800 3348 eist ihn zu seinem Vorstadtglück, mit dessen verlockender
724 3335 1800 3383 childerung er sie ködern möchte. Wie er dann im „Ab¬
726 3375 1803 3442 hiedssouper der lustigen Choristin den Abschied geben
1815 1503 2924 1569 will und ihn selbst erhält, ist nicht so blamabel für seine lie¬
1819 1548 2924 1602 benswürdige Renommisterei als die tragikomische Erkenntnis,
1831 1592 2921 1651 von einem Zirkusfräulein — (in der „Episode") — so arg
1821 1623 2931 1689 vergessen worden zu sein, daß die Vielgeliebte ihn nach kurzer
1821 1676 2478 1720 Trennungszeit nicht wiedererkennt.
1902 1696 2925 1769 Zum Schluß präsentiert er sich als angehender Ehemann
1834 1749 2922 1800 („Anatols Hochzeitsmorgen"). Der konventionelle Aus¬
1828 1787 2924 1843 klang eines tändelnden Don Juantums. Die feurige Ilona,
1824 1828 2929 1878 mit der er die Nacht vor seinem Hochzeitstag verbracht hat,
1831 1880 2928 1921 ruft allerdings seiner Wohnung ein: Auf Wiedersehen! zu,
1829 1902 2932 1961 und die Perspektive auf Anatols Ehemannseskapaden ist
1829 1950 2034 2016 gestellt.
1902 1961 2929 2036 Hier liegt vielleicht für Schnitzler eine Lockung. Aber er
1836 2013 2938 2072 hat ihr bis jetzt widerstanden. Wohl Trivialitäten der Ehe¬
1826 2054 2929 2117 bruchsfarten fürchtend. Und er soll es auch bleiben lassen;
1834 2105 2931 2154 Anatol gibt Jugend in allen Reizen übertriebener Sentimen¬
1834 2137 2936 2193 talität, in allen Sprüngen unbekümmerter Leichtfertigkeit, in
1834 2171 2939 2228 allen Rücksichtslosigkeiten schrankenlosen Sichauslebens. Die
1838 2209 2936 2263 Aufführung des Lessingtheaters verhärtete die wienerische
1842 2251 2934 2306 Weichheit; Heinz Momard (Anatol) war ein wenig eckig und
1842 2290 2943 2348 säuerlich; Reicher (Max) unelegant behäbig. Aber die
1839 2322 2936 2383 Mädel sind entzückend. Vor allem Mathilde Sussin in den
2733 2367 2936 2415 Und diese
1842 2369 2678 2419 Uebermütigkeiten der Abschiedsouper-Annie.
1842 2387 2950 2487 Jugendlich=Lustige hat bis jetzt nur kranke Tanten spielen,
1836 2459 2054 2521 dürfen....
