3436 4352
1364 155 1725 259 box 8/4
981 162 1077 240 k.
255 161 1042 274 4.9. Anatol.
1384 678 1532 745 Runds
708 712 794 773 ﻿498
673 820 1479 904 kensch verhaltenen Liebe heraus, die die
685 868 1477 950 süßen Mädel um ihren Mut zur freien Hin¬
688 917 1480 991 gabe beneidet. Indem die Frau dem Manne,
677 969 1484 1030 den sie heimlich liebt, ihre Mutlosigkeit ver¬
686 1018 1484 1077 rät, verbirgt sie dennoch vor ihm das Ge¬
690 1063 1109 1126 heimnis ihres Herzens.
770 1090 1495 1169 Herr Kramer ist dem Anatol schon
688 1138 1490 1214 etwas entwachsen; er bringt aber die innere
688 1180 1493 1252 und äußere Liebenswürdigkeit mit, die er¬
708 1237 1496 1302 forderlich ist, um dem leichtsinnigen Liebes¬
699 1272 1494 1343 melancholiker unsere Sympathien zu sichern.
701 1313 1500 1395 Prächtig kontrastiert Herr Lackner das durch
698 1363 1496 1433 mannigfache Erfahrungen skeptisch gewordene
704 1403 1502 1474 Naturburschentum seines Freundes Max, der
699 1461 1511 1518 immer ein kluges oder boshaftes Aphorisma
701 1488 1502 1564 auf der Zunge hat, und die holde Weiblich¬
705 1534 1506 1604 keit, die Anatols halbes, heimliches Emp¬
713 1578 1510 1663 finden nicht zur Ruhe kommen läßt, wird
708 1626 1508 1697 von den Damen Hannemann, Reinau,
708 1670 1514 1727 Glöckner, Müller und Galafrés mit vor¬
710 1711 1515 1784 nehmer Charakteristik differenziert. Schnitzler,
714 1759 1519 1831 von seinem jüngsten Burgtheatererfolg noch
719 1798 1516 1874 umrauscht, schlürfte mit sichtlicher Genug¬
714 1853 1521 1911 tuung die verspätete Anerkennung, die seinem
722 1887 1521 1956 Anatol, dem Vorläufer des jungen Medar¬
720 1942 1521 1997 dus, im Deutschen Volkstheater zuteil wurde.
793 1975 1521 2055 Aus der kleinen Welt verliebter Tände¬
724 2018 1524 2086 leien führt uns der holländische Dichter
730 2068 1530 2146 Frederik van Eeden in seiner Tragikomödie
737 2110 1524 2184 „Ysbrand", die auf der jungen Residenz¬
730 2155 1533 2226 bühne mit starkem Erfolg zur Aufführung
734 2207 1533 2277 gebracht worden ist, in eine ganz andere,
730 2251 1533 2306 entgegengesetzte: in die Welt metaphysischer
742 2288 1529 2356 Entrücktheit und mystischer Inbrunst, aus
736 2333 1538 2408 der Religionsstifter hervorzugehen pflegen
740 2387 1536 2440 oder, wenn dazu die starke, suggestive Per¬
742 2412 1539 2495 sönlichkeit fehlt, arme Narren und Schwärmer,
743 2474 1544 2537 die von ihren Mitmenschen still geduldet oder
746 2509 1543 2578 laut verhöhnt werden. Ysbrand de Raaf,
736 2560 1544 2624 der Held dieser Tragikomödie, scheint auch
746 2595 1550 2667 aus etwas wie Apostelholz geschnitzt zu sein.
752 2642 1550 2714 Durch das tragische Ende seiner ersten Liebe
749 2683 1550 2749 aus dem seelischen Gleichgewicht gebracht,
758 2732 1554 2806 schlüpft er in ein härenes Bußkleid und führt
758 2771 1556 2841 bei armen Verwandten christusbärtig und
758 2818 1558 2886 barfuß ein mitleidig belächeltes Leben ent¬
763 2861 1556 2937 sagungsvoll in sich gekehrter Beschaulichkeit.
755 2904 1558 2973 Die Blumen, die Wolken, die Winde und
761 2953 1565 3012 eine in kindlicher Unschuld erblühende Mäd¬
761 2998 1563 3068 chenknospe sind sein einziger Verkehr mit der
761 3035 1567 3101 Umwelt, deren lärmende Geschäftigkeit vor
764 3086 1568 3154 den Sphärenharmonien verstummt, die seinem
1429 3125 1567 3181 meine
766 3126 1381 3189 inneren Ohr erklingen. Da fällt
1458 3168 1568 3224 seiner
764 3173 1375 3232 reiche Erbschaft zu, die die Hal¬
1453 3218 1571 3269 armen
771 3223 1342 3286 Angehörigen erweckt, und um
1439 3259 1571 3312 mieden
773 3265 1342 3323 Teufel, den sie bisher geduldet o
1416 3305 1572 3357 pf, der
776 3307 1329 3375 hatten, entbrennt ein heftiger
1433 3349 1577 3401 seltsame
774 3354 1326 3415 für ihn im Irrenhaus endet.
1404 3394 1576 3449 che man
782 3395 1310 3460 Stück, über dessen primitiv
1421 3432 1580 3501 man sich
773 3441 1302 3528 zuweilen lächeln möchte, wä
