3484 4256
535 187 791 261 to
255 183 503 277 4.9.
1375 187 1728 270 box 9/3
1036 186 1159 262 lu
438 467 1405 584 Bayerische Staatszeitung, München
778 601 1140 699 14. Dez. 1925
718 768 1261 839 Schnitzlers Anatol.
559 819 1440 899 (Zum erstenmal im Residenztheater.)
491 889 1562 948 Es gibt eine Art hinter dem Kriege liegender Literatur, die
419 909 1558 990 wir im Kriege schwer mehr vertrugen und von der wir fast
421 956 1559 1015 hofften, daß sie nach dem Kriege unmöglich sein werde. Dazu
422 1007 1539 1061 gehören auch die Sexualdramen vom Wiener „süßen Mädel
412 1049 1554 1098 Arthur Schnitzlers. Anfangs der neunziger Jahre des
412 1074 1559 1141 vergangenen Jahrhunderts erschien in einem obscuren seither
415 1114 1555 1176 längst zugrunde gegangenen Verlag ein schmächtiges Bändchen,
418 1156 1555 1212 das unter dem Gesamttitel „Anatol“ sieben Einakter enthielt,
415 1190 1548 1247 die den damals literarisch noch ganz unbescholtenen Wiener Arzt
415 1234 1558 1284 Dr. Arthur Schnitzler zum Verfasser hatten. Das Buch blieb
415 1276 1554 1327 zunächst völlig unbeachtet; die Stücke selbst blieben unaufgeführt.
415 1314 1557 1366 Erst später ist der Autor der „Liebelei“ und des „Anatol“ be¬
415 1355 1555 1402 rühmter geworden als jener des weit ernster gemeinten Medardus¬
417 1382 1551 1450 Dramas. Man erwartete und wollte von Schnitzler eben nichts
414 1427 1554 1482 anderes als immer neue Variationen über das Thema vom
406 1470 1548 1521 „süßen Mädel“. Das hat sich an ihm selbst gerächt. In der Lite¬
405 1509 1551 1577 raturgeschichte wird er voraussichtlich nur als der Schöpfer dieser
408 1538 895 1598 Anatol-Type haften bleiben.
481 1572 1544 1640 Daß nun gar unser Residenztheater den Anatol=Zyklus als
406 1611 1545 1675 eine späte, ja arg verspätete Neuheit zur Aufführung bringt,
401 1660 1542 1711 müßte überraschen, wenn man nicht wüßte, daß unser erster und
404 1696 1541 1754 glänzendster Anatol=Spieler, Gustav Waldau, der diese Rolle
425 1737 1542 1794 bei der ersten Aufführung des Zyklus unter Stollberg am
432 1768 1538 1832 2. April 1911 im Münchener Schauspielhause gab, heute und
406 1810 1544 1868 seit langem einer unserer beliebtesten Darsteller der einstigen
406 1851 1538 1908 Hofbühne und zudem auch Regisseur ist. Er hat denn auch diese
393 1887 1538 1938 nicht umzubringende Einakterreihe am Samstag neu inszeniert:
401 1931 1539 1980 und kann man mehr zu seinem Lobe sagen, als daß sein Anatol
406 1967 1545 2021 heute noch genau so liebenswürdig, beiter und überzeugend wirkt,
404 2012 1559 2051 wie vor vierzehn Jahren, denn Waldau scheint das Vorrecht,
399 2052 1542 2103 ewiger Jugend zu besitzen. Mit der üblichen Weglassung der zwe¬
409 2081 1536 2156 schwächsten wurden wieder wie schon damals die fünf Anatol¬
404 2120 1522 2172 Einakter: „Die Frage an das Schicksal", „Episode
432 2159 1384 2207 Weihnachtseinkäufe", „Abschiedssonper
1417 2158 1538 2217 und
404 2198 1541 2254 „Anatols Hochzeitsmorgen" gegeben. Die beiden letz¬
406 2238 1536 2292 teren als die wirksamsten sind seit jener Erstaufführung im
404 2277 1541 2328 Schauspielhaus ja wiederholt dort einzeln aufgetaucht. Lina Woi¬
393 2309 1533 2362 wode, Hilde Herterich, Consuela Nicoletti, Ewis Borkmann
389 2343 1531 2408 haben wir darin als Anatols Partnerinnen gesehen. Frau
389 2397 1525 2449 Herterich stand ihrem einstigen Kollegen Waldau nun
391 2436 1531 2485 auch vorgestern im „Abschiedssouper als Annie gegenüber
386 2466 1532 2524 und dieser Einakter hatte dank ihrem überaus temperamentvollen
389 2509 1528 2565 Spiel neben dem „Hochzeitsmorgen Anatols", in dem They
391 2538 1538 2617 Pricken die Ilona gab, die 1917 bei einer Aufführung des
905 2770 1708 2890 Bayerischer Kurier, München
1238 2910 1483 3027 Der 1925
1049 3031 1982 3153 Natur. Non est. Ral.
1072 3109 1979 3197 von Arthur Schnitzer. Wer hätte gedacht, daß
1067 3155 1990 3230 „Anatol", ver gerade 32 Jahre alt geworden ist, auch
1069 3194 1990 3275 ins Residenztheater einziehen würde! Ein Zeichen
1065 3238 1982 3319 der Spielplannot. Das Publikum von heute pflegt
1068 3282 1985 3370 gute und ernste Stücke zu meiden, z. B. „Grifelda",
1069 3336 1992 3398 alle Werke der nordischen Dichter und vieles andere.
1072 3367 1996 3442 So gibt man eben auch einmal ein schlechtes Stück,
1069 3410 1995 3481 wenn es nur gut gemacht ist und wenn man es be¬
1085 3456 1992 3533 setzen kann. Gustav Waldau und Hertha
1077 3494 1993 3569 v. Hagen haben in „Anatol“ dieses Frühjahr in
1075 3535 1995 3618 Wien Triumphe gefeiert. München ist nicht Wien,
1081 3589 1998 3659 noch nicht, aber der Triumph blieb Waldau treu, der
1078 3626 2003 3691 hier Regie führte und die Titelrolle gab und auch
1074 3664 2002 3734 Frau v. Hagen als Gabriele, die wie gedämpftes
1084 3707 2008 3780 Saitenspiel mit Waldau die Szene „Weihnachtsein¬
1084 3749 2002 3825 käufe“ an uns vorüberziehen ließ. Bei einem Stücke
1081 3793 2006 3864 von so unverhüllter Amoralität, von so salopper
1084 3835 2003 3901 Lebensweisheit und wienerischer Verantwortungs¬
1087 3868 2011 3950 losigkeit kommt alles auf die Regie und die Darstel¬
1069 3926 2042 4053 lung an, wenn uns das Ganze noch möglich gemach¬
1979 1835 2901 1934 werden soll. Waldau hat als Spielleiter wieder seine
1986 1907 2898 1985 seine taktvolle Hand bewährt, die das Rauhe zu
1989 1950 2904 2028 glätten, das Grobe zu veredeln weiß. Und ebenso ist
1985 1999 2903 2062 Waldau auch als Darsteller des Anatol. Er ist immer
1987 2042 2906 2114 irgendwie ritterlich, nie derb, alles wird liebens¬
1995 2078 2910 2149 würdig, menschlich verzeihlich vorgebracht. Und das
1990 2117 2907 2199 ist in dieser Rolle sehr schwer. Unterstützt wurde er
1990 2159 2907 2237 dabei durch Graumann als Freund Max, eine
1986 2202 2916 2286 dramaturgische Notgestalt, mir etwas allzu trocken
1990 2245 2921 2323 und gewollt steif gespielt, dann durch die Damen,
1998 2296 2914 2362 die durch die Szenen huschen. Charlotte
2000 2331 2919 2410 Krüger, reizend jungmädchenhaft, wie es die
2000 2369 2920 2457 Rolle vorschreibt, und voll natürlicher Wärme,
2002 2414 2920 2501 Frieda Schrantz als Bianca von mondäner Ele¬
2003 2453 2921 2541 ganz, die durch Kunstwerke des Modehauses Cihak
2003 2499 2930 2584 noch wirksam gehoben war, Hilde Herterich als
1999 2535 2924 2622 Annie im „Abschiedssouper". Die Szene ward in
2005 2596 2927 2669 prächtigem Zusammenspiel zur vollkommenen Ein¬
2002 2626 2921 2723 heit und zum Höhepunkt des Abends. Die drollige
2008 2672 2926 2756 einfache Natürlichkeit, der ächte Humor, das wahre
2008 2708 2926 2795 muntere Temperament, die völlige künstlerische Frei¬
2009 2753 2932 2833 heit, mit der Hilde Herterich die Rolle gibt, ist nicht
2009 2796 2936 2888 zu übertreffen. Und keine Stelle zu der oder gar
2009 2839 2937 2921 roh, wozu so reichlich Gelegenheit wäre. Hier zeigt
2016 2881 2936 2966 sich die große Künstlerin auch im kleinen Rahmen.
2018 2923 2932 3004 Vor Jahren schon sah ich Hilde Herterich in „Anatol
2015 2978 2933 3048 schon damals bezwingend, aber noch im Banne der
2012 3014 2937 3097 Rolle, die sie uns heute mit gelösten Händen schenkt.
2021 3063 2939 3130 Es gab Beifallsstürme. Im letzten Bilde dagegen
2026 3103 2946 3178 They Pricken als Ilona viel zu grob und unfein,
2022 3138 2947 3220 manchmal peinlich. Vielleicht hätten die Damen
2024 3181 2939 3254 Schrantz und Pricken ihre Rollen tauschen sollen.
2031 3233 2944 3306 Und doch: es fehlt am Staatstheater an jungen
2029 3266 2947 3347 frischen weiblichen Kräften, für unentwegte leichte
2034 3312 2946 3391 Plauderrollen. Man brachte auch den Prolog, ein
2032 3347 2946 3436 Jugendwerk Hugos v. Hofmannsthal, in dem
2032 3394 2949 3478 eine Schäferin des Rokoko das Stück entschuldigend
2029 3433 2956 3518 um 150 Jahre zurückdatieren möchte, das doch ganz
2035 3486 2955 3558 und gar von 1893 ist und durch kein Fädchen mit der
2039 3518 2955 3603 Grazie des Rokoko verbunden ist. Den Prolog sprach
2036 3564 2956 3642 Frl. Schrantz merkwürdig matt und wie befangen.
2036 3602 2959 3681 Die musikalische Umrahmung tat den Bildern wohl.
2044 3646 2955 3729 Es war ein voller Erfolg bei dem zahlreich erschiene¬
2044 3691 2969 3766 nen Publikum und der eiserne Vorhang senkte sich
2044 3744 2601 3841 vor Waldaus dankender Gestalt.
2306 3780 2927 3880 E. v. Bassermann Jordan,
