3436 4352
215 189 1171 290 4.9. Anatol - Zyklus
1341 199 1707 293 box 9/5
442 445 1227 533 Wollzeile 11. Telephon R 23-0-43
439 590 770 691 Ausschnitt aus
757 615 1230 722 Die Fledermaus, le
748 707 1189 823 SP. 1935
451 754 587 827 vom
372 902 953 1035 Sonntag bei Anatol
1792 981 2940 1186 ktor Leopold Kramer
514 988 1729 1186 schiedsbesuch bei Dir
413 1202 2950 1278 Fast unübersehbar ist die Reihe der Gestalten, vollen Gurken, Tomaten und Birnen zeigt, das, daß für die Aufführung drei Bühnenproben ge¬
379 1253 2363 1312 Charmeure und klassischen Helden, die Direktor Gespräch immer wieder um das Theater, vor nügen werden.
2139 1275 2950 1350 Schauspielregie wird Regisseur Meinhard:
382 1303 1912 1357 Kramer in leider viel zu kurzer, immer wieder allem um Direktor Kramers nächste
2098 1335 2940 1382 (von den Meinhardt=Bernauer=Bühnen führen;
375 1347 1224 1391 unterbrochener Wiener Tätigkeit dem entzückten
2092 1372 2947 1420 die Opernregie steht noch nicht ganz fest. Für
382 1385 965 1432 Publikum zu Dank gespielt hat.
1442 1372 1880 1458 Brünner Pläne
2098 1413 2947 1461 das Ballett habe ich sehr viel übrig, und ich
413 1407 1218 1464 Und von den vielen Rollen, die Leopold
1249 1413 1360 1499 kreisst:
382 1448 1224 1502 Kramer während seiner mehr als vierzigjährigen
1278 1442 2940 1521 „Ich habe eine Anzahl großer Pläne — of habe auch die ausgezeichnete Ballettmeisterin
2108 1489 2944 1536 — Ruth Sendler — verpflichtet. Demnächst
382 1499 2076 1552 Bühnenlaufbahn gestaltet hat, ist es besonders sie alle werde ausführen können, wird die
375 1533 1224 1581 eine, die ihn, unbeschadet aller anderen großen
1246 1527 2934 1596 Zukunft zeigen. So vieles hängt ja von der wird Zerlinsky „Die Hochzeit des Figaro
2098 1565 2947 1609 dirigieren, an große (Wagner.) Opern können
382 1571 1221 1615 Erfolge, erst so recht zum Wahrzeichen Wien¬
1246 1584 2079 1631 Willigkeit des Publikums ab. Der Ausländer¬
2098 1609 2950 1653 wir nur von Fall zu Fall denken. Die Bühnen¬
379 1609 1221 1653 stempelt. Ihm war es vorbehalten, vor genau
1246 1628 2073 1694 paragraph erschwert die künstlerische Arbeit be¬
2104 1637 2944 1688 gestaltung des „Figaro" macht Professor Pirchan¬
385 1647 1218 1691 25 Jahren als erster eine der liebenswürdigsten
2101 1685 2950 1732 Auch interesante Opernpremieren stehen bevor:
382 1666 1420 1735 typischesten Wiener Figuren, die je ein Dichter trächtlich.
1284 1685 2079 1760 Wir dürften wieder vor einer Renaissance
2104 1719 2940 1770 Salmhofers „Dame im Traum, Re¬
379 1723 1221 1783 geschaffen hat, von der Bühne her zu erleben
1243 1738 2076 1779 des gesunden Theaters stehen, die
429 1757 836 1824 Schnitzlers „Anatol.
1246 1754 2546 1820 Problemsachen halte ich für erledigt; schon des¬his Die Flamme¬
2139 1764 2956 1836 In den letzten Wochen habe ich über zwei¬
1246 1814 2085 1858 halb, weil sie ja doch nicht von der Bühne
2117 1820 2956 1880 hundert Stücke gelesen, moderne und historische
461 1817 1161 1893 Direktor Leopold Kramer
1246 1852 2085 1915 aus gelöst werden können. Das Theater soll
2123 1865 2950 1906 — nach der Meinung der Autoren sind natürlich
379 1893 1641 1947 ist der Schnitzlerschen Gedankensphäre auf das am Leben teilnehmen.
2108 1902 2956 1950 alle gut. Ich denke auch an eine Art Studio, in
1281 1902 2085 1972 Große Ausstattungsstücke kann ich heute nicht
379 1940 805 1991 innigste verbunden
2108 1940 2944 2000 dessen Rahmen ich — außerhalb des Abonne¬
416 1950 2085 2016 „Als ich um die Jahrhundertwende nach bringen; aber ich werde trachten, gutes Theater
2114 1975 2953 2019 ments — gewisse Stücke wagen möchte; sollten
1253 1997 2089 2054 zu machen, das Niveau im Sinne der Großstadt
388 2003 1227 2057 Wien kam, zählte ich sehr bald zum engeren
2117 2013 2950 2060 sie sich als lebensfähig erweisen, so werden sie
385 2035 2079 2092 Freundeskreis der literarischen Jung=Wiener zu halten. Aber mich reizt die Aufgabe und
2108 2048 2956 2108 in den Abendspielplan aufgenommen werden.
385 2076 2085 2123 Bewegung; geistiger Führer dieser interessanten trotz aller unausbleiblichen Schwierigkeiten lasse
2149 2089 2956 2152 Selbstverständlich werden auch Wiener Gäste
1249 2114 2076 2155 ich mich die Arbeit nicht verdrießen; freilich
382 2123 1218 2167 Richtung war Hermann Bahr; Fel¬
2111 2130 2953 2174 in Brünn zu sehen sein, und ich denke unter
388 2149 2082 2205 Salten war Theaterkritiker der Monatsschrift darf nicht verlangen, daß ich zaubere. In
2114 2158 2950 2221 anderem an ein Gastspiel Hubert Marischka¬
385 2186 2085 2240 „Die Zeit und Arthur Schnitzler begann der ersten Saison werde ich in erster Linie
2171 2202 2956 2243 den ich sehr schätze — in „Lebensfreude.
379 2221 2085 2287 damals seinen Siegeszug über die Bühnen. Fast aufbauen müssen. Vorläufig spielen wir in
2114 2215 2953 2287 Daß Frau Glöckner in Brünn spielen wird,
379 2262 2089 2313 alle seine Stücke wurden im Volkstheater gezwei Provisorien, das alte Theater wird
2111 2275 2953 2338 ist abgemachte Tatsache — die Rollen steen
1249 2303 2089 2357 von Professor Pirchan renoviert; der Neubau
385 2309 1224 2360 spielt, und ich selbst habe eine ganze Reihe
2108 2322 2556 2379 zur Zeit noch nicht fest.
388 2341 1571 2388 Schnitzlerscher Gestalten dargestellt. Aber außer soll erst kommen.
2145 2341 2956 2395 An Premieren sind für die nächste Zeit vor¬
1281 2354 2085 2420 Ob ich selbst auch als Schauspieler vor das
385 2382 1227 2433 den großen Erfolgen hatten wir Schnitzler noch
2120 2376 2963 2439 gesehen: „Der glücklichste Mensch (Debür
1249 2410 2076 2458 Brünner Publikum treten werde? Nur dann
385 2423 1221 2470 etwas zu danken — nämlich einen ordentlich
2111 2433 2959 2496 Karl Skraup), „Der Stärkere, „Die
385 2448 2079 2511 geregelten Probenbetrieb. Damals wenn es die Repertoirebildung erleichtert oder
2114 2474 2552 2527 erste Legion...
1249 2496 1852 2540 wenn es gilt, Lücken auszufüllen.
388 2499 1224 2546 gab es jeden Samstag eine Premiere
2145 2477 2956 2549 Und wenn das Interview zu Ende ist, wird
1290 2518 2044 2600 Sicher ist vorläufig, daß ich im Konzert
379 2533 1227 2581 die Proben begannen eine Woche vorher. An¬
2114 2543 2956 2597 Konversation gemacht — seitens des Ehepaares
1287 2574 2051 2622 von Hermann Bahr und in Wedelinds
388 2571 1224 2622 genehm war es nicht, unmittelbar nach der
2117 2587 2966 2628 mit beschwingter Schnitzlerischer Leichtigkeit.
385 2606 1234 2660 Generalprobe (am Freitag) gleich die nächste
1477 2609 1861 2669 „Musik spielen werde.
2117 2628 2956 2691 Und man bedauert, daß es für lange, lange
388 2650 1224 2701 Novität zu probieren. Arthur Schnitzlei
1294 2638 2085 2704 An dem Wedekind-Stück haben wir in den
2120 2660 2896 2729 Zeit der letzte Besuch in Ober=St. Veit ist.
391 2691 1234 2729 war nun der erste, der sich gegen
2795 2685 2928 2748 m. fr.
1256 2694 2104 2764 letzten Wochen in Wien derart intensiv gearbeitet,
379 2726 1227 2770 diese Art von Betrieb stellte. Er
1047 2764 1237 2817 Wochen
382 2757 1013 2824 verlangte vertraglich zwe
385 2798 1237 2846 Probenarbeit; am Montag mußte be¬
388 2836 1237 2890 gonnen werden und am übernächsten Samstag
391 2871 1240 2925 gab es dann eine bis ins kleinste Detail liebe¬
388 2909 1240 2959 voll ausgearbeitete Vorstellung. Natürlich kam
388 2950 1237 2994 er auch auf die Proben, und da erwies er
394 2981 1237 3035 sich als Regisseur immer als verständnisvoller
388 3029 1237 3073 Freund und Führer der Schauspieler. Alles,
385 3067 1234 3114 was er sagte und anordnete, war so zart und
385 3095 1237 3146 vornehm und im Sinne des Stückes. „Man
385 3136 1227 3190 soll nichts wiedererleben wollen
410 3174 1237 3218 — diesen „Anatol-Ausspruch schrieb Schnitzler
385 3215 1234 3278 in mein Stammbuch; aber er fügte einen Nach¬
394 3256 1234 3329 satz hinzu: „.. außer die Aufführun¬
394 3281 1107 3357 gen von eigenen Stücken...
423 3319 1240 3388 Und irgendwie Schnitzlerisch mutet auch die
391 3354 704 3426 Atmosphäre des
470 3417 1148 3499 Hauses Kramer=Glöckner
391 3474 1243 3540 an. Ganz weit draußen in Ober=St. Veit, wo
391 3530 1243 3581 der Blick sich allmählich in den Wienerwald
391 3562 1240 3616 verliert, befindet sich dieses wunderschöne, kul¬
398 3603 1249 3657 tivierte Künstlerheim, und man begreift es nur
398 3641 1240 3701 zu gut, daß Direktor Leopold Kramer ein
394 3679 1148 3739 bißchen schweren Herzens von da scheidet:
432 3695 1234 3767 „Es tut mir leid, Wien verlassen zu müssen
394 3751 1240 3802 aber, offen gestanden, mein letzter Aufenthalt
931 3789 1243 3840 — denn ich fühle
398 3786 902 3846 hat mich gelinde enttäuscht
401 3824 1249 3909 zu viel Schaffenskraft in mir, um müßig zu
398 3871 524 3931 gehen.
435 3871 1246 3950 Direktor Kramer liebt leidenschaftlich sein
398 3934 1246 4004 Heim und seinen Garten — aber mindestens so
398 3982 1249 4026 leidenschaftlich liebt er das Theater, und so
410 4010 1249 4067 ist es selbstverständlich, daß, während der
398 4057 1256 4133 passionierte Gärtner Kramer einem die pracht¬
