3436 4352
278 168 819 274 4.9. Anatol
800 152 1200 284 Zyklu-
606 701 1449 813 Drama, Movie, Music,
841 802 1210 920 Art News
523 999 865 1078 SECTION FOUR
577 1272 1256 1396 LE
486 1410 1086 1585 ANATOL
541 1609 1080 1728 ATTIE
626 1710 1147 1866 YCEUM
474 1903 1135 2024 Joseph Schildkraut Re¬
527 2002 1098 2109 turns in Schnitzler
681 2101 938 2213 Revival
541 2237 1090 2312 By JOHN MASON BROWN
472 2278 1161 2373 THE remembering will doubtless
496 2348 1155 2419 tell you that when Schnitzlers
474 2399 1161 2468 "Anatol was first presented at the
474 2448 1161 2511 Little Theatre some nineteen years
472 2492 1153 2559 ago with John Barrymore in the
474 2539 1153 2598 title role, there were those who not
476 2585 1151 2640 only failed to surrender to its ur¬
474 2626 1161 2701 bane charm but who felt outraged
484 2675 1163 2733 by the conscienceless way in which
474 2721 1155 2806 it chronicled the progress of a Vien¬
476 2772 679 2833 nese rake.
511 2786 1169 2871 Just now, in a world that changes
478 2857 1161 2918 rapidly, this comedy that Schnitzler
484 2904 1163 2966 wrote nearly forty years ago is
484 2950 1167 3021 with us once again, this time as it
480 2995 1167 3052 was presented at the Lyceum last
484 3043 1161 3104 evening by Bela Blau and his as¬
484 3080 1165 3149 sociates with Joseph Schildkraut as
480 3139 1169 3197 its Anatol. If now, as in 1912, the
480 3175 1169 3244 play must be greeted with objec¬
488 3222 1171 3283 tions, these new objections are at
492 3262 1167 3323 least of a different kind. Most cer¬
496 3305 1167 3366 tainly their concern is not with "Ana¬
492 3355 1171 3402 tol" as a moral outrage," because
492 3388 1169 3453 "Anatol" is not, and never was, that
486 3434 1165 3485 Instead they spring from a deep re¬
490 3475 1169 3528 sentment of those features in the cur¬
496 3505 1171 3566 rent production which combine to
492 3560 1173 3613 stifle the gayety of Schnitzlers script
496 3601 1175 3684 and turn it into a slow-moving and
494 3643 851 3706 rather tedious bore.
529 3668 1177 3734 This production at the Lyceum is as
503 3716 1173 3773 heavy in its touch as the text is light.
498 3767 1173 3813 What is more fatal still is the sad fact
492 3801 1173 3852 that all of its six scenes are played
496 3842 1177 3903 so monotonously that they emerge with
492 3882 1179 3937 the deadening similarity of so many
503 3923 1173 3986 peas in a pod. Lacking in variety,
492 3969 1181 4020 seeming to be but endless variations
492 4016 1187 4071 of the same theme, they cannot but
500 4050 1179 4101 do serious harm both to themselves
503 4085 1181 4148 and to Schnitzler's play. For variety
1396 148 1759 253 box 9/4
2012 618 3254 910 New York
2669 987 3355 1072 SATURDAY, ANUA
2871 1133 3327 1370 ME¬
1820 1264 2750 1376 LES
1678 1580 1876 1692 -
1585 3712 1957 3799 ORNE
1627 3781 1747 3864 S.
2075 3856 2170 3951 .
1730 3973 3357 4089 Joseph Schildkraut, Mirjam Hopkins and Walter Connolly in a scene from
