3436 4352
1388 189 1747 281 box 9/5
267 189 1223 280 4.9. Anatol - Zyklus
554 1443 1614 1519 energisch verbeten; auf dem Weihnachtstisch lagen Loden¬
548 1506 1614 1547 stoff aus der Sachdemobilisierung, Gebrauchsschuhe aus
551 1546 1611 1592 dem Staatsamt, Kondensmilch, zwei Kilo Kaffee, zwei
563 1584 1609 1631 Kilo Zucker, außerdem kam eine vom Land durch be¬
554 1618 1614 1675 sondere Begünstigung bezogene Gans auf den Tisch.
554 1658 1614 1717 Dazu genügt eine Summe von 8000 Kronen zu veran¬
556 1706 724 1761 schlagen.
595 1719 1546 1793 Und nun naht Weihnachten des Jahres 1920 heran.
592 1781 1614 1827 Anatol zerbricht sich den Kopf: es ist ausgeschlossen,
560 1819 1621 1875 daß er nicht den Verhältnissen Rechnung trägt. Frau
563 1857 1615 1902 Gabriele bekommt wieder ihre Blumen, natürlich, jetzt
551 1898 1614 1946 eigentlich nur mehr aus alter Gewohnheit, er war im
560 1935 1614 1987 Sommer bei ihr doch dreimal zu Mittag in St. Wolfgang
563 1986 1614 2027 eingeladen und wenn schließlich auch alles längst vor¬
560 2014 1614 2066 über ist, er will doch so tun, als ob. Mit seiner dies¬
556 2054 1623 2103 maligen Kleinen hat er fabelhaftes Glück; sie heißt
556 2093 1617 2142 Griselda, ist Disponentin in einem Bankgeschäft, hat sich
556 2133 1619 2183 alle materiellen Geschenke verbeten, ist nur für die Kunst,
560 2171 1614 2222 weil sie ein Monatsgehalt von 8000 Kronen bezieht und
556 2211 1619 2267 an der Börse beispielsweise im November 42332 Kronen
556 2251 1455 2315 verdiente. Außerdem macht sie Valutageschäfte.
600 2281 1619 2345 Am 20. hatten Anatol und selbstvertändlich auch der
563 2326 1617 2378 Hofrat noch nicht die geringste Kleinigkeit gekauft. Der
556 2371 1623 2417 Preis einiger schädiger Blümerin, die natürlich für Anatol
560 2403 1614 2457 nicht in Betracht kamen, erreichte den Kaufschilling eines
560 2447 1619 2505 Ziergartens im Frieden Dem Hofrat kam der rettende
560 2485 1619 2533 Gedanke: Ich glaube, du kaufst ein paar Bücher!
560 2525 1629 2578 Er und die Rätin unternahmen einen Spaziergang durch
560 2567 1428 2619 die Straßen; prüften, überlegten, rechneten.
604 2599 1619 2649 Und Anatol kam durch einen Zufall in die Sezession,
563 2645 1619 2690 stieß im Ver-Sacrum-Zimmer auf eine Ausstellung von
566 2682 1625 2741 Büchern. Er sah da auf einmal beisammen, was er ja in
562 2718 1629 2782 etlichen Stücken besaß, wovon er wußte, daß ein paar
566 2762 1619 2818 deutsche Verleger schon eine solche Höhe erreicht hatten,
566 2798 1625 2856 aber daß es neben Wiener wissenschaftlichen Verlags¬
568 2840 1621 2892 publikationen ein österreichisches Buch, das ein wirk¬
568 2878 1623 2928 licher und tadelloser Europäer gelten lassen kann, gibt,
568 2917 1621 2962 — er gewahrte es eigentlich erst jetzt. Hier in dieser
566 2957 1625 3008 Ausstellung Wiener Verleger ist dem Wiener Buche von
568 2990 1627 3054 1920 ein Tempel errichtet, trotz aller Nöten der Zeit als
572 3038 1626 3112 da sind Papiermangel, Höhe der Druck- und Bindekosten,
1977 1438 3044 1494 Materialknappheit, neuzeitliche Honorare zeigt sich nun
1983 1483 3044 1538 das Wiener Buch als Handelsprodukt auf vollendeter Höhe.
2019 1523 3046 1572 Diesen Eindruck hatten Anatol in der Ausstellung
1983 1564 3042 1613 und das hofrätliche Ehepaar anläßlich ihres Weihnachts¬
1986 1603 3046 1650 spazierganges. In der Seilergasse beim Graben sahen sie in
1986 1641 3034 1691 den Schaufenstern der Buchhandlung Perles die unver
1989 1682 3041 1731 gleichlichen, einfach restlos kostbaren Werke der Staats¬
1983 1718 3042 1767 druckerei und ihres Verlages, allen an Erlesenheit voran¬
1986 1759 3041 1803 schreitend, das Gustav Klimt-Werk von Max Eisler.
1983 1798 3042 1847 Der geschätzte, namentlich die Wiener Natur so glücklich
1986 1838 3041 1887 fühlende Kunsthistoriker hat damit dem verstorbenen
1983 1878 3042 1927 Großmeister der neuen Malerei Oesterreichs eine seiner
1986 1917 3046 1965 schöpferischen Bedeutung entsprechende Würdigung durch
1986 1955 3046 2003 eine Gesamtdarstellung seines Wirkens gegeben. Klimt
1979 1994 3041 2043 reicht heute schon weit über das Heimatliche hinaus ins
1983 2034 3044 2075 Allgemeine, greift in die Zusammenhänge europäischer
1983 2069 3042 2118 Kunstentwicklung. Einband, Buchschmuck, Format und
1983 2113 3044 2154 Schriftsatz wurden im Sinne Klimts gewählt; als Größe
1986 2150 3041 2197 wurde das für Klimt charakteristische Großquart bestimmt.
1989 2189 3044 2241 Den mit einem Klimtschen Zierstempel versehenen
1986 2229 2796 2271 Einband entwarf Professor Josef Hoffmann.
2025 2254 3038 2321 Hier liegt auch eine ganz neue Ausgabe sämtlicher
1991 2293 3046 2350 Werke Anzengrubers auf, veranstaltet in 15 Bänden
1983 2345 3042 2394 unter Mitwirkung von Karl Anzengruber, dem Sohne des
1983 2386 3042 2438 Dichters, geleitet von Dr. Rudolf Latzke und Dr. Otto
1983 2419 3044 2470 Rommel aus dem Kunstverlag Schroll. Sie ist eine muster¬
1989 2465 3048 2519 gültige und wirklich vollständige Gesamtausgabe, da auch
1986 2503 3041 2554 die im Nachlaß gefundenen, für Anzengruber charakte¬
1986 2543 3041 2591 ristischen Aphorismen über Gott und die Welt, die
1983 2578 3046 2627 ungedruckten Stücke „Die schauderliche Plunzen, Der
1986 2621 2992 2669 Reformtürk. — Die Libelles. — Der Sackpfeifer.
1989 2657 3048 2710 Der ewige Jud. Glacéhandschuh und Schurzfelle. —
1989 2701 3044 2750 Ein Geschworener in drei Bänden ans Licht treten.
1979 2737 3052 2794 Dr. Rommel bürgt für vortreffliche textkritische Arbeit;
1989 2781 3048 2821 der wissenschaftliche Apparat folgt am Schlusse jedes
1989 2820 3048 2870 Bandes. Literarisch kritische Einleitungen und eine
1983 2854 3046 2909 lebendig dargestellte Biographie vervollständigen den Inhalt.
2022 2901 3056 2941 Einmal nun gefesselt, begann auch Anatol jetzt einen
1983 2928 3050 2981 Bücher-Spaziergang. Vor dem Schaufenster und dann im
1989 2972 3050 3017 Laden der Buchhandlung Perles standen der elegante
1983 3016 3053 3077 Lebenskünstler und das sorgliche Elternpaar, von den
