3344 4192
253 124 640 217 Ausschnitt aus:
992 161 1230 273 in
257 224 787 300 vom 22. 1916.
509 482 1402 580 Anatols Wandlungen.
1166 549 1580 625 . Wien, im August.
466 605 1605 671 Apitol hat, wie wir wissen, geheiratet. Zwar schmeichelt sich
431 652 1611 704 die reizende und leichtsinnige Ilona, die er am Morgen seines
431 700 1611 748 Hochzeitstages aus seinem Frühstückszimmer entließ, damit, daß
439 743 1607 797 sie in das besagte Frühstückszimmer zurückkehren werde, aber so
433 785 1611 835 ganz gewiß ist das nicht. Die Ehe ist für die Männer stets der
427 828 1615 874 willkommenste Vorwand, alle möglichen Versprechungen nicht zu
423 872 1617 917 halten. Und auch Anatol hat sich unter dem Ernst der Zeit,
427 911 1615 961 dieser Zeit, gewandelt. Er fühlte schon seit einiger Zeit, daß
427 951 1615 1007 er nicht mehr derselbe war, daß die dumpfe Unruhe der zwei
427 998 1611 1044 Jahre, die dem großen Kriege vorangingen, auch ihn erfaßt hatte.
427 1038 1601 1089 Als der Krieg nun ausbrach, als es wie ein Schrei der patriotischen
427 1085 1615 1137 Entrüstung durch alle Völker Mitteuropas ging, da anderte sich
427 1124 1611 1180 auch Anatols Leben. Natürlich ist er Reserve=Offizier, er hat also
431 1164 1601 1224 sofort des Kaisers Rock angezogen, und tut tapfer seine Schuldig
433 1212 1611 1261 keit auf den Schlachtfeldern Polens und Galiziens. Das frühere
427 1253 1611 1309 Leben liegt hinter ihm wie der Traum aus einer entschwundenen
423 1298 1613 1346 Zeit. Nichts mehr von den dämmigen Zimmern, von den
423 1334 1605 1392 Ampeln mit verschleierten Licht, unter denen sichs mit einer ge¬
422 1377 1611 1435 liebten Frau so gut plauderte, während man ihre Hand in der seinen
422 1421 1611 1470 hielt oder mit den Fingern in ihrem Haare spielte. Nichts mehr
418 1464 1605 1512 von den kleinen Vorstadthäusern, in die man an den Frühlings¬
418 1504 1595 1555 abenden so gern zu seiner Mizzi oder Christine schlüpfte, wie
416 1547 1590 1609 Egmont zu seinem Clärchen. Er wird keine „Weihnachtseinkäufe
416 1590 1590 1640 mit Gabriele mehr machen, allerdings auch kein „Abschiedssouper
423 1630 1605 1680 mit der handfesten Annie mehr feiern. Das letztere wird er wahr¬
433 1673 1611 1729 scheinlich gar nicht einmal sehr bedauern; der Krieg erleichtert ja
427 1723 1615 1767 alle Abschiedsformalitäten so wesentlich. Das alles ist also nun
420 1764 1595 1816 vorbei. In seine Seele sind andere Ideale eingezogen. Die Be¬
423 1800 1605 1862 lobigung seines Vorgesetzten, das Verdienstkreuz, die Beförderung,
418 1843 1611 1901 das ist ihm jetzt weit wichtiger als Mizzi und Christine. Die
427 1883 1611 1947 Einzelheiten der Uniform sind von allerhöchstem Interesse; der
418 1926 1605 1972 Schneider war, als er die neue Uniform anfertigte, unter pein¬
423 1969 1605 2029 licher Überwachung. Nicht nur innerlich, auch äußerlich muß man
422 2011 1193 2085 des Dienstes fürs Vaterland würdig sein!
464 2096 1605 2158 Anator wußte in den Tagen des Friedens wohl selbst nicht, wie
425 2121 1601 2197 sehr er seine eigene Wichtigkeit überschätzte. Wie konnte er das
416 2193 1613 2245 auch? In den kleinen, im Grunde sehr engen Kreisen der Haupt¬
427 2230 1601 2276 stadt, wo er verkehrte, war er tonangebend, spielte er die erste Rolle.
418 2274 1601 2319 Und er hatte seine Bewunderer, nicht bloß in den Kreisen der Frauen.
412 2315 1595 2363 Die Komtesse, die Salondame wie Gabriele, die Frau Hofrätin und
422 2355 1599 2409 ihre Töchter, die Mizzi von Hernals, — daß die ihn gern hatten,
416 2404 1603 2450 und warum sie ihn gern hatten, das wußte er schon. Und er hatte
427 2440 1607 2498 sie ja auch gern, jede in ihrer Weise. Das heißt — die Sache bei
416 2479 1597 2535 Licht betrachtet, hatte er jemals eine von ihnen wirklich geliebt? Es
418 2533 1605 2585 war ihm doch immer nur um die Wirkung zu tun gewesen, daß es
422 2572 1601 2622 so aussähe, als ob er sie heftig liebe; dabei ging er innerlich nie von
402 2609 1595 2667 dem Grundsatz seiner ängstlichen Furcht ab, daß nur ja keine Fesse
412 2653 1584 2711 aus der Geschichte werde und überhaupt, daß kein „Echaussement
410 2694 1607 2752 dabei herauskomme. „Wirkung war eben alles im Leben. Das
412 2746 1599 2800 bewunderten ja auch seine Freunde an ihm, und darum schätzten sie
416 2783 1597 2833 den Lebenskünstler in ihm, daß er so viele Rollen in der Liebe spielen
412 2825 1599 2883 konnte und bei jeder mit ganzer Seele dabei zu sein schien, während
412 2874 1601 2924 er doch nie etwas von sich hergab. Sobald er über eine Geliebte
410 2920 1605 2972 reflektierte, war sie eben auch schon halb für ihn erledigt, und dann
416 2957 1603 3009 mußte etwas Neues kommen, um ihm, dem leichtsinnigen Melan¬
416 2997 1597 3046 choliker, wieder genügend Beschäftigung zu geben. Das war das
416 3038 1595 3100 Leben seiner Jugend, das so viel Reiz und Abwechslung und, nach
420 3082 1601 3142 seiner Meinung, auch einen tiefern Sinn hatte. Und dies Leben
416 3121 1597 3173 wurde besonders von denen bewundert, die nicht viel Reiz und gar
410 3171 1591 3218 nicht viel Abwechslung in ihrem Dasein gehabt hatten, sondern die
416 3214 1597 3262 es in ernster Arbeit hatten hinbringen müssen. Denn das ist nun
412 3255 1591 3303 einmal so auf der Bühne des Lebens wie auf der von Holz und
412 3297 1591 3357 Leinwand, daß der Ernste und Tüchtige gewöhnlich niemand so
418 3340 1590 3390 sehr bewundert als den lächelnden Nichtstuer, den eleganten Ge¬
412 3384 1586 3434 nießer, eben weil der so ganz anders ist, als er selbst. Die Provinz
410 3425 1597 3469 in Österreich zählt so viel tüchtige und ernsthafte Elemente, und in
410 3467 1597 3529 Wien weiß der kleine Mann, der Handwerker und Arbeiter, auch
408 3512 1586 3558 recht gut, daß er sich rühren muß, um im Leben zurechtzukommen.
408 3550 1590 3605 Aber, wenn sie im Volkstheater oder sonstwo Anatol, den liebens¬
404 3595 1586 3647 würdigen Taugenichts, mit Bianca und Cora lieben sehen, klatschen
416 3637 1595 3692 sie Beifall und haben ein Gefühl geheimer Bewunderung. Die
402 3680 1591 3736 Bewunderungssphäre Anatols hat sich auch nach Norden verpflanzt,
412 3724 1599 3773 seit sein Dichter Schnitzler ihn nach Berlin gebracht hat. Allzuweit hat
410 3765 1588 3817 sie sich dort aber nicht ausgedehnt, so weit meine Kenntnis reicht.
410 3804 1597 3866 Das Land der Pflicht und des kategorischen Imperativs ist nun
408 3852 1141 3926 einmal keine Wirkungsstätte für Anatol.
451 3922 1591 3980 Es ist bei alledem gar nicht zu leugnen, daß Anatol Stil hat.
402 3968 1590 4024 In seiner Ausdrucksweise, in seiner Bewegung, wie in jeder Geste
410 4018 1591 4067 bewahrt er sich jenen Sinn für die Form, der fast immer nur ein
1597 151 2545 255 4.9. Anatol - Zyklus
2715 161 3073 257 box 9/5
1655 480 2852 532 Erbteil alter Kulturen und guter Überlieferungen ist. Darum
2893 483 3222 555 ebenso hoch gewer
1653 520 3210 594 kennt er ja auch trotz seiner ewigen Liebschaften keine wirkliche Schauspielerkultus
1655 561 2846 634 Leidenschaft, denn die Leidenschaft fragt nichts nach der Form,
2889 572 3196 632 oder Sonnenthal
1669 599 2843 659 sie geht rücksichtslos über diese weg. Für Anatol wäre es
2885 615 3220 681 man den Appetit
1659 650 2846 702 „horrend“, etwa zum Girardi=Hut ein schwarzes Beinkleid zu
2891 657 3225 715 sagen. Anatol kön
1661 686 2843 748 tragen, und er würde bei der leidenschaftlichsten Liebeserklärung
2889 706 3227 766 haften Gaben auch
1667 727 2839 787 schleunigst aufstehen, wenn er an seinem Rocke oder an der Hose
2885 743 3222 801 diesem Frieden ei¬
1655 774 2846 832 einen Schmutzfleck entdeckte. Er hat eben diesen ausgeprägten
2895 787 3214 847 haben als früher,
1655 816 2841 874 Sinn fürs Außerliche, der eine Eigenschaft seiner Rasse ist. Ein
2885 828 3220 890 zunächst wieder ein
1661 853 2843 909 Nachteil? Darüber kann man verschieden urteilen. Der Sinn
2885 874 3224 930 geschickt zu umsch
1667 895 2843 961 für das Außerliche und die Form ist etwas Wesentliches, im
2889 915 3216 975 gerecht zu machen,
1661 940 2841 996 Verkehr sowohl der Menschen wie der Völker, bei den kleinen
2875 957 3216 1019 war zu machen
1661 980 2841 1040 Ereignissen des Gemütes wie bei den Dramen der Politik. Man
2883 996 3222 1058 Hierin ist der öst
1655 1027 2848 1073 kommt viel weiter, wenn man gewisse Berechnungen unter sehr
2879 1040 3231 1102 wäre eine Aufgab
1665 1064 2837 1122 liebenswürdigen Formen versteckt; das höchste ist, diesen Formen
2881 1079 3220 1139 ebenso geschickt, w
1659 1106 2837 1162 den Anschein einer großen Natürlichkeit und Ungezwungenheit
2883 1122 3222 1180 wie gesagt, die No¬
1655 1156 2841 1218 zu geben. Dem Norddeutschen fällt dies außerordentlich schwer,
2877 1172 3222 1220 Völkern mit Erfolg
1659 1189 2841 1247 der Österreicher macht es spielend. In der Figur Anatols steckt
2885 1207 3225 1265 gewiß Erfolge hab
1659 1234 2837 1298 daher sicher Stil, so wie in einem Lannerschen Walzer Stil steckt,
2883 1249 3222 1309 der in der österrei
1659 1276 2831 1332 in einem Makartschen Gemälde oder in den großen Renaissance¬
2879 1288 3218 1348 bemerkenswerte Ro¬
1659 1319 2841 1381 palästen am Ring. Das alles ist nicht etwa ganz Österreich
2881 1336 3216 1398 eine Art Anatol
1659 1367 2837 1417 (ebensowenig wie Anatol ganz Jung=Wien vorstellt), aber, so
2883 1375 3222 1425 eifern. Und es wa
1659 1410 2837 1464 wie es ist, konnte es nur in Österreich entstehen, hat echt öster¬
2874 1419 3214 1483 nach so viel hübsch
1651 1448 2841 1514 reichischen Stil. Dies halb südliche Temperament eines begabten
2877 1460 3183 1518 Glut sind, noch
1651 1489 2831 1549 Volkes, mit einer großen Empfänglichkeit für alle Lebensreize,
2883 1501 3210 1561 „Exzellenz Anatol
1651 1528 2835 1590 mit einer hübschen Neigung, sich und andern gern etwas vor¬
1649 1572 2835 1638 zuspielen, dazu die Wiener Großstadtironie — dies alles nahm
1649 1620 2835 1669 der Dichter zusammen und schuf daraus die Figur des Anatol.
1659 1657 2837 1717 Alles in allem: man kann sehr viel, aber will man eigentlich
1655 1702 2858 1781 etwas? Neuerdings und besonders infolge der letzten Ereignisse
1655 1742 2845 1802 trifft man nun auch in Österreich wieder Leute, die viel wollen.
1655 1785 2837 1843 Man sieht und hört sie in den Kaffeehäusern, sie diskutieren in
1651 1827 2831 1885 den Gemeinderäten und in den Zeitungen; sie haben oft preußische
1659 1866 2835 1932 Ideale, auch wenn sie auf die Preußen jetzt und früher schimpften.
1649 1909 2831 1976 Sie lernen sogar etwas, was bisher dem deutschen Österreicher¬
1655 1953 2543 2019 tum so ziemlich gänzlich versagt war: Sachlichkeit.
1684 2046 2833 2133 Merkwürdig, wie wenig Leute man bisher in Österreich traf,
1653 2110 2829 2181 die sachlich sein konnten. Diese Eigenschaft „Sachlichkeit liegt
1648 2164 2829 2222 nicht im Programm der Rasse. Sprach man einmal mit einem
1649 2199 2829 2261 Österreicher über seine politischen Angelegenheiten, so kam eine
1655 2233 2829 2299 solche Fülle von Voreingenommenheiten, subjektiven Meinungen,
1655 2282 2829 2346 Hoß ohne Prüfung, Leidenschaft ohne Begründung heraus, daß
1648 2319 2831 2388 der Ausländer, und insbesondere der Reichsdeutsche wie vor einem
1644 2367 2833 2431 unentwirrbaren Knäuel stand. „Hoffnungslos —! Kein Mensch
1651 2409 2833 2477 kann da durchfinden —!“ Das war gewöhnlich die Antwort, die
1655 2454 2829 2514 einem in den letzten zwanzig Jahren jeder Reichsdeutsche gab,
1642 2491 2831 2564 dem man von innerer österreichischer Politik sprach. Das lag
1649 2539 2831 2609 weniger am Stoff als an der Art, wie die Österreicher ihn dar¬
1655 2576 2819 2645 stellten. Und man gewann die Überzeugung jenseits der schwarz¬
1651 2628 2831 2682 gelben Grenzen, daß die innern Angelegenheiten dieser Monarchie
1642 2680 2829 2732 einen Rattenkönig von Fragen darstellten. Dieser völlige Mangel
1649 2711 2827 2775 an Sachlichkeit mag vielleicht alte Erbschaft aus süddeutschem und
1648 2750 2819 2819 keltischem Blute sein; er ist sicher auch eine Folge der nun jahr¬
1649 2796 2825 2860 zehntelangen Sticheleien und Ränke der Völker untereinander,
1655 2839 2821 2904 des unablässigen Federkriegs, der endlosen Streitigkeiten, der
1657 2877 2819 2951 steten Vergiftung einer ewig neu aufgepeitschten öffentlichen
1649 2922 2829 2986 Meinung. In bezug auf Sachlichkeit hat der Österreicher von dem
1644 2966 2823 3036 kühlern Norddeutschen alles zu lernen. Sachlichkeit ist nicht nur
1649 3007 2821 3071 eine, es ist „die deutsche Eigenschaft. Weil er allein von allen
1649 3048 2825 3121 Völkern Europas imstande ist, sachlich zu denken, darum hat der
1642 3090 2821 3158 Deutsche bisher den Weltkrieg gewonnen und wird ihn weiter
1646 3131 2823 3204 gewinnen. Eine Sache sich genau ansehen, sie nach allen Seiten
1644 3179 2821 3231 erforschen, sie nach ihren guten und schädlichen Wirkungen be¬
1646 3222 2819 3278 trachten, dabei von jeder Beziehung zur eigenen Person und deren
1644 3262 2821 3328 Vorteil absehen — das ist weder englie, noch französisch noch
1648 3305 2819 3371 slawisch, das können nur Deutsche, und liegt eine der tiefsten
1646 3347 2336 3401 Wurzeln deutscher Macht. Und nach
2369 3353 2814 3417 in dieser Denkprozeß be¬
1646 3396 2816 3446 endet ist, sich die Mittel zu einer Aufgar zurechtlegen, sie dann mit
1646 3430 2814 3485 hartem Willen durchführen —, mit dieser Methode werden die
1644 3479 2816 3543 Staatsmänner beider Nationen künftig ihre Aufgaben lösen, und
1644 3514 2808 3577 ihre Völker werden auch mit ein bißchen weniger Kirchturms¬
1646 3558 2816 3614 interesse und mit weniger Subjektivität leben müssen. Anatol, wenn
1640 3606 2808 3661 er politisch wird, wird ein neues Leben anfangen müssen; an Spiel¬
1646 3647 2611 3703 raum wird es ihm in dem neuen Österreich nicht fehlen.
1655 3682 2819 3738 Eigentlich irrt man, wenn man ein neues Leben anfängt; man
1644 3721 2808 3780 fängt immer nur das alte an. Am Ende hat Anatol gar keine
1646 3773 2810 3833 Lust, sich zu wandeln? Das alte Leben war so hübsch und die
1646 3809 2808 3866 Luft im Vaterlande so weich, und Mizzi und Christine werden
1636 3852 2808 3918 ihm vielleicht Treue bewahrt haben oder etwas, was man un¬
1632 3897 2819 3953 gefähr so nennen kann. Und wenn nicht — nun, dann richtet man
1646 3941 2814 3991 sich eben anders ein, man findet auch eine andere Mizzi und eine
1640 3989 2814 4038 andere Christine. Aber werden all diese schönen Dinge nach
1638 4020 2841 4113 diesem Kriege und wenn erst der Frieden wieder da ist, noch
