3296 4224
1252 163 1617 252 box 8/6
145 162 655 235 4.9. Anatol
515 166 1049 281 Zyklu-
511 2077 1259 2219 Bitte Rückseite beachten
1003 2167 1341 2280 Roggen 11.
398 2438 1464 2564 I. österr. behördl. konz. Unternehmen für
704 2505 1162 2594 Zeitungsausschnitte
424 2529 1472 2680 Wien, I., Konkordiaplatz 4.
810 2615 1080 2686 Vertretungen
418 2639 1475 2752 in Berlin, Basel, Budapest, Chicago, Cleveland, Christiania,
424 2680 1468 2789 Genf, Kopenhagen, London, Madrid, Mailand, Minneapolis,
420 2728 1466 2869 New-York, Paris, Rom, San Francisco, Stockholm, St.Peters¬
814 2782 1101 2850 burg, Toronto.
671 2814 1247 2915 (Quellenangabe ohne Gewähr).
432 2869 1361 3019 Ausdehnte Teplitzer Zeitung
695 2987 858 3065 A
915 3013 1017 3107 1911
444 3056 572 3133 vom
558 3115 1515 3267 Teplitzer Stadttheater.
881 3224 1214 3349 „Anatol.
572 3294 1523 3424 Gesamtgastspiel des Schauspielensembles vom Deut¬
794 3381 1320 3456 schen Landestheater in Prag.
670 3447 1527 3528 Die jungen Dichter sind nicht Freunde Anatols,
584 3495 1521 3569 Energie ist modern, die Freude am Realen, Hand¬
939 3546 1524 3614 Die jungen Dichter sind Tech¬
593 3564 891 3626 greiflichen
592 3594 1527 3676 niker, Luftschiffer, die alten aber bauten Luft¬
592 3646 1532 3732 schlösser; und doch trennen die zwei Generationen
593 3695 1532 3772 nur knapp 15 Jahre. So schnell wird ein Dichter
593 3748 980 3832 zu den alten gezählt.
667 3793 1533 3866 Aber Anatol ist der feine, reizende junge Mann
590 3842 1534 3912 geblieben, der er vor 15 Jahren war. Und wenn
594 3886 1533 3960 man ihm auf der Straße nicht mehr begegnet, wer
595 3942 1532 4012 hätte die zärtliche, träumerische Gestalt darum we¬
589 3983 1544 4061 niger lieb. Anatol... ein moderner junger
598 4044 1541 4114 Mann würde sich genieren, einen so verhätschelten
736 4084 1533 4156 zu tragen. Die Frauen aber sprechen ihn
1581 584 2435 680 ders in der Liebe sehr korrekt, als ob sie be¬
1581 666 2475 724 wollten, daß sie keine Hochstapler, sondern solide
1590 703 2513 773 schäftsleute oder aussichtsreiche Advokaten, Schau¬
1590 767 2521 830 spieler, Architekten sind. Anatol war nicht korrekt;
1584 820 2525 895 er war ein bißchen überschwänglich. Deshalb hat er
1584 867 2093 942 den Frauen so gut gefallen.
1663 906 2521 980 In den vier kleinen Einaktern, die uns die Pra¬
1578 936 2525 1013 der Gäste vorgestern vorspielten, zeichnet Schnitzler
1562 1009 2529 1080 en verliebten Anatol von seiner markantesten Seite.
1584 1064 2528 1130 Da ist die wunderliche „Frage an das Schicksal".
1581 1110 2525 1170 Anatol hat Gelegenheit, von seiner hypnotisierten
1590 1160 2525 1232 Geliebten zu erfahren, ob sie ihn betrügt. Er fragt
1615 1212 2525 1273 .. zaudert... und indem er ihr zuruft: „Cora!
1610 1252 2525 1317 wache!" schließt er sie stürmisch in die Arme,
1615 1306 2530 1366 vingt sie, ihm zu sagen, daß sie ihn liebt, wirklich
1619 1359 2528 1419 bt. Und das ist so hübsch an Anatol: daß er mit
1619 1408 2528 1456 r glücklich ist, obwohl er sich fürchtet, sie zu fragen
1679 1452 2530 1525 obwohl er sich fürchtet. Wie hübsch ist es auch,
1619 1484 2530 1557 as Anatol nicht die Courage hat, einer kleinen fre¬
1603 1550 2533 1610 sen Schauspielerin, die er an jeder Straßenecke in
1606 1607 2540 1659 erbesserter Auflage finden kann, den Laufpaß zu
1598 1650 2532 1707 geben; und wie sympathisch ist seine Wut über den
1595 1703 2533 1757 Laufpaß, den er dann von ihr kriegt. In der
1598 1747 2532 1808 Episode ist Anatol der reine Tor, von dem die
1602 1790 2533 1854 jungen Mädeln träumen. Der bleibt er auch in
1586 1842 2084 1915 „Anatols Hochzeitsmorgen".
1672 1877 2533 1947 Die Darstellung war durchaus sympathisch. Frl.
1590 1935 2529 1999 Medelsky gab die Annie im „Abschiedssouper".
1590 1984 2530 2042 Einfach entzückend war es, wie sie Anatol die Vor¬
1586 2038 2533 2101 züge ihres neuen Geliebten schilderte, wie sie sich
1581 2084 2530 2153 dabei anmutig beschwipste und nach dem Krach nicht
1581 2133 2528 2199 vergaß, noch schnell vom Nachtisch Gebrauch zu
1590 2190 2519 2237 machen. Als Ilona in „Anatols Hochzeitsmorgen
1586 2233 2533 2285 war es hinreißend, wie sie dem Max ihren Rache¬
1593 2284 2537 2366 plan entwickelte, verliebt und zynisch zugleich, leicht¬
1593 2329 2537 2393 sinnig und doch aus dem Innern heraus... Frl.
1595 2374 2537 2447 Glasel: ein anderer Ton, Reizend versteht sie
1593 2427 2538 2501 zu schweigen und zu lächeln. Anatol sagt ihr, daß
1593 2484 2534 2537 sie ihm im Schlaf gesagt habe, sie liebe ihn. Sie
1598 2538 2534 2588 sagt darauf ihr „Wirklich?“ mit einer boshaften
1586 2570 2538 2645 Delikatesse, die den ganzen Einakter in dieses Wort
1593 2623 2541 2683 zusammenpreßt. Anatol war Herr Tiller. In
1595 2668 2530 2729 Friedrich Adlers „goldenem Kragen" ist ein Anatol¬
1593 2721 2534 2781 bild des fragers Taschner: der Künstler hat Anatol
1590 2764 2537 2829 die Züge ses jungen Schnitzler gegeben; ein feines,
1592 2830 2540 2882 schmales, bleiches Profil, die schlanke Gestalt im
1595 2875 2533 2932 engen Sa onrock ist ein bißchen vornüber gebeugt
1593 2922 2538 2984 und könnt „Der Lyriker in der Landschaft" heißen.
1593 2968 2533 3030 Nun, dazu ist Herr Tiller zu korpulent, zu wohlge¬
1602 3021 2537 3089 nährt. Er sah eher wie ein Tenor aus, der eine
1593 3066 2540 3130 gute Partie gemacht hat. Trotzdem: man glaubte
1586 3106 2533 3179 diesem Anatol sein charmantes Liebhabertum und
1595 3160 2537 3227 auch seine altkluge Schwermut. In der „Frage an
1590 3210 2533 3271 das Schicksal war es sein, wie ihm die Stimme ver¬
1590 3260 2537 3316 sagte, als er Cora fragen wollte; wie er seinen Kampf
1625 3305 2533 3363 it sich selbst verlor und darüber glücklich war,
1637 3358 2519 3410 ihr hübsch war es auch, wie er in der „Episode
1627 3406 2537 3455 ückstrahlend auf Bianca zuging, und wie er in
1625 3455 2538 3521 ummer Trauer hinausging, als sie ihn nicht er¬
1595 3499 2537 3564 kannte. Herr Huttig war ein Max, wie man sich
1595 3561 2538 3618 ihn nicht ironischer, klüger und eleganter wünschen
1598 3601 2533 3651 kann. Es zeugt für die Feinheit des Zusammen¬
1602 3651 2537 3716 spieles, daß die Wirkung, die der Froniker Max er¬
1603 3699 2545 3760 zielte, mit Anatols Noblesse Hand in Hand ging
1598 3760 2540 3813 und sie organisch ergänzte. Die Regie, für die Herr
1598 3798 2540 3870 Dr. Eger verantwortlich zeichnete, leistete Char¬
1598 3854 1747 3918 mantes.
1679 3887 2540 3955 Das Haus war sehr gut besucht. Den Gästen
1598 3944 2141 4015 wurde viel Beifall gespendet.
