3436 4256
391 159 874 258 4.9. Anato
645 240 1049 284 .
1132 179 1318 289 klu-
1513 179 1879 286 box 8/5
1211 1195 2514 1276 deklamiert, wo Schweigen innerlichst geboten; und wird weitläufig
1218 1260 2517 1322 und eloquent, wo Kürze und Einsilbigkeit das Selbstverständliche.
1223 1314 2514 1379 Auch der Sattlermeister Eschenbacher, sonst eine so menschlich liebevoll
1229 1364 2514 1418 gesehene und gezeichnete Figur des Dramas, hat Hang zu sublimen
1224 1414 2515 1478 Wendungen. Er schaut in die Frühlingslandschaft hinaus und konn¬
1224 1455 2520 1525 statiert: „Die Säfte quellen.“ Man hat die Empfindung: innere
1229 1512 2518 1570 Poesie einer guten Seele schwitzt, harzgleich, nach außen durch. Der
1229 1560 2520 1617 Totengräber meint: „Mir ist noch keiner auskommen. Totengräber
1223 1601 2520 1658 im (dichterisch=qualifizierten) Schauspiel haben immer so was jovial
1224 1661 2517 1723 Tristes. Ein Hauch gutmütiger Verwesung ist um sie. Dann erscheint
1223 1707 2520 1760 in der Dichtung: ein uralter Herr mit einem kleinen Mäderl. Der
1218 1754 2520 1814 alte Herr mokiert sich übers Sterben. Gleich hat man die peinliche
1226 1799 2517 1866 Gewißheit, daß ganz bestimmt das kleine Mäderl früher wird daran
1229 1856 2520 1914 glauben müssen als der Greis. Richtig. In der Bastei=Szene wird,
1219 1901 2525 1955 als einzige Person, das Kind erschossen. Der Tod (im dichterisch¬
1226 1953 2520 2010 qualifizierten Schauspiel, hat immer so säuerlich wohlschmeckend
1223 2000 2517 2059 ironische Pointen. Da ist ein alter Arzt, der plötzlich ein wild=weh¬
1223 2046 2523 2103 mütiges, schneidend humorvolles Hadern mit Gott beginnt, weil der,
1226 2100 2520 2150 kommt ihm die Laune, Kinder vor den Eltern sterben läßt, und weil
1226 2148 2520 2208 überhaupt das Leben eine Senkgrube ist, voll von mephitischem Jammer
1223 2200 2514 2247 bis an den Rand ... Die Ballade mit ihren vielen Einlagen
1219 2239 2514 2299 übers Sterben scheint mir nicht die wertvollste Substanz des Schnitzler¬
1232 2293 1487 2359 schen Werkes.
1325 2325 2520 2408 Im Theatralischen, in der Komödie voll Spannung, Aufregung,
1223 2384 2523 2465 Ueberraschung liegt meines Erachtens der Hauptwert des „Jungen
1223 2440 2520 2497 Medardus. Szenen von kräftigster Konzentration (die erste Fried¬
1226 2488 2520 2546 hofsszene, die Zähmung des wilden Medardus durch die Prinzessin,
1226 2538 2517 2596 die Schlußszene, die letzte Szene des Eschenbacher und manches andre
1226 2588 2523 2652 bannen immer wieder das erschlaffende Interesse. Mit erlesenem
1226 2640 2523 2694 Geschick sind die dramatischen Wege der Hauptakteure verschlungen,
1226 2689 2520 2741 mit der äußersten Straffheit, gewissermaßen in der Luftlinie, spannen
1232 2734 2522 2794 sich die Fäden von Schicksal zu Schicksal. Ausgezeichnet der kleine
1226 2781 2520 2850 Auftritt zwischen Prinzessin und Arzt in seiner Ruhe, Klugheit und
1236 2835 2525 2887 Noblesse, die blanke, schimmernde Einfachheit der Szene zu Beginn
1223 2882 2520 2947 des Stückes, die bunte Szene vor dem Schönbrunner Schloß, fast
1226 2932 2523 2994 überquellend von Aktion und Affekt. Alles, was „Theater im Jungen
1232 2980 1913 3058 Medardus, scheint hoch qualifiziert.
1314 3014 2517 3087 Minder glücklich ist die Historie geraten. Sie wird breit, aber
1226 3082 2520 3140 ganz in der Fläche entfaltet. Ein künstlich bewegter Binnensee von
1226 3129 2520 3179 Menschen ohne natürliche Strömung, ohne Wellenschlag. Die Bastei¬
1232 3174 2517 3233 Szene ist ganz armselig. Man kommt und geht, benimmt sich furcht¬
1236 3225 2525 3290 sam oder lächerlich oder heldenhaft; aber alles so gleichgültig-typisch,
1226 3280 2527 3338 ohne Lebhaftigkeit in der Farbe. Der hier gesprochene Text ist
1229 3324 2531 3397 durchaus belanglos; er könnte ruhig wegbleiben. In der bildhaften
1226 3423 1341 3509 ﻿1266
