3344 4256
1456 185 1777 267 box 9/
984 189 1285 263 Zyklus
336 192 846 274 4.9. Anatol
336 356 1007 425 id, Mailand, Minneapolis, New-York,
336 410 953 470 ancisco, Stockholm, St. Petersburg.
336 450 681 508 Menge des gold.
468 537 906 695 to
443 710 546 777 84
1216 799 1831 904 SCENE FROM
425 877 931 947 AULAI LES
572 1002 1102 1084 PLATINENSI
401 1122 1111 1191 Winthrop Ames Produces the
474 1182 1035 1258 Episodes of the Schnitz¬
610 1243 880 1312 ler Drama.
388 1349 1104 1423 IDEAL IN LITTLE THEATRE
397 1439 1096 1519 An Evening of Delightful Com¬
474 1497 1027 1570 edy for the Most Part
624 1555 891 1624 Well Acted.
388 1650 1100 1724 Their of Anatole at the little Theatre
388 1704 1091 1755 Anatol.
396 1737 1096 1775 Max
396 1768 1105 1824 Hilda Marguerite Clark
397 1806 1102 1846 Mimosen
392 1835 1102 1891 Gabriellemme
396 1868 1102 1908 Lona.
383 1900 1098 1953 Bianca
423 1957 1102 2020 Winthrop Ames has often received
392 2006 1100 2058 praise for the artistic excellence of his
396 2047 1093 2087 productions at the New as well as the little
392 2084 1091 2122 Theatre. There has not always been equa
396 2114 1102 2154 public appreciation of the plays he offered.
388 2151 1100 2187 It seems as if the performance with which
388 2183 1100 2223 he opened the second season of the Little
388 2218 1096 2260 Theatre last night will gain both popularity
388 2252 1100 2291 and critical commendation. Courageously
392 2285 1105 2332 he put before his public such a striking
392 2321 1100 2360 novelty as an English translation of Arthur
388 2356 1104 2396 Schnitzlers Anatol Cyclus," which has
392 2390 1102 2428 been for a decade or more one of the comedy
392 2425 1100 2459 classics of the stage in Austria and Germany.
397 2459 1105 2496 The performance was quite as perfect in
388 2496 1105 2528 its details as the best that Mr. Ames ever
392 2526 1100 2565 achieved here. And the popular qualities of
392 2559 1100 2599 the series kept the audience laughing inces¬
388 2592 1104 2634 santly after the first two episodes, which
388 2626 1096 2670 were different enough from the ordinary
388 2663 1104 2706 play to puzzle spectators who had not yet
392 2693 1100 2737 got the spirit of the work. Once its char¬
388 2728 1104 2775 acter was understood the audience took
383 2766 1073 2801 undisguised delight out of the little plays.
414 2797 1102 2831 The hero Anatol of the seven sketches
392 2826 1107 2871 by Arthur Schnitzler, of which Mr. Ames
383 2866 1109 2909 last night presented five, is a philandering
388 2899 1104 2938 young Viennese with a genius for falling in
383 2933 1102 2975 love. He is a feminist of a type altogether
383 2964 1107 3002 unknown here, as Americans are not likely.
383 2997 1102 3035 to be so analytical in their love affairs and
383 3031 1100 3073 enjoy love of this kind just for the sake of
387 3066 1102 3104 studying themselves and their adored
392 3098 1102 3140 under the influence of this passing passion.
383 3131 1100 3171 ut Anatolis a very attractive human figure,
388 3167 1105 3205 who fails in more cases than one to be of
392 3194 1102 3240 with the old love before he is on with the
388 3229 1105 3269 new. Granville Barker made the adapta¬
392 3265 1102 3312 tion used by Mr. Ames. With the exception
388 3301 1105 3340 of "The Farewell Supper," which was acted
392 3334 1109 3370 here some years ago at the Berkeley Lyceum
388 3370 1104 3405 by Charlotte Viehe, none of these episodes
383 3399 1102 3438 had been seen here. Granville Barker
388 3436 1104 3472 tried the same scene in a London mul¬
392 3468 1100 3508 hall, but it failed to interest the public.
388 3503 1104 3545 The translation which he has made lacks,
388 3534 1105 3570 of course, the fineness of Schnitzler's Ger¬
397 3568 1105 3608 man, its delicacy and finesse. Above all
397 3597 1100 3645 that glisten of the teardrop which distin¬
388 3637 1104 3681 guishes the authoris sudden transition from
388 3674 1105 3710 humor to pathos is altogether absent from
1851 3657 2114 3728 dann die
1401 3692 1599 3730 Isabelle Lee.
388 3706 1096 3752 the play. This is in a way fortunate, for in
388 3739 1096 3777 the one scene that demanded some display
383 3753 1839 3819 of pathetic sentiment Mr. Barrymore was as that of its predecessors. The actors
1127 3795 1837 3839 played it in the spirit of farce, which gave
388 3802 922 3861 quite hopelessly out of his depth.
419 3837 1844 3884 The play began last night with a scene it the best possible result. It was difficult
388 3862 1839 3919 called "As No questions. The to keep the lady quiet once se suspected
1123 3900 1833 3939 that there was to be a wedding and that
388 3910 1094 3948 the home of nato and the characteris
392 3931 1837 3982 decorations of the bacher apartment both Anatol and his friend were to be con-
381 3966 1839 4011 according to Viennes ideas showed that spicuous if not leading figures in it. When
1127 4004 1848 4040 se discovered what parts they really were
396 4008 1096 4049 Ames intended to be realisto. The
1123 4037 1848 4075 to play se swept like a hirwind through
388 4042 1096 4086 heart sufferings of not at this particular
392 4067 1839 4113 moment are concerned with his doubts as not bacher chambers. The two
1127 4100 1833 4142 escaped ultimately. The damage to turn
388 4113 1091 4142 the feel of der His friend Max
1895 793 3176 895 THE AFFAIRS OF ANATOL
