3436 4224
394 88 1524 161 werden wird. Aber auch gesetzt den Fall, daß man
393 143 1528 200 Hebbels Tragödie, wie zu hoffen ist, nicht schlechter
393 185 1524 265 behandlet als Schnitzlers Pornographie, muß auf die
393 235 1523 309 Eigentümlichkeit des Verfahrens hingewiesen werden,
390 288 1521 356 das da eingeschlagen wird. Es geht doch nicht an, daß
390 330 1527 400 man einem heute schön tut, um ihm morgen eine
397 381 1520 462 Ohrfeige geben zu können, oder daß man ihm nach
398 435 1514 506 jeder Ohrfeige schön tut, damit er sich nicht beklage.
397 487 1515 537 Auf unseren Fall übertragen heißt das: Das Schwei¬
400 535 1518 603 gen über die Schmach einer „Anatol"-Aufführung läßt
398 582 1518 671 sich durch keine noch so vorzügliche Aufführung von
397 624 975 695 Hebbels „Gyges" erkaufen.
488 677 1518 750 Die Tragödie sollte eigentlich nicht „Gyges und
393 706 1518 792 sein Ring" heißen, hieß auch ursprünglich nicht so,
397 775 1517 840 sondern „Rhodope“. Denn nicht Gyges ist ihr Held,
382 836 1514 897 er findet nicht einmal den Tod. Nur die Freude an
385 872 1515 942 der wohlgelungenen Gestalt mag den Dichter bewogen
385 923 1510 979 haben, sein Werk nach ihr zu benennen. Rhodope aber
382 978 1523 1032 ist die tragische Heldin, mit ihr hat Hebbel auch der
382 1016 1511 1091 keuschen Frauenseele ein herrliches Denkmal gesetzt,
382 1075 1521 1130 ein Denkmal deutscher Art. Während Herodot, der
382 1123 1512 1176 Gewährsmann des Dichters, erzählt, Gyges habe nach
380 1158 1518 1223 der Ermordung des Kandaules seine Frau mitsamt
375 1205 1505 1284 dem Königreich in Besitz genommen, während fran¬
384 1268 1514 1327 zösische Bearbeiter den Stoff ins Komische wendeten,
382 1313 1504 1366 erblickte Hebbel nach echt deutscher Weise in der ver¬
377 1365 1511 1421 letzten Scham des Weibes den Keim zu einer Tra¬
385 1410 1510 1472 gödie und Rhodope gibt sich bei ihm selbst den Tod,
377 1459 1515 1512 da sie, obwohl entfühnt, ihr gewaltsam beflecktes Da¬
390 1501 1512 1568 sein nicht länger zu ertragen vermag. Die Geschichte
380 1553 1510 1617 mit dem Ring fand Hebbel bei Platon und verwendete
385 1599 1510 1663 sie äußerst geschickt für seine Tragödie, indem er die
372 1659 1512 1721 zwei Lesarten über den Untergang des Kandaules in
380 1707 1204 1766 geistvoller Weise miteinander verband.
472 1724 1507 1811 Die samstägige Aufführung war vor allem getra¬
382 1786 1499 1857 gen von dem erfolgreichen Bestreben, die „vorge¬
385 1853 1508 1917 schichtliche und mythische Handlung glaubhaft zu ma¬
374 1902 1504 1960 chen. Das ist zunächst Frau Speidel zu verdan¬
339 1941 1505 2017 ken, die die geeigneten Töne fand, den Schmerz des
349 2041 1482 2147 vorher sorglos zurückgezogenen Weibes nach dem re¬
355 2112 1478 2199 hen Eingriff in sein heiligstes Gefühl zum erschüttern¬
355 2159 1476 2248 den Ausdruck zu bringen. Nicht minder gut gelang
348 2227 1482 2302 es Herrn Reymer im Laufe der Begebenheiten vom
346 2263 1484 2346 Jüngling, der in seiner Unschuld errötend nach den
349 2311 1481 2385 Sklavinnen der Königin schaut, zum wissenden Manne
349 2348 1468 2438 heranzureifen, der sich der aufgeladenen Schuld be¬
339 2412 1481 2486 wußt, bereit ist, sie mit dem Tode zu fühnen. Auch
349 2460 1475 2541 Kandaules wird ein anderer. Neuerungssuchtig zuerst
335 2514 1476 2577 und im Kriege mit Herkommen und Sitte, richtet er
343 2550 1473 2638 zum Schlusse an Gyges die Mahnung: „Nur rühre
338 2602 1468 2682 nimmer an dem Schlaf der Welt!" Mit Herrn Heß,
338 2645 1468 2722 der diese Rolle gab, ging dieselbe Wandlung vor
352 2696 1466 2783 sich. So frohsinnig er sich anfangs zeigte, so nach¬
333 2751 1472 2819 denklich und ernst sahen ihn die letzten Akte. In
336 2790 1463 2883 den kleinen Rollen der Sklavinnen betätigten sich die
336 2847 1469 2929 Damen Schrattenbach und Kreß in lobenswer¬
329 2903 1468 2974 ter Weise, den Thoas gab Herr Schikaneder
340 2941 1463 3019 schauspielerisch nicht übel, aber nicht so oft stecken
335 2990 1462 3066 bleiben sollte er. Die Hebbelfreunde im Publikum
336 3041 1459 3125 scheinen nicht die zahlreichsten zu sein, denn der Besuch
325 3096 1465 3174 war beschämend kläglich. Der warme Beifall, den die
330 3132 1475 3226 Erschienenen spendeten, konnte kaum über die Leere
319 3179 927 3257 des Hauses hinwegtäuschen.
1733 145 2680 262 4.9. Anatol Zyklus
1941 1376 2886 1507 Ausschnitt ausolkszeitung, Innsbruck
2256 1607 2592 1708 Theater.
1940 1679 2889 1769 Aus der Theaterkanzlei wird uns geschrieben:
1949 1734 2950 1824 Heute gelangt der Schnitzlersche Einakter=Zyklus
1899 1812 2950 1873 „Anatol“ zum letztenmal zur Aufführung. Aus dem
1902 1857 2954 1946 Zyklus wird gegeben: „Frage an das Schicksal",
1878 1986 2928 2075 „Weihnachtseinkäufe", „Abschiedssouper", „Hoch¬
1888 2053 2931 2106 zeitsmorgen" mit den Damen: Speidel, Schratten¬
1880 2108 2934 2183 bach, Kreß, Damario, den Herren Heppner und
1880 2153 2614 2204 Karma in den Hauptrollen. (Gelb.)
1931 2176 2921 2269 Für Mittwoch bereitet die Direktion die Auffüh¬
1883 2248 2928 2327 rung der Eulenbergschen Dichtung „Belinde" vor.
1924 2306 2928 2385 Das Repertoire der Osterfeiertage lautet folgender¬
1869 2340 2031 2411 maßen:
1920 2396 2921 2453 Ostersonntag nachmittags zum letztenmale: „Ro¬
1883 2447 2932 2522 senmontag“, Schauspiel von Otto Erich Hartleben.
1917 2503 2929 2556 Abends geht neueinstudiert die lustige Nestroy¬
1875 2527 2774 2615 sche Posse „Robert und Bertram" in Szene.
1920 2592 2921 2663 Ostermontag nachmittag findet die letzte Kinder¬
1869 2643 2922 2719 vorstellung statt. Zur Aufführung gelangt: „Der
1872 2699 2921 2754 verwunschene Prinz“, ein lustiges Kinderstück von
1867 2737 2266 2798 Plötz in 5 Bildern.
1909 2792 2918 2867 Abends wird die beliebte Eyslersche Operette
1857 2835 2476 2924 „Die Schützenliesel" gegeben.
2845 139 3202 233 box 9/1
