3344 4256
112 192 1075 312 4.9. Anatol - Zyklus
475 1374 1142 1501 Bayerische Staatszeitung
689 1467 936 1572 München
399 1556 988 1635 Theater und Musik.
180 1624 1287 1695 ter Schauspielhaus. In der Samstag=Aufführung von
99 1668 1287 1735 Arthur Schnitzers altem und leider noch immer nicht ver¬
105 1696 1287 1777 den Kann die welche den er die Blätter
105 1745 1284 1816 nen besetzt. Im ersten, der „Frage an das Schicksal lernten
111 1783 1281 1853 wir in der Rolle der Cora eine anscheinend noch ganz junge, an¬
117 1810 1294 1891 mutige Darstellerin in Carle Saltern kennen, die sich in dieser
111 1854 1289 1930 Volle graziös bewegte und recht natürlich sprach. Abschließendes
111 1891 1284 1968 wird über sie erst bei größeren Aufgaben zu sagen sein, aber was
120 1934 1292 2017 man sah und hörte, versprach das Beste. Im zweiten Einakter, der
135 1962 1288 2042 Episode", spielte Mela Schwarz mit Laure wieder ihre
120 2008 1291 2081 Bianca. In den darauf genden „Weihnachteinkäufen",
117 2055 1294 2119 dem unbedeutendsten des ganzen Zyklus, stand eine Else Boden¬
117 2081 1294 2178 Heim als Gast auf dem Zetter. Zum letzten Male, an dem
139 2128 1295 2208 Hebungehend von September 1811, gab diese Gebiete eine
129 2157 1301 2240 Grete Bodenheim. Ich bin mir nicht ganz klar, ob es am Samstag
124 2197 1294 2282 nicht dieselbe Darstelerin gewesen ist, die längere Zeit dem Per¬
117 2239 1288 2316 sonal angehörte. Im meistgegebenen „Abschiedssorper
123 2276 1301 2360 war ebenfalls ein Gast Ewis Borkmann, ließ aber leider ihre
123 2313 1301 2388 weit erfolgreicheren und vor allem feineren Vorgängerinnen als
129 2345 1303 2425 Annie, Lina Woiwode und Consula Nicoletni nicht vergessen.
129 2396 1300 2467 Dafür zeigte sich Leonie Dielmann in „Anatols Hochzeits¬
123 2425 1304 2514 morgen als eine begabte Nachfolgerin Hilde Herterichs als
129 2462 1303 2558 Ilona. Trotzdem bedauer wir gerade das Ausscheiden des Frl.
127 2505 1304 2586 Herterich aus dem Personal ganz besonders. Sie war zuletzt
133 2545 1313 2614 entschieden die interessanteste Schauspielerinn unter der vorigen
126 2589 1312 2657 Direktion und hätte von rechtswegen vom Schauspielhaus direkt an
138 2616 1315 2693 das Nationaltheater gehört, wo wir keine ihresgleichen haben. Die
135 2653 1318 2730 Seiden Freunde Anatol und Max wurden wieder von den Herren
140 2696 1312 2774 Günther und Weybner gespielt. Der letztere findet sich im¬
139 2734 1325 2814 mer mit Anstand dieses ihm eigentlich nicht liegende Rollenfach.
148 2773 1316 2851 Ersterer, der eleganteste Vertreter des Anatol, den wir hier gehabt,
148 2814 1323 2894 war under umso unverständlicher, je natürlicher er spricht. Nicht
145 2850 1331 2937 eben so natürlich wie seiner Rede Fluß ist Herrn Günthers Spiel
146 2887 1318 2968 mit den Händen. Jetzt sollte man aber den Schnitzlerschen Anatol
146 2922 1323 3009 überhaupt bald schen lassen. Er gehört zu jener unerträglichen
155 2963 1326 3043 Sexualliteratur vom ewig süßen Mädel“, die doch endlich der Krieg
142 3015 1304 3107 und der mit der Zeit überwunden haben sollte. A. M. K.
1226 204 1596 318 box 9/5
1996 725 2677 840 Rede aber schles. Presse.
2224 803 2446 904 Olmütz
1879 911 2650 1031 Theater und Kunst.
1844 1009 2730 1106 Anatol von Arthur Schnitzler. Mit der
1786 1062 2734 1152 Aufführung dieses Stückes wurde die Direk¬
1788 1125 2736 1189 tion einer doppelten Aufgabe gerecht, indem
1783 1167 2736 1232 sie uns damit sowohl einen jetzt vielfach auf¬
1777 1232 2731 1292 geführten Bühnenschriftsteller, als auch einen
1785 1270 2733 1347 lebenden österreichischen Modernen vorführte.
1780 1316 2725 1400 Jedenfalls hat das Publikum Anspruch dar¬
1774 1381 2730 1455 auf, das ihm auch etwas von Schnitzler ge¬
1779 1415 2727 1489 boten werde. Und zwar sowohl diejenigen, in
1774 1458 2731 1542 deren Geschmacksrichtung — de gustibus non
1774 1513 2730 1593 est disputandum er liegt, als auch die¬
1777 1553 2721 1630 jenigen, welche ihn zufällig noch nicht kennen
1782 1612 2724 1680 sollten, um sich ihr Urteil aus eigener Anschau¬
1774 1664 2722 1740 ung zu bilden. Was Schnitzler selbst betrifft,
1777 1708 2721 1788 so schwankt sein Charakterbild, von der Par¬
1763 1757 2716 1840 teien Gunst und Haß verwirrt. Seine Haupt¬
1772 1804 2705 1890 domäne ist das Dirnentum in unermüdlicher
1772 1857 2715 1940 Variationen. Er scheint also nicht über einen
1760 1912 2715 1987 großen Reichtum von Stoffen und Charakteren
1761 1962 2711 2030 zu verfügen. Daß die Dirne ebenso wie die edle
1763 2011 2714 2081 Frauengestalt, der Schurke ebenso wie der ideal
1758 2064 2708 2129 veranlagte Held von dichterischer Gestaltungs¬
1760 2112 2714 2181 kraft behandelt werden, zeigen die großen Mei¬
1763 2156 2712 2234 ster der Weltliteratur. Das Postulat über die
1761 2206 2700 2273 Art der Behandlung aber hat niemand Gerin¬
1760 2252 2705 2328 gerer als Schiller in seinem bekannten Aufsatze
1763 2308 2711 2372 „Die Schaubühne als eine moralische Anstalt
1757 2353 2703 2438 betrachtet, niedergelegt, wenn man von den
1751 2401 2705 2483 mehr allgemeinen Kunsttheorien Lessings und
1764 2452 2696 2529 Aristoteles absicht. Sollte gegen Schiller der
1755 2501 2697 2583 moderne Naturalismus ins Feld geführt wer¬
1755 2555 2702 2620 den, so brauchen wir nur auf Ibsen, den gro¬
1749 2610 2694 2682 ßen Meister des naturalistischen Dramas hin¬
1754 2660 2700 2728 zuweisen, der Schillers Forderung in jeder
1757 2702 2699 2784 Hinsicht entspricht. Denn was sich ändert, ist
1748 2749 2696 2820 die Form, der Inhalt aber bleibt derselbe. Man
1751 2813 2700 2869 raucht nur die Werke der großen Dramatiker
1748 2858 2691 2922 von Sophokles angefangen bis Ibsen zu ver¬
1758 2900 2697 2962 folgen, um die stets wechselnde Form und das
1749 2952 2691 3015 gleichbleibende Kunstgesetz zu erkennen. Da
1739 3006 2688 3070 aber den Zeitgenossen die nötige Perspektive
1749 3042 2685 3120 fehlt, so müssen wir die Bewertung Schnitzlers
1736 3102 2685 3169 als Dichter der Nachwelt überlassen, bekanntlich
1740 3148 2694 3209 eine zwar späte, aber gerechte Richterin. Ein
1733 3194 2687 3267 ausgezeichneter Techniker ist Schnitzler jeden¬
1740 3238 2687 3317 falls, wie seine Eroberung der Bühne beweist.
1736 3298 2679 3369 Mit dem Einakterzyklus „Anatol" eröffnete
1729 3339 2679 3409 er seine Laufbahn als Bühnenschriftsteller, wel¬
1732 3398 2678 3482 che sich bis jetzt wenigstens so erfolgreich gestal¬
1732 3438 1893 3516 tet hat.
1769 3463 2678 3580 Die Darstellung des Stückes mit seinen
1729 3552 2677 3614 allerdings sehr dankbaren Rollen war ausge¬
1723 3610 2684 3673 zeichnet. Als Spielleiter führte sich Karl
1743 3752 2702 3849 Ander vorteilhaft ein, der auch die Titel¬
1739 3828 2700 3904 rolle, den Anatol mit seinem weiten Herzen
1748 3858 2693 3945 gab. Seine Darstellung wurde den verschiede¬
1742 3917 2669 3994 nen Stimmungen und Launen des „Helden
1736 3966 2684 4055 vollständig gerecht, doch hätte man eine schät¬
1740 4003 2678 4102 fere Nüancierung gewünscht. Sehr ausdrucks¬
1736 4065 2687 4155 voll war Otto Mazels Max, Anatols
1736 4102 2663 4207 Freund und besseres Ich. Die Cora spielt
