3436 4224
273 160 1032 281 4.9. Anatol Zy
737 1037 923 1208 0
849 1263 968 1371 0
1394 154 1751 255 box 8/5
1635 652 1922 749 Anatol
1149 742 2465 825 Der gemütliche Urenkel Child Harolds tänzelte diese Woche über die Bühne
1092 812 2462 866 des Lessing-Theaters. Die Wiener Mama hat den englischen Gemahl mit einem
1097 861 2467 913 Franzosen, genannt Mauppassant, betrogen. Das ethnographische Experiment
1092 907 2462 963 dieser Rassenmischung hat der Dame viel Vergnügen verursacht, und es ist dar¬
1092 952 2462 1002 aus ein gar zu nettes Kerlchen entstanden. Der lebenslustigste Weltschmerzler,
1092 992 2462 1051 der Mann mit dem kusshungrigen Sattsein, ein ewig beschäftigter Müssiggänger.
1152 1033 2458 1085 Ein Kunstprodukt der Grossstadt charakterisiert durch die gut gebügelte
1088 1078 2462 1137 Hosenfalte. Das ist Anatol. Aber die ewige Sehnsucht nach dem Weibe veredelt
1092 1123 2463 1173 diesen Gecken. Ein künstliches Etwas, ein Dandy in steter Berührung mit dem
1095 1164 2306 1213 Elementaren alles Weiblichen. Das ist das Problem dieser Einakter.
1154 1197 2458 1270 Es sind lustige, wohlige, leichte Stücke. Leicht in der Form, lustig im Dialog,
1095 1252 2451 1301 wohlig in der Atmosphäre, aber eigentlich tief rührend und aufwühlend, ge¬
1085 1297 2251 1351 schrieben in verstecktem Leid von einem Vielgeprüften am Weibe.
1145 1339 2456 1401 Anatole auf seiner unaufhörlichen Liebesjagd ist wie ein unbeholfenes Kind,
1085 1387 2458 1439 das seine Mutter sucht. Hat das Kind seine Mutter gehabt, soll auch der Mann
1092 1433 2460 1489 die seine haben. Untreue Männer sind nicht hart und herzlos (wie man sie ge¬
1092 1475 2463 1525 wöhnlich schildert), — sie sind die grössten Kinder, die weichsten Muttersöhnchen,
1082 1511 2462 1577 mit einer Sehnsucht ganzer Hingabe und eines vollen Geliebtseins. Kein Wunder,
1080 1558 2460 1615 dass ihre Seelenwanderung durch viele Frauenleiber dauern muss ein Leben lang.
1149 1603 2458 1658 Werde ich allein geliebt? Nur für mich geliebt? Kann ich im Augenblick
1085 1639 2284 1697 eine Ewigkeit schenken? Das sind die Schicksalsfragen Anatoles.
1140 1687 2458 1739 Seine Existenz ist ausgefüllt durch den Kampf mit der Frau. Das hat für uns
1083 1730 2458 1782 Heutige, Nervigere etwas störendes. Der Kampf des Mannes, der durch das Weib
1080 1777 2460 1835 aus seinen Bahnen gelenkt wird, regt mich auf. Aber das enge Leben eines fin de
1080 1816 2458 1877 siècle-Männchens, der gar keine Bahnen geht; sein Winseln und sein Söhnen,
1083 1866 2462 1918 seine Gebärden und seine Witze, das alles wirkt schon etwas verstaubt. Es gibt
1083 1916 2458 1958 uns mehr dokumentairen Aufschluss über ein entschwundenes Jahrzehnt, als
1080 1954 2455 1999 der Stoff an aufpeitschendem, in uns eingreifendem Interesse erregen könnte.
1142 1984 2455 2048 Darum hat auch das Publikum, das vier Stücke geniessend und mitempfindend
1073 2044 2462 2098 aufnahm, plötzlich nach dem fünften widerstanden. Es war zu viel aus einem
1083 2080 2453 2136 Guss, und mit der gewohnten Undankbarkeit der abgekühlten Theaterbesucher
1083 2129 2004 2179 verliessen die Leute kaum applaudierend das Haus.
1149 2161 2455 2227 Von dem Recht dieser Undankbarkeit will ich nun auch Gebrauch machen.
1085 2208 2451 2265 Ich will es sogar missbrauchen. Ich schweige über manches Treffliche, das uns
1080 2251 2455 2312 besonders die Schauspielerinnen boten und möchte einige verfängliche Fragen
1080 2299 1235 2351 stellen:
1140 2324 2451 2401 Hat man je einen Weltmann so eine scheussliche Bude bewohnen sehen?
1071 2380 2405 2450 Anatole in so einem Zimmer ist um die Hälfte seiner Wirkung gebracht.
862 2724 1221 2796 Die Wartenden
2141 2743 2236 2803 133
918 2857 2237 2917 Ist das eine Gasse am Weihnachtsabend? Bewegen sich diese Schauspieler
862 2912 2227 2970 in einem gut geheizten Salon oder in Schnee und Eis, zwischen Häusermauern
918 2957 2239 3003 Ist das eine Wiener Balleteuse? Fräulein Sussin spielt glänzend, ber sie
864 2998 2237 3046 trägt einen Regenmantel wie ein Berliner Dienstmädchen, das zu Schramm geht.
923 3045 2230 3100 Kleinigkeiten. Frivole Aeusserlichkeiten. Aber sie stören mein Auge. Und
868 3077 2237 3134 wenn ich ins Theater gehe, kann ich doch meine Augen nicht in die Seele stecken?
868 3129 2230 3181 Weil es Aeusserlichkeiten gibt, die ablenken, darf man aus Trotz gegen solchen
864 3176 2234 3219 eitlen Aufwand nicht vergessen, dass es auch Aeusserlichkeiten gibt, die zu¬
868 3217 1401 3279 gleich das Innere offenbaren.
1801 3217 2199 3290 LUDWIG HATVANY
1230 3329 1604 3462 Die Mo¬
925 3434 1061 3507 Mensch
