3392 4192
268 151 1201 264 4.9. Anatol - Zyklus
1383 154 1734 243 box 9/1
1552 620 2032 725 (Quellenangabe ohne Gewähr.)
1240 676 2322 791 Ausschnitt aus: altera
1246 779 1723 862 vom
1880 799 2252 927 Innsbruck
1625 919 1934 1015 Theater.
1335 986 2276 1078 Anatol. Vier Akte von Artur-Schnitzler,
1272 1065 2283 1121 Die Schnitzlerischen Werke zeichnen sich durch die
1276 1110 2265 1166 äußerste Realistik aus, und das Wörtchen „Liebe
1279 1159 2284 1224 hat darin viel mitzureden. So beißend die Sa¬
1279 1207 2288 1271 tire in den vorliegenden Einaktern auch ist, so
1284 1255 2287 1319 wäre es doch verfehlt, anzunehmen, daß die breite
1284 1304 2287 1370 Zote darin Raum hat, auch erhalten wir keine
1276 1354 2287 1412 Moralpredigten, sondern nur Tatsachen. Die
1272 1403 2291 1469 Psychologie der Charakteure ist fein gelungen und
1279 1451 2284 1512 auch ein Faden des Zusammenhanges erzeugt
1279 1508 2283 1560 worden, wodurch wir die Kette der Liebesaben¬
1279 1550 2283 1613 teuer oder besser gesagt, die Versuche Anatols,
1288 1599 2287 1664 sich mit dem Liebesproblem im Besonderen zu
1279 1651 2281 1706 beschäftigen, auch steigernd genießen. Bereits
1281 1697 2288 1761 früher wurde aus dem eigentlich 6aktigen Zyklus
1276 1757 2288 1814 das „Abschiedssouper gegeben, es gewinnt aber
1281 1795 2284 1854 im Rahmen des Ganzen. Anatol ist gewiß nicht
1276 1845 2288 1911 das Vorbild eines Mannes, am allerwenigsten in
1288 1889 2285 1957 seinen moralischen Eigenschaften; er ist aber das
1281 1943 2292 2009 Prototyp des Großstadtlebemannes. Er kostet
1284 1989 2287 2055 nicht nur überall, er genießt auch und sei es auch
1276 2041 2285 2098 5 Stunden vor der Hochzeit. Seine Zeichnung
1276 2089 2287 2156 schwankt zwischen dem Feinschmecker der Halbwelt
1281 2149 2288 2206 und dem sentimentalen Liebhaber, natürlich ohne
1291 2191 2288 2268 Familiensinn er betrachtet, sein Bummelleben als
1281 2236 2287 2308 höchste Notwendigkeit. Er findet in seinem Freund
1281 2283 2291 2353 Max eine angenehme Ergänzung, vom Dichter zu
1284 2331 2287 2405 dem Zwecke, seine Figur durch den treffsicheren
1281 2382 2284 2452 Dialog erst recht zu unterstreichen. Psychologisch
1288 2430 2287 2494 ist „die Frage an das Schicksal ein guter Witz,
1288 2474 2292 2543 die Beantwortung originell. Am feinsten stehen
1280 2531 2291 2602 die Weihnachtseinkäufe herausgearbeitet, etwas
1280 2578 2296 2653 verber und für die breite Masse des Publikums
1276 2640 2291 2725 wirkender das „Abschiedssouper" und der „Hoch¬
1306 2722 2312 2812 zeitsmorgen". Es geht manche gute Pointe der
1311 2805 2316 2870 ersteren zwei durch die Voreingenommenheit des
1323 2854 2330 2935 Zuhörers verloren, der glaubt, er müsse bei
1315 2901 2315 2967 Schnitzler trot Geistesschärfe noch mehr und zwar
1306 2954 2314 3012 nicht immer des Einwandlosen vernehmen. Anatol
1311 2997 2315 3063 braucht einen talentialen Schauspieler, sonst wird
1323 3045 2315 3114 sein Bild eine Operettenfigur und unmöglich,
1321 3099 2316 3159 Er fand in Hr. Heppner einen überzeugenden
1311 3148 2310 3211 Vertreter, der auch in äußerer Eleganz und Welt¬
1311 3196 2315 3257 mannsgebaren waschecht war. Die Schwierigkeit
1318 3245 2315 3312 der Straßenscene gelang ihm trefflich, freilich hatte
1321 3296 2316 3357 er an Fr. Speidel (Gabriele) gute Hilfe. Diese
1321 3346 2307 3396 Scene kann recht langweilig gespielt werden
1311 3394 2316 3458 Wenn da nicht Schlag auf Schlag, mit feinen
1315 3440 2312 3506 Ironie kommt, ist der Erfolg verpufft; sie wird
1315 3490 2311 3551 von einem Großteil nicht verstanden, wie auch der
1321 3539 2310 3601 Beifall wies. Ganz aus ihren sonstigen Rolle
1323 3591 2306 3650 fiel diesmals Frl. Schrattenbach als Annie, w
1318 3638 2311 3699 war die Schüchterne, oft weinerliche Nave? Di
1321 3685 2307 3735 Souperscene (ganz dem Intimen Theater abge¬
1318 3734 2308 3803 lauscht) erreichte gute Wirkung, auch der Ueber
1326 3780 2308 3851 gang von der Schampusstimmung zur Entrüstun
1321 3842 2304 3896 und das Abflauen zur Wurstigkeit gelang ihr gu
1326 3878 2310 3944 Eine gefährliche Rolle bietet die Ilona de
1326 3929 2310 3990 Frl. Kreß. Sie kann sehr frech gegeben werden
1323 3976 2306 4034 Diese Wiedergabe traf nicht zu, das letzte Liebche
1326 4025 2314 4087 hatte sich recht hübsch gemacht, nahm alles seh
1428 4072 2307 4157 verständlich, bis auf die Nachricht der Hoch
