3296 4224
1256 163 1619 253 box 8/6
144 171 644 267 4.9. Anatol
526 160 1083 289 Zyklus
419 563 720 674 menden
954 614 1304 714 Telephon 12891.
1149 699 1297 789 De¬
412 690 1210 843 „SERVEN
481 800 1229 887 I. österr. behördl. konz. Unternehmen
400 825 1286 949 für Zeitungs-Ausschnitte und Bibliographien
442 882 1247 1030 Wien, I. Concordiaplatz 4
672 982 1018 1057 Vertretungen
391 1027 1274 1123 in Berlin, Budapest, Chicago, Christiania, Gent,
391 1062 1268 1158 Kopenhagen, London, Madrid, Mailand, Minne¬
394 1102 1267 1211 apolis, New-York, Paris, Rom, San Francisco,
584 1149 1066 1232 Stockholm, St. Petersburg
593 1199 1054 1280 Mallenangabe uns beruhe
371 1243 629 1325 Ausschnitt
665 1300 1303 1399 meine Zeitung, München
665 1373 903 1445 1911
374 1355 506 1436 vom
229 1493 1415 1620 das Haus war bedauerlicherweise halb leer, und doch ist es
231 1572 1408 1661 der Mühe wert, sich dieses spanische Stiergefecht des schwäbi¬
229 1623 861 1710 schen Dichters einmal anzusehen.
322 1679 1417 1761 Im Schauspielhaus aber kam ein sehr alter Schnitzler
226 1734 1429 1813 zum stenmal heraus: sein „Anatol“, mit Weglassung
222 1793 1405 1872 zwei Szenen „Denksteine“ und „Agonie". „Die Frage an
225 1830 1402 1908 das Schicksal“ und das „Abschiedssouper" sind an verschie¬
228 1876 1405 1956 denen Theatern wiederholt auch hier gegeben worden, neu
219 1932 1402 2016 waren also nur: „Episode", „Weihnachtseinkäufe" und „Ana¬
214 1990 1402 2062 tols Hochzeitsmorgen". Wäre Gustav Waldau nicht das
216 2020 1400 2095 Prototyp eines „Anatol“, so würden die fünf Einakter ziem¬
213 2074 1399 2147 lich langweilig gewirkt haben, denn sowohl der Wiener
214 2123 1393 2204 Typus des „süßen Mädels", wie die fünfmal stets nur vor
214 2180 1393 2254 einer anderen Dekoration sich abspielende „Liebelei“ eines
210 2209 1390 2302 halb sentimentalen, halb frivolen Wiener Früchtels sind heute,
210 2272 1387 2336 man muß sagen Gott sei Dank, ziemlich verbraucht und über¬
211 2329 1390 2400 wunden. Damals war die Geschichte neu, heute hat sie
204 2369 1381 2453 Schnitzler selbst längst überholt, wenn auch nicht in sich über¬
204 2418 1384 2502 wunden, insoferne das in der „Liebelei“ angeschlagene Thema
204 2475 1387 2547 überall bei ihm wiederkehrt. Wie so viele neben ihm, ist auch
208 2517 1387 2588 er nur imstande, stets über ein und dasselbe Thema, über das
205 2559 1384 2633 sexuelle Problem zu schreiben. Im übrigen können wir unsere
201 2607 1385 2694 Leser auf den in der heutigen Nummer enthaltenen Essay
199 2667 1378 2740 unseres geschätzten Wiener Mitarbeiters, Theodor von Sos¬
202 2713 1375 2785 nosky, verweisen, der die literarische Erscheinung und Ent¬
201 2754 1378 2841 wicklung Schnitzlers ganz in unserem Sinne zu würdigen
196 2814 1379 2895 weiß. Die Aufführung war, wie ja meistens bei Stollberg,
201 2853 1375 2920 sehr lebhaft und lustig. Ferdinand Götz hatte fünf verschie¬
192 2901 1372 2989 dene, bei aller Einfachheit geschmackvolle Rahmen zu den ein¬
195 2944 1372 3031 zelnen Szenen geschaffen, deren weibliche Sterne Stein¬
189 3010 1369 3070 brecher, Landing, Gerhäuser, Woiwode und Schaffer hießen.
189 3052 1366 3131 Am erfolgreichsten war Fräulein Woiwode im „Abschieds¬
195 3097 1372 3176 souper“. Der gemütliche und natürliche Partner Herrn
192 3152 1375 3229 Waldaus way Herr Randolf. Es wird sich nun zu zeigen
184 3196 1369 3281 haben, ob sich wirklich außer dem „Abschiedssouper“ auch die
183 3256 1369 3317 anderen Szenen des „Anatol“ heute noch auf die Dauer halten
190 3292 317 3362 lassen.
1743 527 2773 624 Bitte Rückseite beachten!
2350 609 2755 704 Telephon 12.801.
2573 705 2658 798 te
1935 780 2586 888 OBSERVER
1731 869 2793 961 I. österr. behördl. konz. Unternehmen für
2041 937 2498 1014 Zeitungsausschnitte
1755 981 2788 1065 Wien, I., Konkordiaplatz 4.
2135 1051 2403 1107 Vertretungen
1740 1074 2794 1141 in Berlin, Basel, Budapest, Chicago, Cleveland, Christiania,
1752 1129 2787 1180 Genf, Kopenhagen, London, Madrid, Mailand, Minneapolis,
1740 1170 2790 1229 New-York, Paris, Rom, San Francisco, Stockholm, St. Peters¬
2141 1208 2426 1267 burg, Toronto.
1992 1255 2561 1336 (Quellenangabe ohne Gewähr).
1743 1310 2110 1403 Ausschnitt aus:
1935 1358 2661 1462 unser Neueste Nachrich,
1749 1439 2318 1520 vom 25. A
2296 1569 2444 1640 Anatol
1932 1605 2806 1694 Im Schauspielhaus spielte man Anatol. Wien
1977 1676 2808 1731 Schnitzer Anatol. Wie anders wirkt
1911 1710 2805 1760 dies Zeichen auf mich ein! Ein schönes Gefühl
1908 1752 2805 1800 der Sicherheit bemächtigt sich des Zuschauers zu¬
1908 1787 2805 1831 erst. Eine Zuversicht zum Führer, von dem man
1926 1824 2811 1876 spürt, daß er das Gelände, durch das er uns
1917 1855 2806 1911 spazieren läßt, kennt bis zu den Wurzeln der
1926 1894 2796 1947 Fliederbäume hinunter, bis hinauf in die Dach¬
1914 1936 2803 1990 stubenwinkel, bis hinter die Separégardiner und
1908 1968 2802 2028 bis in den Herzmuskel seiner Menschen hinein.
1908 2005 2808 2059 Hier gibt es keine spanischen Granden, keine napo¬
1905 2046 2805 2098 leonischen Offiziere, keine dolchtragenden Damen.
1905 2080 2799 2134 Nicht Schlösser, nicht Scharmützel in Provinzen
1899 2123 2803 2167 mit schwer zu merkenden Namen. Hier wohnen
1911 2161 2802 2203 Menschen von Anno heute, fesche Leut; witzige
1905 2195 2809 2243 Pathetiker, sentimentale Bummler, diskrete Kellner,
1920 2231 2805 2273 jektschlürfende Philosophen, füße Mädeln und gnä¬
1908 2270 2812 2324 dige Frauen. Anatol, der Held der Mitte, hat
1905 2308 2805 2347 einen romantisch klingenden Namen, und Sym¬
1896 2348 2805 2393 bolisten könnten sogar herausfinden, daß die ganze
1911 2383 2811 2426 Schnitzlersche Heptalogie nichts anderes sei als ein
1905 2418 2802 2465 Stierkampf. Aber hier verläuft alles untragisch,
1914 2457 2799 2501 statt Blut fließt Champagner, und wenn doch
1908 2496 2802 2538 Tränen tropfen, so sind sie das Sekret des Lächeln
1905 2535 2802 2580 und nicht des Weinens. Eine lustige Welt, und
1911 2571 2793 2639 Herr Anatol ist ihr Eroberer, Besiegter und Sie¬
1884 2609 2131 2669 ger zugleich.
1944 2618 2803 2697 Die sieben Stücke des Zyklus sind wie sieben
1917 2687 2799 2736 Tempel seines Ruhms. Fünf davon werden im
1908 2722 2802 2778 Schauspielhaus gezeigt, in der sehr geschmackvollen
1911 2763 2796 2812 Aufmachung, die Kunstmaler Goetz ihnen hat an¬
1908 2797 2799 2850 gedeihen lassen. In jedem dieser stilvollen Gehäuse
1902 2839 2799 2884 ist eine andere Nymphe Königin, wodurch denn
1902 2874 2799 2920 das weibliche Ensemble ein stattliches Fähnlein
1896 2914 2805 2959 auszusenden gezwungen wird. Im allgemeinen
1914 2953 2803 3007 müssen die neuen Besetzungen gelobt werden. Die
1923 2989 2812 3034 Frage an das Schicksal gibt Fräulein
1920 3023 2809 3067 Steinbrecher Gelegenheit zu einigen Antwor¬
1911 3062 2802 3110 ten, die Episode Frl. Landing zu ein paar
1905 3097 2799 3146 Munterkeiten. In Weihnachtseinkäufe ver¬
1905 3137 2796 3187 mag Frau Gerhäuser den inneren Gefühlsquell
1902 3178 2799 3232 bis in die Tiefe aufzudecken, in Anatols Hoch¬
1908 3215 2797 3262 zeitsmorgen Fräulein Schaffer die Kas¬
1911 3254 2793 3302 kaden des Schmerzes unterschiedliche Stufen hin¬
1843 3290 2832 3351 abspringen zu lassen. Das Abschiedsouner
1924 3384 2823 3461 erhielt durch Fräulein Woiwode die nötige
1926 3419 2820 3489 Dosis Sektlaune. Als Maître du plaisir wan¬
1930 3461 2818 3536 delte Herr Waldau charmant und plaudernd aus
1932 3501 2818 3570 einem Stückchen in das andere, Anatol ganz vom
1924 3540 2814 3612 Scheitel bis zu den Spitzen der Lackschuhe, in
1924 3573 2805 3648 Treuen geleitet und beplauscht von seinem lieben
1924 3610 2811 3679 Randolf, der den Max spielte. Alles in allem
1926 3651 2811 3721 ein Abend, der dem Publikum gar lustig einging
1923 3690 2811 3757 und vermutlich auch den Darstellern einige Freude
1920 3717 2062 3784 machte.
2426 3735 2773 3814 Richard Elchinger
2424 3823 2508 3871 -
