3392 4256
1346 262 1704 353 box 9/3
232 267 1183 374 4.9. Anatol - Zyklus
881 1989 1237 2113 „Anatol.
508 2082 1632 2183 nakter=Zyklus von Arthur Schnitzler,
904 2165 1262 2245 Kammerspiele.
490 2239 1143 2321 Für Schnitzler ist gute Zeit
551 2308 1673 2368 In den fünf Tagebuchblättern eines lebemännlichen Jung¬
478 2357 1670 2420 gesellen, die mit der üblen Geschmacklosigkeit „Anatols Hochzeits¬
481 2405 1673 2456 morgen" abschließen, habe ich ebenso wie im „Reigen“ den be¬
481 2444 1677 2496 rühmten „melancholischen Zug nicht bemerken können. Dagegen
481 2498 1677 2550 gibt es einige amüsante und einige magere Pointen, an denen
469 2532 1670 2586 die Interessenten von Boudoirgeheimnissen Vergnügen haben
478 2588 1676 2639 mögen. Das „Abschiedssouper ist recht sprühend gemacht. Die
475 2627 1673 2690 übrigen Dinger haben mich gelangweilt, solange ich sie kenne
478 2669 1619 2739 und auch gestern, wo sie in glitzerndem Spiel gezeigt wurden.
553 2722 1670 2788 Edthofer, elegant, schlank und bleich ist der „empfin¬
478 2778 1670 2836 dende Anatol, Thimig, gesund, rosig und wienerisch der
481 2826 1670 2875 „genießende Max. Er war für die Aufführung wesentlicher als
484 2866 1674 2926 sein Titel=Kollege. Die Damen, die durch die Schlafgemächer
478 2911 1674 2967 wandern, werden von Erika v. Thellmann, Mady
475 2955 1676 3007 Christions, Margarete v. Bukovies und Stella
476 2998 1677 3047 Arbenina mit entsprechender Charakteristik gegeben. Lina
481 3044 1670 3098 Lossen ist Frau Gabriele, die nicht den Liebes=Mut ihrer Mit¬
475 3088 1676 3149 schwestern besitzt. Lina Lossen kann solche Rolle natürlich
481 3134 1677 3190 spielen, und zwar mit Geschmack, wie man seit der Brahmschen
481 3182 1673 3239 Première weiß, aber daß man sie ihr gegeben hat, ist eine
478 3223 1670 3281 zynische Profanierung dieser fraulich=holdesten Darstellerin, die
478 3275 897 3335 wir überhaupt haben.
556 3326 1673 3380 Wenn doch die Holländer=Bühnen ihren Spielplan auf Lina
487 3375 1683 3426 Lossen einstellen wollten! Dann würde man dort nur edle
487 3422 1483 3486 Kunstwerke sehen — und nicht Dinge von vorgestern.
1481 3447 1646 3540 K. 5.
2026 1906 2842 1989 Anatol von Arthur Schnitzler.
1881 1927 3019 2028 Arthur Schnitzler wird in diesem Mai 60 Jahre. Ist es nicht
1878 2014 3020 2070 türlich, daß besonders diejenigen, die mit dem liebenswürdigen
1875 2047 3022 2102 melancholischen Erotiker jung waren, ihm durch Aufführung
1872 2098 3025 2153 seiner Werke eine freundliche Ehrung erweisen wollen? Oder
1878 2120 3019 2179 spricht bei der Neueinstudierung des „Anatol in den Kammer¬
1881 2162 3017 2218 spielen weniger die Pietät gegen den Dichter mit als die
1875 2206 3028 2254 Ueberlegung, daß diese Wiener Welt von 1893, die Welt des
1878 2237 3019 2297 heiteren, keptischen Lebensgenusses und der lieben füßen
1875 2278 3019 2330 Mäderln“ dem Publikum von heute äußerlich fast ebenso freund¬
1875 2314 3019 2369 lich schimmert und entgegenkommt, wie die pikante Munterkeit
1866 2354 3017 2402 des französischen Komödienimportes? Die Regie hatte sich er¬
1872 2392 3019 2448 sichtlich auf den letzteren Standpunkt gestellt, und der Reigen
1875 2432 3026 2486 holder Weiblichkeit, der in den fünf graziösen Einaktern das
1872 2472 3010 2523 nuancenreiche Liebesleben des jungen Anatol verkörpert. —
1866 2513 3020 2570 Erika v. Theilmann, Margar. Christians, Margar.
1866 2544 3019 2606 v. Bukovics, vor allem Lina Lossen und die temperament¬
1866 2580 3019 2640 volle Stella Arbenina hatten sich bewußt und eindrucksvoll
1866 2619 3022 2673 auf moderne Lustspielflottheit eingestellt. Wenn trondem doch
1869 2673 3029 2716 auch immer wieder die melancholische Leichtsinns= und Jugend¬
1872 2696 3034 2757 poesie des Werkchens zum Durchbruch kam, so lag das weniger.
1878 2742 3025 2790 an dem Spiel des Herrn Edhofers als Anatol, sondern
1875 2775 3022 2827 daran, daß Arthur Schnitzler doch eben ein Dichter und kein
1875 2814 3028 2871 Pariser Komödienfabrikant ist. Auch dem im einzelnen vor¬
1869 2848 3025 2910 züglichen Spiel Hermann Thimigs als Freund Max fehlte
1885 2887 3029 2940 jene lässige Selbstverständlichkeit und wienerisch männlische
1885 2928 3049 2986 Morbidezza“ von ehemals, die freilich heute wohl gar nicht
1872 2976 2420 3026 mehr verstanden werden kann.
1914 2979 3031 3053 Als ich in der Vorortbahn später nach Hause fuhr, ging in dem
1872 3050 3032 3101 Abteil eine erregte Debatte über den letzten Box-Matsch Brei¬
1866 3085 2685 3154 tensträters mit irgendeinem andern „Herden“.
1911 3098 3034 3175 Armer kleiner Anatol, die fehlt für diese raube Zeit eben der
1864 3152 2905 3226 Biceps und seien wir offen — auch der geistige Biceps
2848 3182 2986 3262 C. ch
