3484 4192
1443 125 1796 240 box 8/5
326 138 1255 255 4.9. Anatol - Zyklus
1878 751 2240 870 Telephon 1191.
1119 989 2236 1110 derdendeel. an. Unternehmen die Leitungs=Ausgabe
1267 1056 2129 1182 Wien, I., Concordiaplatz 4.
1499 1140 1899 1215 Vertretungen
1108 1154 2221 1265 in Berlin, Budapest, Chicago, Christiania, Genf, Kopen¬
1096 1225 2219 1311 hagen, London, Madrid, Mailand, Minneapolis, New-York,
1106 1278 2177 1378 Paris, Rom, San Francisco, Stockholm, St. Petersburg.
1506 1315 1882 1391 ohne den
1110 1343 1556 1460 Ausschnitt aus:
1566 1353 2256 1506 bonne und Welt, Berlin
1073 1414 1759 1575 le
868 1604 2503 1692 Das Lessingtheater scheint nicht Lust zu haben, Arthur Schnitzlers neues Werk „Der
845 1663 2503 1740 junge Medardus" aufzuführen — das große Panorama Wiens vom Jahre 1809, mit seinen
845 1713 2499 1778 mehr als halbhundert Rollen. Die Berliner Bühne des Wiener Dichters griff, offenbar um einen
843 1755 2505 1847 Ersatz zu bieten, auf dessen Opus Eins zurück, den Einakter=Zyklus „Anato!". Einzelne der
847 1811 2499 1878 zu einem Kranze von parfümierten Schäferstunden gebundenen Szenen waren früher schon hier
845 1857 2501 1939 aufgeführt worden, und von den sieben Intimitäten ließ man auch jetzt zwei fort. Man kann
845 1901 2493 1989 es kaum mißbilligen, daß der leichte Gedanke dieser Capriccios nicht noch durch ein größeres
839 1949 2497 2031 Gewicht der Akte belastet wurde — so sicher der anmutige Geist die Zuschauer lockte und reizte.
962 2003 2512 2077 Es besteht einige Verwandtschaft zwischen dem Hofmannsthalschen Jüngling, der vor dem
839 2026 2501 2133 Tode bekennt, alles erlebt und doch nicht gelebt zu haben, und dem Schnitzlerschen Lebeknaben.
839 2093 2497 2187 Doch hält sich die Nachdenklichkeit Schnitzlers im Hintergrunde, vor schiebt sich die tändelnde
836 2156 2482 2231 Lustspielkaune und die Früherfahrenheit des damals jungen Dichters. Der Verfasser des „Anatol
836 2194 2484 2284 ist ein ins Wienerische übersetzter Guy de Maupassant. Ein Maupassant mit einem Schuß Weich
839 2236 2491 2334 lichkeit, Sentimentalität, Philosophie. Seine Hand übte, gleich jener des graziösesten Zynikers
836 2294 2516 2390 von Paris, die Kunst des feinen Stricheln, und seine Lippen kräuselte der Spott. Dass
832 2332 2495 2434 was Schnitzlers Jugendsünde: den Zyklus der Weibergeschichten, heute noch einem ernsten männ¬
830 2390 2489 2480 lichen Betrachter wert macht, dem das Gegenständliche der Affären geringfügig scheint. Uns
832 2440 2484 2524 freut auch dieser direkt aus den Lebensquellen bezogene sexuelle Witz, der sich durchaus nicht
836 2493 2491 2579 zotig gebärdet. Das bißchen Seele der Weibtierchen ist sauber präpariert, und hundert bunte,
828 2539 2484 2633 drollige Merkmale der Gattung sind gesammelt. Aber Anatol selbst, der unnütze Held des melan¬
822 2599 2484 2671 cholischen Leichtsinns, wirkt fast ärgerlicher als amüsant. Man braucht kein Sozialdemokrat zu
834 2633 2486 2727 sein, um die Existenz solcher Luxusgewächse als soziales Unrecht zu empfinden. Luxus- und Zier¬
824 2694 2486 2777 pflanze: das ist mitunter nämlich zweierlei; die Zierpflanze, die wir uns nicht knicken lassen
822 2750 2484 2821 möchten, bringt wohltätige Schönheit in die Welt... Immerhin ist an der Gestalt des Anatol
826 2786 2470 2861 die große Aufrichtigkeit seines jungen Dichters bewundernswert; und wer sehr aufmerksam horcht
824 2836 2476 2919 vernimmt sogar leise Anklänge an die erschütternde Musik, die in Rausch und Freude das Leid
822 2888 2484 2959 des von der Sehnsucht ewig betrogenen Don Juan ausspricht. Ein sehr verweichlichter, deka¬
824 2932 2478 3020 denter Don Juan, dieser Anatol! Daß auch er bis zu einer gewissen Grenze an Tragik heran¬
820 2993 2164 3057 reifen konnte, hat Schnitzler später in seinem Meisterwerk „Liebelei“ bewiesen.
935 3030 2472 3110 Der Anatol wurde von seinem Darsteller irrtümlich als komische Figur gegeben. Er ist
816 3066 2472 3149 eine von Selbstironie und Mitleid geschaffene, übrigens realistische Gestalt. Herr Heinz Monnard
816 3135 2472 3208 wollte vielleicht anders, als er konnte. Mehrere auffällige Verstöße, die aber doch seiner Auf¬
818 3175 2482 3252 fassung anzukreiden sind, hätte übrigens die Regie verhüten sollen. Mit einem komischen Effekt
818 3221 2472 3313 zerstörte der Schauspieler im Einakter „Weihnachseinkäufe" den Ausklang einer leisen, lyrischen
822 3273 2468 3365 Stimmung, und im Schlußakte: „Anatols Hochzeitsmorgen", machte er mit einer riesigen Glatze
809 3315 2472 3405 den Anatol zu einem jungen Greise, Typ „Fliegende Blätter... Reizend war die Abwechselung
809 3367 2472 3455 der fünf Frauentemperamente in den fünf Stücken. Die Damen Somary, Sussin, Herterich
813 3425 2468 3501 und Triesch gaben zusammen „das süße Mädel, und Fräulein Lossen brachte als distinguierte
818 3469 2470 3551 Frau in die lockere Atmosphäre einen feinen Hauch von der Lebenssehnsucht unfreierer Menschen.
813 3526 2472 3601 Emanuel Reicher hatte in der Rolle des Freundes Max die Aufgabe, mit taktvollem Humor
809 3557 2252 3676 und Verstand den Maskenzug zu begleiten. Seine Intelligenz macht das vorzüglich,
