3436 4320
672 76 1363 142 se
470 119 1367 192 diesen harten Zeiten kaum weniger siss
475 171 1357 230 geworden sein dürften, und ein Gruss
473 212 1363 275 aus jenen Tagen, in denen das Leben
473 256 1358 339 noch nicht so streng und noch nicht so
478 306 1357 374 voll des Schreckens und der Trauer war.
473 368 1360 430 „Anatol“ ist ein Typus, der heute fast
472 408 1360 473 anachronistisch wirkt, aber vielleicht hat
473 457 1348 526 er gerade deswegen seinen starken Reiz.
466 496 1354 567 Denn man fühlte gestern, dass diese
467 541 1339 643 Szenen, trotzdem sie vor viel mehr als
420 594 1307 687 zehn Jahren geschrieben wurden und
417 685 1305 729 trotzdem auch Schnitzler selbst inzwi¬
414 728 1307 785 schen ein ziemich anderer geworden ist,
417 780 1313 829 nicht von jener Schichte Staub bedeckt
424 830 1304 889 waren, die sich sonst so oft auf viele,
420 877 1301 927 einst beliebte und ganz aus ihrer Zeit ge¬
417 924 1310 986 borene Bühnenarbeiten zu legen pflegt.
417 971 1310 1042 Sie hatten noch viel an sich von
417 1019 1295 1072 ihrer Entstehungszeit, an die man zurück¬
417 1069 1304 1118 denkt als an etwas längst, längst Ver¬
417 1118 1301 1172 gangenes, und vor deren Wiederkehr
417 1166 1308 1219 einem beinahe etwas bange ist. Die
410 1207 1307 1275 kleinen Amouren dieses beneidenswert
424 1261 1307 1314 sorglosen jungen Mannes können einem
417 1311 1304 1370 in der weichen, ein wenig ironischen, ein
424 1364 1304 1411 wenig sentimentalen Linienführung tat¬
414 1410 1301 1458 sächlich von einiger Wichtigkeit er¬
417 1454 1310 1517 scheinen, ohne Zweifel aber steht fest,
417 1509 1304 1576 dass diese verschiedenen Coras, Biankas,
417 1556 1301 1621 Annies und wie sie sonst noch heissen
417 1605 1304 1655 mögen, noch immer zu den begehrens¬
427 1655 1302 1723 wertesten Geschöpfen im Wiener Weich¬
417 1694 1308 1761 bilde gehören, mögen sie auch dann und
424 1742 1301 1807 wann in der Treue nicht jene exakte
417 1797 1304 1859 Genauigkeit walten lassen, die ihrer
427 1839 1298 1907 Vollkommenheit erst das Tüpfelchen
417 1894 786 1963 aufsetzen würde.
502 1934 1302 2007 Anton Tiller war Anatol und Hans
427 1998 1302 2051 Olden sein Freund Max, der um einige
424 2046 1307 2110 Töne Skeptischere und Erfahrenere, beide
427 2110 1304 2157 von der mondenen Eleganz, wie sie vor
419 2155 1298 2207 dem Kriege noch zur selbstverständlichen
417 2193 1301 2249 Pflicht eines jungen Mannes gehörte, der
424 2238 1304 2288 sich in der Welt nicht langweilen wollte.
411 2282 1307 2350 Für sie ist die Liebe ein Zwischending
420 2340 1307 2393 zwischen Leidenschaft und Laune, und
411 2379 1311 2461 ihr Spiel bewegte sich denn auch auf
420 2434 1307 2491 dieser schwankenden Linie und war von
414 2480 1298 2536 angenehmsten und sympathischstem Ein¬
417 2527 1304 2585 druck. Die vier Damen, die durch das
420 2580 1311 2635 Schnitzlersche Stück wandeln und ihre
417 2630 1308 2682 Rosen streuen — Berta Windhopp in
414 2677 1305 2739 der „Frage an das Schicksal, Friedl
411 2716 1304 2778 Bonne in der „Episode“, Mizzi Frei¬
414 2772 1301 2825 ler im Abschiedssouper, und Helene
414 2816 1296 2872 Lauterböck in „Anatols Hochzeits¬
411 2872 1304 2928 morgen" — entzückten durch die Anmut
411 2918 1302 2978 ihrer Erscheinungen nicht weniger als
417 2958 1301 3019 durch ihr fein abgetöntes Spiel, das der
411 3028 1298 3081 leichten Schwermut dieser Szenenfolge
411 3063 1298 3122 ebenso gerecht wurde, wie dem sorg¬
417 3105 1308 3166 losen wienerischen Einschlag, der dies
414 3155 1305 3213 Schnitzler-Drama so berühmt gemacht
414 3205 1313 3261 hat. Das Publikum war von Anfang an in
411 3253 1319 3328 allerbester Stimmung und lohnte die Dar¬
413 3314 1071 3382 steller mit lebhaftestem Beifall.
1148 3305 1295 3382 N. F.
1744 175 2272 268 4.9. Anatol
2414 169 2692 284 Zyklus
1854 921 2186 989 Schnitt aus:
1865 1009 2137 1084 APR 1917
2176 1075 2895 1183 Prager Tagblatt.
1882 1171 2785 1277 Landestheater. In Schnitzlers bei uns
1851 1240 2785 1290 oft und ger gespielten „Anato trat gestern
1854 1292 2785 1340 Herr Friedrich Feher in der Titelrolle auf. Ein
1860 1329 2785 1387 gewandter Darsteller, der mit Leichtigkeit, wenn
1850 1378 2785 1426 auch nicht sonderlicher Eleganz auf den glatten
1854 1423 2785 1478 Wellen des Schnitzlerschen Dialogs schaukelt, und
1854 1466 2778 1516 dem es auch nicht an Humor gebricht. Als Part¬
1851 1512 2785 1570 nerinnen traten ihm nach einander, mit gleichem
1850 1561 2774 1612 Glück, die Damen Thetter, Newes, Ko¬
1851 1600 2785 1656 wacz, Medelsky und Hübner entgegen.
1857 1644 2788 1700 Herr Huttig, der die Aufführung leitete, spielte
1848 1689 2788 1750 Anatols Freund, eine Rolle, in der man ihn seit
1848 1729 2338 1812 Langem kennt und schätzt.
2294 2152 2697 2249 rungen und
1959 2225 2319 2319 Ausschnitt aus:
2397 2242 3072 2385 Menen Malags=Zeiten,
1968 2305 2408 2399 20 1977
1951 2432 3039 2559 (Theater an der Wien) Eine der üblichen Wohltätigkeits¬
1829 2518 3036 2595 vorstellungen, bei denen die Kritik von vornherein einen Knebel
1835 2559 3036 2632 im Munde hat und denen man aus ganzen Herzen größten
1832 2606 3036 2673 Erfolg wünscht, zumal, wann es dem Roten Kreuz zum Vorteil
1827 2660 3023 2718 gereichen soll. Zuerst sah man Schnitzlers „Weihnachtseinkäufe
1830 2701 3030 2759 aus dem Gediegensten und Unruhen, das dieser Dichter
1829 2736 3025 2804 geschaffen, aus dem Anatol-Zyklus. Sah man, denn von Hören
1827 2785 3030 2848 war keine Rede. Der Herr, der statt des aus unbekannten
1833 2815 3028 2896 Gründen ausgebliebenen Herrn v. Lessen den Anatol gab, ist
1829 2854 3027 2936 kühn, sehr kühn. Diese Eigenschaft sei ihm ohneweiters zugestanden.
1832 2898 3031 2986 Womit seine schauspielerische Leistung erschöpft ist. Ich glaube
1823 2948 3027 3017 aber, die prächtige Gabriele der Steinsteck wäre besser daran
1824 2984 3023 3067 gewesen, hätte man ihr eine stumme Person als Partner hin¬
1823 3036 3030 3111 gestellt. Im „Versprechen hinterm Herd erfreuten Fräulein
1827 3075 3017 3141 Kaurina sowie die Herren Haydter, Mail und Leuer.
1826 3119 3017 3200 Das bunte, anspruchslose Ballett Schreders, zu dem Jose
1824 3167 3023 3234 Klein eine nicht ganz passende Musik geliefert hat, bot vor
1824 3213 3034 3269 allem Fräulein Cerri Gelegenheit, ihre Meisterschaft zu ent¬
1820 3253 3036 3334 falten. Von ihr verkörpert, wird der Tanz wahrlich zu einem
1824 3287 3025 3370 Wunderwerk. Konstatiert sei schließlich — und dies ist ja die
1829 3331 3019 3409 Hauptsache das augenscheinlich reiche materielle Ergebnis der
1818 3373 3019 3450 Veranstaltung. Was entschieden erwärmt. Angesichts der im
1827 3417 3023 3524 Saale herrschenden Nordpoltemperatur sicherlich nicht zu unbe¬
1817 3453 1960 3541 schätzen
2863 177 3220 274 box 9/2
