3484 4224
327 161 849 255 4.9. Anatol
1449 150 1793 245 box 8/5
976 162 1274 258 Zyklus
1072 343 1241 428 1. von
1251 372 1974 463 Wien, L, concordiaplatz.
1478 456 1749 522 ordnungen
1069 494 2147 565 in Berlin, Basel, Budapest, Chicago, Cleveland, Christiania,
1078 549 2139 594 Geni, Kopenhagen, London, Madrid, Mailand, Minneapolis,
1078 579 2138 651 New-York, Paris, Rom, San Francisco, Stockholm, St. Peters¬
1470 622 1752 677 burg, Toronto.
1400 649 1828 735 de des be¬
1073 712 1427 802 Ausschnitt aus:
1474 727 1754 833 Berlin
1827 765 2121 860 an das
1317 795 1813 934 5-OLLEUR 1910
1078 848 1211 913 vom
1870 999 2724 1061 mut eines Frühlingstages und den Geist eines
1203 979 1628 1104 Schnitzlers
1875 1052 2721 1103 Mädchens hat, das zu lieben weiß. Dies Ratten¬
1882 1092 2732 1149 fängerchanson vermag die gelassene Gabriele
1871 1129 2724 1198 nicht zu ködern. Er muß schon in der Vorstadt
966 1121 1820 1218 Junggesehenkomödie
1866 1179 2720 1237 bleiben, bei den Grisetten und den Damen vom
1872 1219 2723 1277 Chor. Spielt den Ueberwinder und wird über¬
1124 1195 1701 1294 „Anatole im Tessingtheater.
1871 1266 2723 1322 wunden. Annie lädt er zum „Abschieds¬
1029 1270 1827 1339 Liebe vertraute Schatten huschen über Otto
1875 1305 2727 1364 souper, aber nicht er gibt den Abschied, er
967 1310 1825 1383 Brahms ernste Bühne: lachen, necken sich, küssen
1868 1345 2721 1414 bekommt ihn. Und eine Zeit später muß er
964 1357 1829 1424 sich. Anatol und seine süßen Wiener Mädl.
1870 1400 2721 1446 mit Bitterkeit erkennen, daß er so sehr in Bi¬
968 1411 1829 1458 Der sentimental-heitere Genießer von 1893
1872 1442 2733 1494 ancas Zirkusherzen nur „Episode" gewesen
964 1446 1829 1518 lächelt wieder in der nehmutsvollen Pose des
1870 1483 2724 1537 war, daß sie ihn nach kurzer Zeit der Trennung
966 1495 1823 1546 leichtsinnigen Melancholikers zu seinem Spiel
1870 1528 2724 1579 nicht einmal zu erkennen vermag. Anatols Ab¬
968 1545 1825 1599 mit den Annies und Coras, die so animalisch
1868 1561 2724 1628 stieg von der Triumphleiter erfolgt direkt in
971 1580 1823 1640 frisch sind trotz Ballet, und Reifenspringen, und
1870 1610 2721 1662 den Ehestand. In der Nacht vor dem „Hoch¬
963 1631 1816 1691 so viel guten Appetit auf Sachersche Schnitzel
1867 1659 2724 1706 zeitsmorgen" nimmt er sich die tempera¬
963 1667 1828 1746 haben und so graziöselbstverständlich die Treue
1866 1705 2723 1757 mentvolle Ilona von der Redoute nach Hause
966 1711 1333 1770 nicht halten können.
1872 1738 2723 1803 mit. Und al sie ihm anders Tags nur nach
1023 1752 1820 1816 Schatten einer Jugend, die siebzehn Jahre
1863 1783 2711 1848 wildem Kampf den Weg zum Altar freigibt,
959 1784 1809 1858 zurückliegt. Aber sie wird lebendig, sie hebt
1870 1820 2719 1909 ruft sie dem Schlafzimmer ein: „Auf Wieder¬
963 1847 1813 1909 ihren unverblühten Kopf. Annies Rausch¬
1871 1863 2165 1950 sehen!" zu
956 1890 1817 1941 röckchen von dazumal sind der totalen Jupon¬
958 1927 1813 1993 losigkeit gewichen; Annie fährt heute auch sicher¬
1918 1926 2723 2009 Hier ist die Junggesellen Komödie
956 1978 1815 2029 lich nur noch Auto, das es damals noch nicht
1866 1984 2717 2060 Anatol zu Ende. Sie ist rund, abgeschlossen, und
959 2015 1813 2086 gab; — sonst ist sie aber so zwanzigjährig wie
1862 2031 2716 2098 läßt doch einen Blick in die Ferne zu. Anatol
951 2070 1811 2118 einst. Sie ist ein Typ, der bleiben wird, so lange
1858 2071 2725 2135 der Ehemann. An den hat Schnitzler in
951 2100 1811 2161 es eine Jugend gibt, die das Leben leicht und
1860 2125 2719 2178 siebzehn Jahren nicht gedacht. Wohl die Trivia¬
951 2147 1811 2206 die eingebildeten Schmerzen nur so lange ernst
1858 2171 2681 2212 lität abgegraster Ehebruchsthemen scheuend.
958 2201 1809 2253 nehmen wird, als es die alles heilende Zeit,
1856 2208 2719 2276 Das Lessingtheater hat nun das Bestehende
951 2248 1815 2292 oder die alles belächelnde Ironie eines innerlich
1860 2256 2728 2312 gründlich angefaßt. Nicht ganz im tändeln¬
951 2281 1805 2336 unbeteiligten Beobachters — Max heißt er bei
1866 2299 2712 2350 saloppen Stil der Stückchen war deren Dar¬
959 2324 1801 2405 Schnitzer — nicht als ein holdes Nichts ent¬
1863 2346 2713 2412 stellung, die allerlei Süßes und Mild=Graziles
962 2361 1070 2437 hüllt.
1860 2383 2040 2440 verfärbte.
1917 2418 2709 2495 Fehlt aber auch die beglückende Ausgelassen¬
995 2413 1811 2501 Dafür, daß Brahm eine Wiederbegegnung mit
1855 2471 2709 2532 heit einer Hansi Niese für Annies Souper¬
954 2488 1805 2550 Anatol und Max, mit Cora und Bianca, mit
1855 2519 2707 2574 Fidelität, ist auch der Anatol Heinz Mon¬
958 2538 1797 2607 Ilona, Annie und Gabriele vermittelt hat, ge¬
1860 2563 2708 2615 nards zu schwerblütig, posierte Melancholie
950 2589 1803 2644 bührt ihm ein schwerer Kuppelpelz. Er wird
1862 2611 2713 2666 in kratzige Uebellaunigkeit verkehrend, ist auch
952 2632 1797 2695 ihn wohl bekommen, denn die herzliche Vergnüg¬
1860 2644 2705 2707 Emanuel Reicher für die Ironien des May
944 2668 1803 2727 lichkeit, die der entzückende Anatol=Abend erzeugte,
1852 2699 2707 2748 zu philiströs=behäbig, zu plumpunelegant und
951 2723 1803 2779 wird wohl nicht nur den Premierenbesuchern
1855 2737 2711 2795 zu fünfundvierzigjährig, so ist doch durch eine,
951 2768 1809 2829 reserviert bleiben. Die Köstlichkeiten der
1860 2783 2705 2847 sich zu Fröhlichkeiten stachelnde Regie und durch
944 2815 1801 2866 Schnitzlerschen fünf Einakter, die werden, un¬
1852 2830 2709 2876 die komischen Talente einiger jüngerer Schau¬
947 2853 1800 2908 verbraucht und unverblaßt, dem Ergötzungshunger
1856 2866 2709 2935 spielerinnen der Abend zu voller Ergötzlichkeit
944 2900 1804 2963 einer herangereiften Generation üppige Kost
1855 2912 2705 2975 gediehen. Fräulein Somary war ganz sanft¬
943 2941 1797 2995 sein. Brahm hat nichts weiter getan, als eine
1851 2956 2703 3010 bereites Medium, Hilde Herterich ein ent¬
943 2991 1797 3053 einfache Sache ausgeführt, die nur die Winzig¬
1852 2994 2703 3059 zückend vergeßliches Zirkusmädel, und Frau
948 3022 1793 3098 keit von siebzehn Jahren von niemand gemacht
1855 3038 2705 3102 Irene Triesch, deren fein parodistisches
940 3075 1799 3143 worden ist. Schnitzlers Anatol-Einakter sind
1854 3084 2701 3145 Können nur zu selten vor Aufgaben gestellt ist,
938 3109 1800 3188 öfter einzeln gegeben worden, etwa um Hansi
1852 3133 2704 3206 gibt der Ilona ein glaubhaft ungarisches
938 3161 1800 3216 Nieses inzwischen ganz der Operette verschrie¬
1858 3161 2013 3222 Naturell.
938 3202 1797 3278 bene Humore himmlisch zu belichten, oder sonst¬
1899 3187 2701 3278 Die Ueberraschung heißt: Mathilde
939 3249 1799 3305 wie um einen Abend, der einer dreiaktigen
1848 3236 2701 3312 Sussin. Sie war die Annie; sehr amüsant
944 3295 1803 3354 Fadesse gehörte zu füllen. Sie einmal ganz
1847 3302 2695 3369 beschwipst, sehr drollig unmanierlich. Aber die
939 3345 1793 3400 allein für sich sprechen zu lassen, darauf war
1848 3349 2705 3404 Leistung an sich ist weniger überraschend als die
942 3381 1793 3460 bis heute niemand gekommen. Und wenn ich
1846 3389 2696 3446 Tatsache, daß eine Darstellerin so verwegener
942 3436 1799 3482 nicht irre, ist nur geschehen, weil zur
1846 3442 2704 3498 Lustigkeiten jahrelang griesgrämige Mütter und
1847 3471 2695 3523 allerhand andere bejahrte Weiblichkeit zu ver¬
931 3467 1793 3532 Aufführung de gungen Medardus der Mut
1844 3519 2691 3582 Körpern hatte. Sind solche Irrtümer möglich?
951 3514 1789 3597 ehlt und der digende Dichter irgendwie ent¬
1839 3576 2695 3640 Es geht wohl nichts über den „Blick der
939 3557 1308 3633 schädigt werden soll.
1839 3592 2155 3678 Denkenden ....
2277 3621 2681 3734 Norbert Falk,
989 3637 1791 3703 Nun, die Entschädigung darf er sich ge¬
944 3684 1793 3758 fallen lassen. Die fünf Anatol-Szenen fügen
931 3738 1791 3800 sich zu einer runden fünfaktigen Komödie. Die
944 3777 1788 3847 Beiber wechseln, Anatol und sein Freund Max
940 3823 1792 3890 sind das Beharrende. Der posierende Viveur
936 3876 1788 3934 Anatol, der sich die Rolle des Herzenzertreters
932 3920 1778 3974 andichtet, ist immer nur ein naiv betrogener
936 3962 1778 4021 harmloser Betrüger; und wenn er im ersten
932 4006 1789 4060 Stückchen, der „Frage an das Schicksal,
927 4049 1785 4110 zu feige ist, die hypnotisierte Geliebte zu fragen,
929 4099 1769 4161 ob sie ihm treu sei, weil er die verneinend
