3344 4224
493 122 641 202 to
1234 126 1598 223 box 9/5
119 115 435 230 4.9. A.
561 1040 1691 1108 Blutrote, runde Lampions zitterten als Deckenbeleuch¬
1781 1026 2911 1123 „Ah, — dort flirtet ja der interessante E.... mit der
504 1090 1691 1148 tung wie lohende Vollmonde über ihnen. Die Menge schob
1717 1101 2904 1162 kleinen Waldenburg," hörte sie eine ganze Weile später einen
511 1141 1684 1220 sich an ihnen vorüber. Hier und da sah sie bekannte Ge¬
1717 1152 2145 1224 ihrer Begleiter sagen.
25 1134 471 1242 fen.
511 1188 1684 1245 sichter. Sie erschienen ihr heute wie Schatten aus einen
1778 1180 2476 1270 Sie blickte zerstreut auf. Wirklich,
2516 1180 2911 1274 da ging er mit ihr
29 1213 479 1285 großen Festestrubel an
511 1234 1688 1288 früheren Leben. War sie das noch, sie, die sich so stolz von
1709 1231 2908 1317 vorüber, Arm in Arm. Sein Gesicht war zu ihr hinabge¬
22 1285 2915 1368 ckten Wand. Und so der Welt verschlossen, in sich selbst zurückgezogen, um ihrer neigt und eine innere Erregung, die wenig zu seiner sonstigen
32 1317 471 1396 in etwas zusammen-
504 1328 1184 1404 heimlichen Wunden willen . . . .
1706 1342 2908 1411 undurchdringlichen Gesellschaftsmaske stimmte, prägte sich
561 1353 2256 1457 Und jetzt stand sie wie gebannt und lächelte diesem auf seinen Zügen aus...
32 1389 471 1472 und ich liebe sie nicht
504 1389 763 1486 Fremden zu
1771 1432 2904 1501 Die Geigen kreischten plötzlich so verletzend auf. Die Aus¬
29 1457 475 1511 in ihrer Lügen willen.
558 1429 1688 1519 Weshalb gelang es ihr nicht zu lügen? Weshalb wurden
1720 1468 2908 1544 gelassenheit der Menge in ihrer schreienden Gewöhnlichkeit
43 1501 471 1576 den größten Reiz des
497 1483 1688 1583 ihre Blicke zu Liebkosungen, — da doch jede Frau sonst ein
1713 1537 2908 1591 beleidigte sie. Es war ihr, als ob ihr Herz ganz fest zu¬
493 1547 993 1616 lebende Lüge sein sollte?
1717 1569 2199 1637 sammengedrückt würde,
2249 1573 2904 1641 ein rasender physischer Schmerz.
58 1573 479 1666 für eine Eigenschaft,
569 1583 1688 1655 Es war ihr, als ob sie sich verstecken müßte, als ob jeder
43 1634 176 1695 muß?
1781 1630 2901 1717 Sie bat um einen Wagen und fand sich erst zu Hause
493 1623 1688 1699 Vorübergehende die jubelnde Begleitmelodie der Faschings¬
1709 1655 1857 1738 wieder
68 1663 263 1742 fragte er.
493 1691 1684 1767 musik in ihren Augen lesen könnte: „Du . . . ge... fälls
1763 1709 2908 1785 Lange lag sie im Halbdämmern und sah verlorenen
29 1709 1393 1796 ten sogar für sehr viel ... mir,... du gefällst mir
1713 1760 2908 1825 Blickes der Kerze zu, wie sie sich allmählich in Wachszähren
558 1745 1677 1835 Sie empfand Scham darüber, wie bei einer Bloßstellun¬
1709 1821 2904 1886 zertropfte. Und ihr träumte schließlich .... sie weinte
29 1792 464 1904 ein dieser Ausspruch.
493 1796 1688 1893 ihrer Seele, ihres Körpers..... und konnte doch nicht
1713 1861 1879 1925 mit ihr.
486 1868 1141 1933 anders, als die Wahrheit sagen.
43 1882 475 1972 schluchten laut auf,
1771 1882 2904 1969 Sie erwachte, da man ihr die Post brachte, einen ganzen
554 1875 1684 1979 „Ich liebe das Unvorhergesehene", hörte sie seine Stimme
22 1951 468 2022 der Glückstaumel oder
1713 1947 2904 2033 Haufen von zu erledigender Arbeit. Der Tag stieg fahl und
500 1954 1684 2015 jetzt sprechen, „und wie gut für mich! Wenn man sich nun
25 2005 1684 2069 los der Menge preis an eines jener schlangenfalschen, reizenden Geschöpfe bände!
1706 2012 2821 2084 grau herauf, ein Tag wie ihr Dasein, ihre Erinnerungen
29 2044 475 2116 ng und jauchzte heim¬
497 2044 1972 2102 Treue.... gibts ja gar nicht! Und die Untreue allein er ihre Zukunft
47 2094 475 2166 in ihrer Seele, — in
500 2098 1684 2156 möglicht mir ein so eingehendes, interessantes Studium der
1767 2076 2883 2163 Die verlebte Faschingsnacht schien Jahre lang hinter
486 2138 2832 2238 verschiedenartigsten Frauentypen! Was habe ich meinen Con= zu liegen. Sie verhöhnte sich ob ihrer jungen Phantasie,
29 2152 457 2242 eiten Male gegen¬
493 2188 1522 2267 fesseurs schon alles beichten können und — müssen!
1706 2192 2893 2256 sie, eine Frau in dem Alter, von dem nur der durch die Gunst
25 2220 482 2282 te und kannten sich
583 2231 1148 2303 „Männlichen oder weiblichen?
1699 2242 2893 2296 der Frauen so verwöhnte Prévost behaupten konnte, daß es
22 2267 475 2350 senn ihr Wirkungskreis
554 2278 990 2346 lichen natürlich.
1702 2292 2893 2357 dem Mann das reizvollste und interessanteste des Weibes
1717 2332 1933 2415 sei.....
558 2307 1681 2415 „Würden Sie auch mich zu diesem vertrauenheischenden
14 2332 777 2447 der. Und ihr, deren Amte zulassen
1763 2357 2785 2447 War sie denn toll gewesen mit den Tollen zusam¬
25 2404 471 2469 nen Leben so weit zu
561 2393 910 2487 „Mit Vergnügen.
1699 2404 2800 2490 Hatte sie nicht fast ebenso intensiv gefühlt, wie damals
22 2447 468 2516 nntnis ein Reiz mehr
565 2444 1159 2523 Er verneigte sich zustimmend.
1709 2454 2904 2537 Und diese ganze Skala der Liebe in wenigen Stunden. von
25 2501 471 2562 Märchen, dem nahe zu
551 2498 2893 2584 Und sie sah sich im Geiste im tête à tête mit ihm. Dämmer dem ersten beginnenden Glückesahnen bis zu der grausamen
32 2537 464 2598 süße, zehrende Unrast
493 2555 1684 2627 stunde natürlich. Draußen mußte dichter Schnee nieder¬
1709 2570 2893 2623 Folter des Beiseite geschobenwerden! Und das um eines
25 2595 464 2649 nachzurufen vermocht
497 2616 2893 2681 flocken. Oder phantastische Nebelgebilde schwanken. Das Fremden willen, w. dem sie nicht einmal wußte, ob er nicht
270 2634 468 2710 Was ließ
76 2634 227 2685 seit
1706 2670 2552 2735 nur ein geistreicher Salonheld sei. . . . .
493 2659 1681 2713 Zimmer durfte nur durch ein Kaminfeuer erhellt sein....
32 2652 299 2735 geheimnissen?
489 2710 1681 2771 eine Teemaschine summte.... Irgendwoher tönte aus
1767 2703 2897 2778 Welche Glück, daß es nur ein Intermezzo gewesen in ihrem
32 2706 461 2789 Worte, aber sie faßt
486 2753 2570 2829 einer oberen oder unteren Etage eine Chopinsche oder Grieg, ernsten, großen Interessen geweihten Leben.
61 2767 457 2829 Ihre Seele schwang
486 2796 1688 2861 sche Melodie abgerissen her..... ihre Gesichtszüge ver¬
14 2803 457 2879 enden Wiener Melodi¬
1763 2807 2897 2883 Und sie setzte sich und beschrieb die Stimmung dieser Nacht
493 2843 2893 2937 schwammen im Zwielicht .... und er beichtete... ganz und sandte sie dem Helden ihres Intermezzo mit einigen
18 2861 464 2915 en? Und von Anatol?
486 2897 1673 2980 absonderliche Geschehnisse .... Eindrücke .... klein¬
22 2901 461 2973 die Verkörperung des
1706 2904 2893 2965 geistreich ironisierenden Dankesworten für die Anregung zu
486 2933 781 2994 Novellen
14 2947 464 3016 llte sie sich sonst auch
1699 2958 2890 3016 dieser Skizze und für die Erkenntnis, die ihr bei der Ab¬
551 2944 1684 3041 „Würden Gnädige mich entschuldigen . . . . für einen
14 2991 461 3063 ne Ansichten über die
1709 2998 2893 3066 fassung gekommen, daß auch sie virtuos zu lügen verstände.
486 3016 1688 3084 Augenblick.... ich sehe da alte Bekannte...." seine
14 3037 464 3106 Die ihren. Sie hätten
1767 3048 2893 3135 Dann packte sie eine Abschrift ein und adressierte sie an
489 3066 1677 3135 Blicke, die suchend durch den Saal geglitten, schienen einen
11 3073 461 3153 de liebenswürdige, viel¬
1695 3077 2202 3163 eine Zeitungs=Redaktion.
493 3109 1252 3178 festen Punkt gefunden zu haben. . . .
18 3127 464 3188 der Sprechweise, seine
1760 3127 2893 3214 Denn es ist nach Schnitzler mit die größte Tragik des
547 3145 1670 3232 Der Menschenstrom trennte sie voneinander. Sie tra¬
32 3170 461 3235 der Abenteuer, die er
1699 3170 2893 3257 Schriftstellers, daß er seine Seelenschmerzen zu Markt tragen
486 3181 1501 3286 mit ihrer früheren Gesellschaft zusammen......
18 3210 407 3278 sie gefangen nahm,
1699 3242 2893 3336 und verkaufen muß, — um 10—20 Pfennige die Druckzeile.
22 3268 464 3336 rer Unlogik dieser Art
