3484 4256
353 188 777 261 4.9. Anat
1076 195 1262 301 ku
1476 197 1820 289 box 9/2
857 201 1030 297 -
900 942 1263 1073 29. 1. 1918
734 1080 1438 1184 scher Courier, Nürnberg
869 1249 1528 1343 Theater und Musik.
899 1316 1522 1411 leiter innstille.
762 1382 1709 1451 G. Nürnberg, 27. Januar. Die gestrigen Auf¬
703 1438 1719 1497 führungen aus Schnitzlers „Anatol" fingen
696 1486 1716 1549 gut und vielversprechend an. Die kurze Dialogszene
696 1534 1716 1590 „Weihnachtseinkaufe" am heraus, wie es sich gehort:
684 1574 1724 1622 Leicht und sein skizziert, anspruchlos, aber liebens¬
696 1617 1716 1663 würdig unterhaltend und voll int mer Reize. Fräulein
693 1657 1709 1717 Hassenberg entsprach dem allen durchaus, sie brachte
688 1705 1713 1762 zur Gabriele alles mit, was dazu gehört, und sah vor
690 1750 1707 1799 allem recht vorteilhaft aus. Auch Herr Rotmund ge¬
703 1792 1704 1839 fiel mir hier, in diesem ersten Stuck, noch recht gut
696 1832 1708 1886 Im zweiten Einakter, der „Episode", fiel er ab. Aber
693 1874 1709 1930 nicht bloß er die ganze Darstellung tat es. Gewiß
700 1921 1705 1974 — schlecht war sie nicht eben, nur hart, hölzern eckig
690 1961 1707 2005 Das aber will bei Werken von solch graziler Struktur
696 2007 1708 2062 schon viel heißen. Es fehlte der hier unbedingt
690 2047 1716 2098 nötige Schmiß. Frl. Steuermann kann nicht flirren,
703 2096 1711 2151 schillern, glitzern. Unwillkürlich muß man wieder an
700 2135 1707 2193 Frau Olly denken — und an Schindler. Schindler
693 2171 1707 2230 war der geborene Anatol. Herrn Rotmunds Anato
696 2216 1709 2281 war zu sehr auf einen Ton gestimmt, und zwar auf
693 2263 1716 2320 einen zu tiefen, zu dunklen. Seine Auffassung von
696 2308 1709 2350 der Rolle mag allerdings richtig sein, aber in die
696 2348 1716 2401 Praxis umgesetzt wirkt sen Anato langweilig. Ziem¬
700 2398 1716 2454 lich ganz daneben geriet schließlich das „Abschieds¬
703 2435 1716 2492 souper". Man hatte schlecht gelernt und mußte daher
703 2484 1709 2536 schwimmen. Oft schen es mir, als ob aus dem
696 2524 1708 2571 Stück etwas ganz Neues werden wolle. Was heraus¬
703 2567 1716 2620 gehoben gehört hätte, ging in der allgemeinen
703 2608 1716 2662 Wurstelei unter, und umgekehrt kom Nebensächliches
700 2651 1709 2701 viel zu stark unterstrichen heraus. Dazu wurde natür¬
705 2696 1701 2754 lich auch hier wieder zu grob gespielt, faustdick aufge¬
703 2750 1400 2805 tragen, besonders von Frl. Heinlein.
770 2761 1713 2830 Die szenische Ausstattung konnte man in allen drei
693 2825 1780 2888 Stücken gelten lassen. Herr v. Gordon hatte die Spiel¬
1735 1207 2736 1308 leitung. Das gut besetzte Haus schien von den darge¬
1732 1293 2303 1362 botenen Leistungen befriedigt.
1811 1377 2659 1489 en una
2296 2163 2959 2286 St. Pöltner Zeitung
2017 2328 2993 2424 „Anatole von Arthur Schnitzler. Die bekannten, oft
1927 2392 2988 2453 und mit Erfolg gekter Schnitzlers, Bilder
1924 2443 2985 2493 meist heiterer, doch auch wehmütiger Art aus dem Leben
1927 2481 2982 2531 eines geistreichen Wiener Lebemannes. Herr Leop. Kramer
1927 2513 2988 2569 vom deutschen Volkstheater in Wien, der Virtuose in der
1924 2551 2986 2611 Darstellung eleganter Lebemänner, war natürlich Anatol;
1926 2584 2984 2657 keine Pointe, keine Feinheit des geistsprühenden Schnitzler¬
1928 2624 2986 2690 schen Dialogs entging ihm. Herr Direktor Höller war ein
1931 2673 2992 2719 gleich gewandter Max. Das Zusammenspiel der beiden her¬
1923 2712 2981 2773 vorragender Künstler war von tadellosester Exaktheit. Frl.
1919 2747 2981 2807 Seibert war eine anmutige Cora, Frl. Romani eine
1917 2793 2982 2844 elegante Gabriele Frl. Mann gab die Annie temperament¬
1916 2832 2986 2885 voll, drastisch und doch außerordentlich dezent, Frl. ser
1927 2861 2984 2912 brachte die kleine Rolle der Bianka zu bester Wirkung und
1923 2894 2981 2971 Frl. Rotter war eine vorzügliche Ilona. — Leider machten
1920 2946 2984 3002 einige Theaterbesucher durch empörend rüdes Be¬
1920 2982 2981 3040 nehmen sich in so widerlicher Weise bemerkbar, daß der
1915 3020 2978 3070 größte Teil des Publikums wider diese un qualifizierbare
1920 3046 2974 3111 Roheit entrüstet Stellung nahm; freilich war durch diesen
1919 3089 2981 3175 Zwischenfall dieser Theaterbesucher der sonst so schöne Abend
1912 3128 2278 3197 gründlich verdorben.
