3392 4256
1353 189 1719 289 box 8/6
231 176 776 289 4.9. Anatol
885 189 1161 292 Zyklu-
1712 853 2270 930 zwei Jahren beschieben, den
1722 904 2985 975 redten Lobsprüche, die man ihm zollte, aus innerstem, wahrstem Her¬
1712 959 2995 1010 zen kamen. Es ist eine alte Wahrheit: je weniger jemand bedeuten
1719 997 2991 1048 will, desto mehr bedeutet er bei den anderen. Das traf auch auf ihn
1728 1039 2985 1087 in vollem Umfange zu. Aeußerlich ein stilles Leben führend, war er
1719 1074 2991 1125 reich an inneren Gaben. Ueber alles und jedes konnte man mit ihm
1731 1116 2988 1161 sich unterhalten. Eine besondere Freundin war ihm die Musik, sein
1719 1154 2991 1199 Trost und seine Stärke in trüben Stunden, und Leid blieb ihm nicht
1715 1196 2995 1241 erspart. Der einzige Sohn wurde ihm entrissen, schwere Krankheit
1722 1254 3001 1334 Ballerinen, deren Hauptnahrung Austern und Sekt bilden, bald
1725 1321 2998 1375 Damen der großen Welt, die zufällig schon einem anderen gehören¬
1725 1359 2998 1414 bald verlorene Kinder, die nur Unsterbliche mit feurigen Armen zum
1735 1408 2998 1462 Himmel erheben, — kurz alle Welt, soweit sie weiblich und vornehm¬
1728 1449 2036 1510 lich Halbwelt ist.
1818 1475 3001 1558 Wer ertrüge diesen unsauberen Reigen, diesen halbkomischen
1725 1542 3004 1597 Totentanz der Liebe, wenn Schnitzler seinem Anatol nicht etwas von
689 1549 1670 1658 Neues Schauspielhaus.
1731 1590 2995 1645 seiner eigenen Seele mitgegeben hätte. Anatol ist nämlich eine Ar¬
1728 1629 3007 1686 Dichter, oder sagen wir gerechter: ein Dichterling. Und darum
510 1613 1686 1719 Anatol von Arthur Schnitzler.
1731 1677 3004 1728 sieht er die Weibchen nicht wie sie sind, sondern wie er sie
513 1680 1699 1767 Dramatiker, verzaget nicht! Es kann vorkommen, daß ein be¬
1731 1715 3001 1773 sehen möchte. Er adelt sie kraft seiner Phantasie; es sind
430 1735 1703 1805 schränkter Bucherfolg nahezu zwanzig Jahre braucht, um ein großer
1738 1767 3011 1818 silberne (bisweilen auch recht irdene) Schalen, in die er goldene Früchte
430 1805 3007 1863 Theatererfolg zu werden. Schnitzlers „Anatol beweist es. Dieses legt. Wer in den Zauberborn seiner Stimmung hinabtaucht, erhält
423 1837 1703 1898 Bändchen dialogisierter Plaudereien, die jetzt überall Kasse machen,
1735 1853 3007 1905 dort Eigenart, Farbe, Form, Geist von seinem Geist. Seine Träume
433 1876 1712 1930 erschien bereits im Jahre 1892 und wurde damals eigentlich nur
1728 1901 2995 1953 geben den Gefallenen ihre Jungfräulichkeit zurück und sprechen die
433 1917 1703 1972 von der literarischen Jugend beachtet, weil es selbst aussah wie eine
1731 1943 3011 1994 jenigen heilig, die in seinen Armen gelegen... Natürlich ist der
430 1962 1699 2020 Kundgebung jener Jugend, die noch nichts besitzt, aber die Möglich¬
1735 1981 3004 2036 Weibsnarr in dieser Reinkultur eine Seltenheit, vielleicht sogar eine
423 2001 1706 2058 keit hat, alles zu erwerden. Ein junger Wiener Arzt, rannte man
1731 2023 3001 2074 Unmöglichkeit. Aber Anatol ist auch gar kein Personen¬
430 2058 1699 2107 sich in den Cafés zu, hat dieses kecke Buch geschrieben und ein noch
1731 2074 3004 2123 sondern ein Sammelname, ein Begriff. Man könnte sagen, daß alle
430 2097 1703 2148 viel jüngerer Dichter namens Hugo von Hofmannsthal, der seine
1738 2119 3004 2174 Männer etwas von Anatol an sich haben — ebenso freilich wie
433 2132 3004 2209 Gymnasiastenstreiche hinter dem Pseudonym „Loris" versteckte, hat es von seinem Gegenbilde, dem nüchternen, skeptischen, spöttischen Freunde
430 2183 1709 2238 durch ein entzückendes Altwiener Gedicht bevorwortet. Wer in jenen
1735 2203 3001 2260 Max, dem Mephistopheles dieses Faust, der ein so großer Realist ist
430 2232 1699 2289 Tagen der Entdeckerfreude selber jung war, hoffte und ahnte —
1731 2251 3011 2302 und die Dinge nimmt, wie sie sind. Wir alle sind ein Produkt von
430 2267 1709 2328 nein, wußte, daß hier Verheißungen vorlagen, die die Zukunft
1731 2292 3001 2344 Anatol plus Max, nur in tausenden Abwandlungen. Wobei Max
433 2328 3004 2401 einmal glänzend einlösen würde. Zwar auch das wußten wir, daß mehr die Jahre der Reise, Anatol die haltlose, schweifende Jugend
430 2353 1703 2414 „Anatol" kein Drama war; es waren nicht einmal Dramolets,
1731 2376 1972 2443 repräsentiert.
442 2395 1699 2459 sondern nur sein pointierte Abenteuer eines Wiener Viveur¬
1824 2395 3007 2475 Die sieben nahverwandten Anatolchen des Buches hielte man in
430 2443 1709 2501 mit höchst ergiebigen Gesprächen über das unerschöpfliche Thema,
1744 2462 3001 2527 szenischer Auseinanderfolge nicht gut aus, daher ist die Beschränkung
430 2491 1709 2555 Aber wie war das alles gemacht oder, da man dergleichen nicht
1731 2504 3004 2559 der Aufführung auf fünf sehr zu loben. Gleich der erste Einakter
430 2536 1661 2594 macht, wie war es alles glücklich konzipiert und niedergeschrieben:
1741 2559 3004 2610 Die Frage an das Schicksal, versetzt den Hörer durch
770 2584 1263 2642 Die Komödie unsrer Seele,
1738 2597 3007 2645 seine Neuartigkeit in die beste Stimmung. Anatol zweifelt an
766 2626 1411 2700 Unsres Fühlens Heut und Gestern,
1735 2632 3004 2690 der Treue seiner Cora; er versetzt sie in hypnotischen Schlaf
766 2677 1302 2732 Böser Dinge hübsche Formel,
1731 2687 3011 2735 und hätte nun „eine Frage frei an das Schicksal". Aber, wie
766 2716 1279 2761 Glatte Worte, bunte Bilder,
1731 2725 3004 2780 die Menschen einmal sind, hat er die schönen Illusionen doch
760 2738 1408 2822 Halbes, heimliches Empfinden ...
1738 2767 3001 2825 lieber als die Wahrheit und — läßt das Schicksal ungefragt.
526 2786 1709 2870 So viel leise Gedachtes und Gefühltes hatte hier seine Sprache
1738 2809 3007 2870 Er tut recht daran, denn als Cora aufwacht, ist sie voller Unruhe,
436 2850 3001 2914 gefunden. Eine Sprache, die deutschen Klang, aber französischen daß sie im Schlaf etwas aus der Schule geplaudert haben könnte.
439 2895 1706 2950 Rhythmus hatte. Ein heikler Vorwurf war ohne jede Frivolität be¬
1738 2898 3001 2950 Die „Weihnachtseinkäufe sind vielleicht das bühnen¬
1738 2940 3004 3001 schwächste, poetisch aber stärkste Stücklein des Zyklus. Es spielt
439 2943 1706 2995 handelt worden, mit einer wohlerzogenen Zurückhaltung und Grazie,
430 2985 1709 3043 die die Galanterie der Rokoko=Kavaliere wiederaufleben ließ. Dieser
1738 2985 3004 3040 mitten auf der Straße. Anatol will ein Angebinde für seine Ge¬
436 3027 1706 3088 Vollblutwiener sprach nicht nur „fast wie ein Franzos", er tat es auch den
1741 3030 3004 3084 liebte kaufen, und Frau Gabriele, die flirtende, aber tugendstrenge
1738 3078 3004 3133 Weltdame, bietet ihm mit nur schlecht maskierter Eifersucht ihre Hilfe
446 3078 1709 3133 besten gallischen Meistern an Esprit und Geschmack gleich, mochte man
446 3120 1703 3171 nun an Musset, Prévost, Lavedan, Hervien oder Mirbeau denken
1741 3120 3004 3177 dazu an. Sie läßt sich von dem „süßen Mädel" erzählen,
436 3161 3004 3213 Und dazu war sein Held, dieser Schlingel von Anatol, ein immer von dem wir hier zum ersten Mal in der Literatur einen
1744 3203 3007 3267 förmlichen Steckbrief erhalten, wird darüber sehr nachdenklich
442 3203 1706 3258 hin neuer Typ, mit seinen schlanken Dichterhänden aus dem Nichts
449 3251 1712 3309 der Einbildungen geholt und gestaltet. Ein sobistischer Don Juan:
1738 3245 3001 3306 und überreicht ihm schließlich ihre Blumen als Geschenk für die
449 3286 1706 3351 in sinnerlicher, halb schwermütiger, halb leichtsinniger Weibernarr
1731 3299 3004 3347 Glückliche mit den Worten: „Sagen Sie ihr, diese Blumen, mein
449 3331 2998 3389 der nie zur Liebe fähig, stets aber zur Liebelei aufgelegt ist, der süßes Mädl, schickt Dir eine Frau, die vielleicht ebenso lieben kann,
452 3379 3001 3440 mmer neue Amouren sucht und in jeder nur eine neue wie Du, und die den Mut nicht dazu hatte!" Also ein Stück der
455 3421 1712 3479 Enttäuschung findet. Er leidet an einer ständigen Herzens¬
1738 3431 3004 3479 Sehnsucht, das doppelt wohltut in diesem Milieu allzu rascher Er¬
452 3463 1703 3520 ntzündung. Die Krankheit ist chronisch, aber ihre Ursachen wechseln
1744 3469 3011 3527 füllungen. „Episode" ist eine reizende Ironie auf den Mann,
458 3517 1709 3569 bald sind es jene bescheidenen Mädeln, die in der Stadt geliebt
1738 3511 3036 3562 dessen Siegereitelkeit sich einbildet, einen unauslöschlichen, enigen
465 3559 3014 3610 and in der Vorstadt geheiratet werden, bald Zirkusreiterinnen und Eindruck auf „Sie" gemacht zu haben, und nun zu seinem Leidwesen
