3248 4256
80 172 596 268 4.9. Anatol
1199 174 1559 268 box 9/5
730 178 985 275 Zyklu-
1260 586 1528 666 Theater
364 584 581 667 Nr. 1222
391 696 1497 767 Bleibt, als Gewinnst, die Erscheinung der Zofe Dortka: Ger¬
314 745 1506 809 trud Welcker. Lieblich und blond. Der Herrin ergeben in jedem
317 801 1500 846 Blick. Auch in ihren stummen Szenen von belebtem Spiel. Ihre
320 843 1000 911 Stimme klingt immer zärtlich metallen.
410 877 651 976 ter
707 910 1109 988 Ein Schnitzler=Abend.
391 966 1497 1024 Versunkene Westen! Sphäre des Smoking und des Fracks
314 1009 1501 1058 Zärtliche Luft in verschwiegenen Räumen, von sensiblen Gefühlchen
315 1058 1494 1104 geschwängert! Liebeleien, die sich ne Katastrophen lösen! Anatol¬
317 1097 1504 1140 reigen!... Wohin entschwandet ihr, begnadete Stunden, da die
317 1131 1497 1182 Untreue einer Frau zu den schmerzlich-süßesten Erlebnissen gehörte,
317 1168 1497 1222 die dieser Erdball bot? Jetzt ist da alles .. wenn auch nicht aus¬
317 1214 1504 1259 gelöscht aus suchenden, irrenden Menschenherzen, so doch gemach in
314 1254 1501 1299 die zweite und dritte Linie gedrängt, und das Theater in der
325 1293 1503 1339 Königgrätzerstraße hat das Verdienst, uns ein Märchen der
323 1333 1497 1378 Wirklichkeit zu zeigen, wie es war und wie es, ach einstmal, wieder
320 1375 1503 1419 sein wird, indessen uns allen die Faust der Kriegsfurie brutal am
311 1409 562 1467 Kragen stand.
394 1431 1507 1500 Man sah also drei Stücke aus dem „Anatol", durchweht von
314 1488 1503 1532 der heiter melancholischen Atmosphäre verliebter Jugend; Dialoge, denen
317 1532 1506 1578 Schnitzler das Arom überlegener Ironieen gab, auch wenn da und
323 1567 1500 1614 dort eine winzige Spitze sich zeigt; auch wenn zuweilen ein schrillerer
323 1610 1207 1660 Ton die verdeckte Leidenschaft der Partner enthüllt.
352 1630 1497 1696 „Denksteine“ und „Frage an das Schicksal" haben ein Gemein¬
323 1688 1500 1737 sames; die Eifersucht im männlichen Herzen, und es werden darin
320 1729 1494 1770 mit leichten Gesten tiefgründige Wahrheiten dargetan; Sätze gesagt,
314 1770 1501 1816 die die Wechselbeziehungen der Geschlechter scharf durchleuchten, auch
320 1801 1500 1856 wenn sie beiläufig in harmlosem Zwiegespräch entstehen. Der Reiz
320 1847 1500 1892 der „Schicksalsfrage, darin ein junges Mädchen hypnotisiert wird,
314 1883 1501 1932 um ihre wahren Gefühle selbst zu verraten, besteht eben darin, daß
317 1926 1500 1971 diese Frage von dem verliebten Anatol schließlich nicht gestellt wird
325 1963 1494 2011 sondern daß er, nach wahrhaft titanischem Ringen, ein Mädel auf¬
320 2006 1497 2047 weckt und, wie es mit ihrer Treue auch bestellt sei, von neuem ge¬
314 2044 1497 2087 rührt in die Arme nimmt. Die „Denksteine" gehen um einiges
323 2087 1500 2131 tragischer aus, denn in ihnen zeigt sich, daß die Frau, die Anatol
323 2121 1500 2168 aus tiefer Sphäre hob, ihr Kokottentum doch nicht ganz verlor; daß
323 2161 1497 2212 sie nicht fähig war, sich von einem kostbaren Stein zu trennen, ob¬
317 2203 1500 2246 wohl sie es versprach; daß die Schminke der Gefühle von ihrem
323 2237 1497 2284 Antlitz fällt, als Anatol den Stein ins Feuer wirft, und sie, wieder
314 2281 1501 2326 Dirne ganz, mit gierigem Schrei zum Ofen stürzt. Da aber Analo¬
325 2319 1498 2363 entschlossen war, gerade diese Frau zu seinem Weibe zu machen, und
325 2356 1503 2412 da wir ihn doch noch weiter als Liebhaber erleben wollen, verliert
320 2396 1497 2446 auch die „Denkstein"-Episode ihren tragischen Akzent, und wir sehen,
320 2432 1507 2476 im „Abschiedssouper", den Falter Anatol bereits von einem anderen
320 2475 1500 2516 Blumenkelch sich lösen, um zu neuen Blüten zu segeln. Das Mädel
320 2515 1494 2561 vom Theater, das Annie heißt, in Uebermut und Sektlaune tolle
323 2555 1506 2599 Kapricen schlagend, war von jeher eine ergibige Rolle für viele
325 2592 1503 2638 Schauspielerinnen. Die ganze Stimmung über dem Stück ist wie von
323 2637 1500 2674 Sektbläschen durchsetzt, und das lockere Bündnis zwischen Annie und
321 2669 1503 2726 Anatol geht in die Brüche, ohne daß auch nur eine einzige Träne fiele.
379 2712 1497 2760 „Literatur“ ist von derberer Art. Satirisch schärfer durchsetzt.
323 2742 1506 2805 Voll Witz und sanfter Bosheit. Die Typen karikiert. Sowohl der
317 2788 1504 2854 des münchener Literaten als auch der des adligen Sportsmannes.
323 2828 1061 2895 Eine kleine Komödie von scharfem Schnitt.
403 2857 1503 2920 Eugen Burg spielte in den ersten drei Stücken den Anatol;
323 2901 1503 2959 in „Literatur“ den Clemens. Er steht schon einigermaßen jenseits
323 2947 1506 2999 des Jünglingtums und gab darum seiner Gestalt eine reifere Note.
323 2992 1506 3033 Er war ganz überlegener Genießer, der kaum aus den Angeln zu heben
320 3027 1507 3084 ist; alle seine Gesten waren leicht, sein Ton gedämpft. Ein Anatol,
323 3066 1503 3109 wenn auch nicht vorbildlich, so doch in seiner gesicherten Ruhe acht¬
323 3103 1504 3163 bar und wirksam in jeder Phase Den Clemens gab er strohblond,
438 3145 1509 3201 nig steifbeing; von sanfter Beschränktheit des Gemüts; mit
447 3187 1367 3231 em Ton. An zahlreichen Stellen erschütternd komisch.
450 3206 1506 3270 exander Ekert als Max, des Anatol Freund, war der
459 3267 1503 3314 der seiner Gestalt die wienerische Nuance lieh, auch wenn er
428 3308 1500 3356 us passiv sich zu verhalten hat. Den Literaten Gilbert in
421 3343 1504 3396 atur" spielte er mit einer struppigen, resoluten Komik. Eine
418 3378 916 3424 rissene Figur, die sehr gefiel.
418 3401 1501 3470 Irene Triesch war einmal, in den „Denksteinen", die Dirne
418 3464 1497 3508 e: zu reif, zu überlegen, zu intellektuell. Die literarische Dame
406 3497 1494 3548 der bunten münchener Vergangenheit gelang ihr besser; sie gab
427 3539 1500 3585 Worten einen spöttischen Unterton, der auch hier wieder be¬
424 3579 1507 3629 daß sie über ihrer Rolle stand, doch war der Eindruck in diesem
367 3618 1497 3670 ck weniger brüchig als zuvor. Unnötig, zu sagen, daß ihre eigent¬
358 3658 993 3716 de Domäne in anderen Breiten liegt.
394 3681 1500 3744 Maria Orska aber war ganz an ihrem Platz als Cora
323 3719 1503 3787 ebenso wie als Annie. Zuerst eine Geliebte von Kultur; von äußerst
317 3777 1494 3832 dezentem Spiel; im „Abschiedssouper", als kleines Theatermädel,
314 3818 1501 3855 von perlendem Uebermut, ungeheurer Eßgier, allmählich einem freund¬
323 3855 1497 3904 lichen Schwips verfallend, den sie mit einfachen Mittel sichtbar macht.
320 3897 1503 3937 Sie verschwand, in einem wirbelnden Finale, aus dem Gesichtskreis
320 3931 840 3991 des verblüfften armen Anatol.
486 3971 1248 4092 ich Ihnen
1846 1546 2041 1619 Wenden!
2160 1544 2580 1651 Räthselte beamten
2714 1568 2912 1642 Wenden!
2564 1641 2880 1723 Telephon 12801
2075 1696 2366 1883 OBSE
1901 1861 2839 1953 I. österr. behördl. konzession. Unternehmen für Zeitungs-Ausschnitte
2003 1926 2739 2011 WIEN I, CONCORDIAPLATZ 4
2228 1990 2504 2061 Vertretungen:
1822 2029 2885 2115 in Berlin, Basel, Budapest, Chicago, Cleveland, Christiania,
1836 2076 2883 2160 Genf, Kopenhagen, London, Madrid, Mailand, Minneapolis,
1824 2125 2882 2182 New-York, Paris, Rom, San Francisco, Stockholm, St. Peters¬
2223 2165 2491 2226 burg, Toronto.
2124 2216 2585 2275 (Quellenangabe ohne Gewähr.)
1818 2253 2846 2324 Ausschnitt aus bener Neueste Nachrichten
2308 2319 2553 2399 München
2097 2342 2258 2432 11
1827 2359 1941 2411 vom
1920 2403 2803 2473 Augsburger Stadttheater. Nach der fast aus¬
1895 2452 2806 2533 schließlich der Oper gewidmeten vorigen Woche be¬
1902 2491 2803 2568 ginnt nun auch das Schauspiel Taten zu zeigen.
1893 2521 2815 2619 Unter Regisseur Heinrich Orells vorzüglicher
1905 2579 2796 2643 Leitung ging — als Novität für Augsburg—
2394 2605 2809 2663 in Szene. Gustav
2219 2620 2362 2683 Mag
1922 2638 2113 2695 ch
1925 2643 2805 2717 Pardall als Gast nach der Darstellung des
1911 2690 2806 2758 „Anatol jene müde, lässige Lebenswahrheit in
1907 2729 2809 2805 Haltung und Konversation, jenen Ernst, der in¬
1908 2754 2809 2833 mitten der komischsten Situationen zu träge und
1911 2794 2818 2870 blasiert, um der Heiterkeit sich hinzugeben, und
1913 2831 2809 2910 jene treffende Mischung von Geist und Einfalt, die
1911 2870 2812 2946 dem Typus des jungen Lebegreises die charakte¬
1917 2910 2808 2984 ristischen Grundlinien zeichnete. Herr Rolf Ran¬
1908 2950 2827 3017 dolf von Münchner Schauspielhaus spielte den
1916 2983 2819 3074 „Max" mit gesunder Lebensfrische; auch die Da¬
1914 3026 2818 3105 menrollet wurden von Hedda Berger, Else
1919 3054 2828 3137 Dohmen, Hildegard Schubert und Frieda
1919 3097 2821 3176 Regnald günstig vertreten. Das Stück erzielte
1923 3132 2808 3212 in der Ausführung so freudigen Beifall, das
1926 3178 2591 3279 eine Wiederholung mit denselben Kräs
1926 3240 2275 3316 tag angesetzt wurde
