<?xml version="1.0" encoding="UTF-8" standalone="yes"?>
<PcGts xmlns="http://schema.primaresearch.org/PAGE/gts/pagecontent/2013-07-15" xmlns:xsi="http://www.w3.org/2001/XMLSchema-instance" xsi:schemaLocation="http://schema.primaresearch.org/PAGE/gts/pagecontent/2013-07-15 http://schema.primaresearch.org/PAGE/gts/pagecontent/2013-07-15/pagecontent.xsd">
    <Metadata>
        <Creator>prov=READ-COOP:name=PyLaia@TranskribusPlatform:version=2.12.1:model_id=39995:lm=provided:date=29_03_2024_01:47</Creator>
        <Created>2019-10-07T11:51:03.828+02:00</Created>
        <LastChange>2024-03-29T01:47:35.462+01:00</LastChange>
        <TranskribusMetadata docId="223994" pageId="9505499" pageNr="350" tsid="156430403" status="IN_PROGRESS" userId="40391" imgUrl="https://files.transkribus.eu/Get?id=VAJEKLSSOQEFVPNLCWICGCVR&amp;fileType=view" xmlUrl="https://files.transkribus.eu/Get?id=GVHLURDJFQXDSWLOTHTOJYHY" imageId="6195713"/>
    </Metadata>
    <Page imageFilename="223994_0350.jpeg" imageWidth="3344" imageHeight="4256">
        <ReadingOrder>
            <OrderedGroup id="ro_1712662536388" caption="Regions reading order">
                <RegionRefIndexed index="0" regionRef="tr_1"/>
                <RegionRefIndexed index="1" regionRef="tr_2"/>
                <RegionRefIndexed index="2" regionRef="tr_3"/>
            </OrderedGroup>
        </ReadingOrder>
        <TextRegion orientation="0.0" id="tr_1" custom="readingOrder {index:0;}">
            <Coords points="286,51 286,2391 1017,2391 1017,51"/>
            <TextLine id="tr_1_tl_1" custom="readingOrder {index:0;}">
                <Coords points="322,106 833,103 882,75 952,91 966,53 641,58 494,33 444,70 323,66"/>
                <Baseline points="328,92 361,93 395,94 428,92 462,92 496,92 529,91 563,89 597,87 630,86 664,85 697,83 731,81 765,78 798,76 832,74 866,74 899,73 933,71 967,71"/>
                <TextEquiv>
                    <Unicode>no mas no le</Unicode>
                </TextEquiv>
            </TextLine>
            <TextLine id="tr_1_tl_2" custom="readingOrder {index:1;}">
                <Coords points="278,155 553,161 969,124 970,93 905,75 833,102 384,119 280,97"/>
                <Baseline points="286,143 320,140 354,139 388,137 423,137 457,137 491,136 526,134 560,134 594,132 629,130 663,128 697,125 731,125 766,125 800,125 834,125 869,121 903,118 937,116 972,116"/>
                <TextEquiv>
                    <Unicode>his friend Max, who serves as philos¬</Unicode>
                </TextEquiv>
            </TextLine>
            <TextLine id="tr_1_tl_3" custom="readingOrder {index:2;}">
                <Coords points="283,197 952,181 971,124 569,158 323,144 284,165"/>
                <Baseline points="289,188 323,185 357,185 391,185 425,185 459,183 493,182 528,182 562,180 596,179 630,178 664,176 698,173 732,173 767,172 801,169 835,167 869,167 903,166 937,163 972,161"/>
                <TextEquiv>
                    <Unicode>opher and analyst, when he is in</Unicode>
                </TextEquiv>
            </TextLine>
            <TextLine id="tr_1_tl_4" custom="readingOrder {index:3;}">
                <Coords points="283,238 969,222 970,178 870,172 284,206"/>
                <Baseline points="289,232 323,232 357,231 391,229 425,229 459,227 493,226 528,226 562,224 596,223 630,223 664,223 698,220 732,218 767,216 801,214 835,214 869,212 903,211 937,210 972,208"/>
                <TextEquiv>
                    <Unicode>the midst of an affaire with Hilda.</Unicode>
                </TextEquiv>
            </TextLine>
            <TextLine id="tr_1_tl_5" custom="readingOrder {index:4;}">
                <Coords points="279,282 958,274 973,223 733,223 672,246 600,222 472,255 280,235"/>
                <Baseline points="286,277 320,276 354,274 389,274 423,274 458,273 492,270 527,268 561,268 596,266 630,265 664,265 699,263 733,260 768,259 802,259 837,256 871,256 906,255 940,253 975,253"/>
                <TextEquiv>
                    <Unicode>Hild is a sweet little, violet-like child</Unicode>
                </TextEquiv>
            </TextLine>
            <TextLine id="tr_1_tl_6" custom="readingOrder {index:5;}">
                <Coords points="285,331 624,313 740,331 814,302 947,311 966,272 286,291"/>
                <Baseline points="292,319 325,319 359,319 393,318 427,316 460,316 494,315 528,313 562,313 595,311 629,310 663,309 697,307 730,305 764,303 798,301 832,301 865,301 899,300 933,297 967,295"/>
                <TextEquiv>
                    <Unicode>and loves Anatol devotedly but he</Unicode>
                </TextEquiv>
            </TextLine>
            <TextLine id="tr_1_tl_7" custom="readingOrder {index:6;}">
                <Coords points="289,386 455,363 528,384 583,364 801,368 847,357 848,329 762,314 538,340 481,314 442,337 290,331"/>
                <Baseline points="295,367 322,364 350,364 378,364 406,364 433,362 461,361 489,361 517,359 544,358 572,358 600,357 628,355 655,355 683,354 711,352 739,352 766,352 794,350 822,349 850,349"/>
                <TextEquiv>
                    <Unicode>does not altogether trust her.</Unicode>
                </TextEquiv>
            </TextLine>
            <TextLine id="tr_1_tl_8" custom="readingOrder {index:7;}">
                <Coords points="323,420 905,418 972,407 973,365 324,376"/>
                <Baseline points="331,408 363,406 395,408 427,408 459,407 492,406 524,408 556,406 588,404 620,402 653,400 685,399 717,398 749,396 781,394 814,393 846,393 878,393 910,391 942,389 975,387"/>
                <TextEquiv>
                    <Unicode>Why not hypnotize Hilda and make</Unicode>
                </TextEquiv>
            </TextLine>
            <TextLine id="tr_1_tl_9" custom="readingOrder {index:8;}">
                <Coords points="284,469 916,454 967,443 969,405 398,432 286,414"/>
                <Baseline points="292,456 326,451 360,450 394,450 428,450 462,450 496,449 530,447 564,447 598,445 632,443 666,441 700,441 734,439 768,439 802,440 836,438 870,436 904,434 938,431 972,429"/>
                <TextEquiv>
                    <Unicode>her tell him the truth, suggests the</Unicode>
                </TextEquiv>
            </TextLine>
            <TextLine id="tr_1_tl_10" custom="readingOrder {index:9;}">
                <Coords points="284,510 971,498 961,443 286,472"/>
                <Baseline points="292,501 326,498 360,495 394,495 428,495 462,493 496,492 531,492 565,490 599,487 633,486 667,486 701,486 735,484 770,483 804,482 838,480 872,480 906,479 940,476 975,471"/>
                <TextEquiv>
                    <Unicode>practical Max He (Anatol) is gift¬</Unicode>
                </TextEquiv>
            </TextLine>
            <TextLine id="tr_1_tl_11" custom="readingOrder {index:10;}">
                <Coords points="289,555 975,534 975,499 922,487 727,511 290,507"/>
                <Baseline points="295,540 329,540 363,540 397,540 431,540 465,538 499,537 534,537 568,535 602,534 636,534 670,534 704,531 738,531 773,530 807,527 841,525 875,525 909,525 943,524 978,522"/>
                <TextEquiv>
                    <Unicode>ed as an amateur hypnotist. If she</Unicode>
                </TextEquiv>
            </TextLine>
            <TextLine id="tr_1_tl_12" custom="readingOrder {index:11;}">
                <Coords points="284,602 972,583 973,533 910,528 600,563 285,552"/>
                <Baseline points="292,587 326,584 360,584 394,584 428,582 462,581 496,581 531,581 565,579 599,577 633,576 667,576 701,576 735,576 770,575 804,572 838,570 872,570 906,569 940,567 975,567"/>
                <TextEquiv>
                    <Unicode>is not true, he will learn it and</Unicode>
                </TextEquiv>
            </TextLine>
            <TextLine id="tr_1_tl_13" custom="readingOrder {index:12;}">
                <Coords points="290,640 902,619 975,653 977,584 913,574 291,608"/>
                <Baseline points="298,629 332,629 366,629 400,629 434,626 468,626 502,626 536,626 570,623 604,623 638,622 672,620 706,620 740,620 774,619 808,617 842,617 876,617 910,617 944,616 978,611"/>
                <TextEquiv>
                    <Unicode>can act accordingly. So Hilda is put</Unicode>
                </TextEquiv>
            </TextLine>
            <TextLine id="tr_1_tl_14" custom="readingOrder {index:13;}">
                <Coords points="294,686 421,698 545,670 689,689 706,687 708,641 499,632 448,651 358,636 294,648"/>
                <Baseline points="301,677 326,676 352,674 377,672 403,671 428,671 454,671 479,671 505,671 531,671 556,669 582,668 607,666 633,665 658,665 684,665 710,665"/>
                <TextEquiv>
                    <Unicode>to sleep and quizze.</Unicode>
                </TextEquiv>
            </TextLine>
            <TextLine id="tr_1_tl_15" custom="readingOrder {index:14;}">
                <Coords points="328,725 952,725 975,681 892,655 794,687 329,683"/>
                <Baseline points="334,719 366,719 398,719 430,719 462,718 495,715 527,713 559,713 591,713 623,713 656,713 688,711 720,710 752,710 784,710 817,710 849,710 881,708 913,705 945,704 978,704"/>
                <TextEquiv>
                    <Unicode>That is, she is quizzed up to a</Unicode>
                </TextEquiv>
            </TextLine>
            <TextLine id="tr_1_tl_16" custom="readingOrder {index:15;}">
                <Coords points="294,772 961,771 981,716 295,734"/>
                <Baseline points="301,767 335,764 369,764 403,764 437,764 471,762 505,761 540,761 574,758 608,758 642,757 676,755 710,755 744,755 779,754 813,752 847,752 881,750 915,749 949,749 984,749"/>
                <TextEquiv>
                    <Unicode>certain point and then the heart of</Unicode>
                </TextEquiv>
            </TextLine>
            <TextLine id="tr_1_tl_17" custom="readingOrder {index:16;}">
                <Coords points="293,822 936,812 996,796 998,753 753,782 642,760 294,771"/>
                <Baseline points="301,808 335,808 370,808 405,808 440,806 475,805 510,805 545,802 580,802 615,801 650,799 684,799 719,799 754,799 789,798 824,796 859,796 894,796 929,795 964,792 999,790"/>
                <TextEquiv>
                    <Unicode>Anatol faille him. After all, her an¬</Unicode>
                </TextEquiv>
            </TextLine>
            <TextLine id="tr_1_tl_18" custom="readingOrder {index:17;}">
                <Coords points="296,873 880,841 983,861 992,816 297,823"/>
                <Baseline points="304,850 338,850 372,850 407,847 441,849 476,847 510,844 545,844 579,844 614,842 648,841 682,841 717,841 751,839 786,838 820,838 855,838 889,836 924,835 958,834 993,829"/>
                <TextEquiv>
                    <Unicode>swer might be a shock or a handi¬</Unicode>
                </TextEquiv>
            </TextLine>
            <TextLine id="tr_1_tl_19" custom="readingOrder {index:18;}">
                <Coords points="294,907 948,891 979,886 981,852 294,873"/>
                <Baseline points="301,895 335,895 369,894 403,892 437,892 471,890 505,889 540,889 574,886 608,884 642,883 676,883 710,883 744,883 779,882 813,880 847,880 881,880 915,879 949,876 984,874"/>
                <TextEquiv>
                    <Unicode>cap; and the doubt were better than</Unicode>
                </TextEquiv>
            </TextLine>
            <TextLine id="tr_1_tl_20" custom="readingOrder {index:19;}">
                <Coords points="300,950 987,929 988,887 918,882 301,912"/>
                <Baseline points="307,940 341,939 375,937 409,937 443,932 477,931 511,931 546,931 580,931 614,931 648,930 682,928 716,928 750,926 785,925 819,924 853,922 887,922 921,921 955,920 990,922"/>
                <TextEquiv>
                    <Unicode>either. So Hilda is awakened, kissed</Unicode>
                </TextEquiv>
            </TextLine>
            <TextLine id="tr_1_tl_21" custom="readingOrder {index:20;}">
                <Coords points="294,994 813,993 984,975 986,943 295,954"/>
                <Baseline points="301,984 335,980 369,978 403,978 438,976 472,974 506,972 541,972 575,972 609,972 644,971 678,969 712,969 746,968 781,967 815,967 849,967 884,967 918,966 952,964 987,964"/>
                <TextEquiv>
                    <Unicode>prettily and that is the last of her.</Unicode>
                </TextEquiv>
            </TextLine>
            <TextLine id="tr_1_tl_22" custom="readingOrder {index:21;}">
                <Coords points="334,1034 966,1032 975,981 335,996"/>
                <Baseline points="340,1023 371,1023 403,1023 435,1020 467,1018 499,1017 531,1017 563,1017 595,1016 627,1014 659,1014 690,1014 722,1013 754,1011 786,1011 818,1010 850,1008 882,1008 914,1008 946,1006 978,1002"/>
                <TextEquiv>
                    <Unicode>Affair No. 2 is with Bianca dash¬</Unicode>
                </TextEquiv>
            </TextLine>
            <TextLine id="tr_1_tl_23" custom="readingOrder {index:22;}">
                <Coords points="300,1078 987,1067 977,1020 927,1041 865,1020 834,1039 301,1034"/>
                <Baseline points="307,1071 341,1071 375,1070 409,1068 443,1066 477,1065 511,1065 546,1065 580,1062 614,1062 648,1062 682,1062 716,1059 750,1059 785,1058 819,1056 853,1056 887,1054 921,1053 955,1053 990,1053"/>
                <TextEquiv>
                    <Unicode>ing Bianca of the circus. Not so</Unicode>
                </TextEquiv>
            </TextLine>
            <TextLine id="tr_1_tl_24" custom="readingOrder {index:23;}">
                <Coords points="300,1125 986,1111 987,1075 961,1064 898,1080 823,1058 664,1090 606,1068 544,1094 394,1073 301,1089"/>
                <Baseline points="307,1119 341,1116 375,1115 409,1113 443,1113 477,1113 511,1112 545,1110 579,1110 613,1108 647,1107 681,1107 715,1107 749,1105 783,1103 817,1102 851,1104 885,1102 919,1100 953,1097 987,1095"/>
                <TextEquiv>
                    <Unicode>much of an affair this, seeing that</Unicode>
                </TextEquiv>
            </TextLine>
            <TextLine id="tr_1_tl_25" custom="readingOrder {index:24;}">
                <Coords points="300,1168 810,1163 967,1147 987,1111 301,1122"/>
                <Baseline points="307,1152 341,1152 375,1152 409,1152 443,1152 477,1150 511,1149 545,1149 579,1146 613,1146 647,1145 681,1143 715,1143 749,1143 783,1142 817,1140 851,1140 885,1138 919,1137 953,1136 987,1134"/>
                <TextEquiv>
                    <Unicode>Bianca had merely once sat at the</Unicode>
                </TextEquiv>
            </TextLine>
            <TextLine id="tr_1_tl_26" custom="readingOrder {index:25;}">
                <Coords points="297,1220 925,1205 984,1188 986,1155 299,1168"/>
                <Baseline points="304,1196 338,1196 372,1195 406,1193 440,1193 474,1193 508,1192 543,1190 577,1190 611,1190 645,1189 679,1187 713,1184 747,1184 782,1184 816,1183 850,1181 884,1181 918,1180 952,1178 987,1178"/>
                <TextEquiv>
                    <Unicode>feet of Anatol and held his hand for</Unicode>
                </TextEquiv>
            </TextLine>
            <TextLine id="tr_1_tl_27" custom="readingOrder {index:26;}">
                <Coords points="305,1253 950,1243 984,1237 986,1189 306,1210"/>
                <Baseline points="313,1241 346,1241 380,1240 414,1238 447,1238 481,1238 515,1237 548,1235 582,1235 616,1233 650,1232 683,1231 717,1229 751,1229 784,1228 818,1227 852,1229 885,1227 919,1225 953,1223 987,1223"/>
                <TextEquiv>
                    <Unicode>two hours. But he is sure that she</Unicode>
                </TextEquiv>
            </TextLine>
            <TextLine id="tr_1_tl_28" custom="readingOrder {index:27;}">
                <Coords points="297,1302 982,1290 972,1232 299,1253"/>
                <Baseline points="304,1283 338,1283 372,1283 406,1283 440,1283 474,1281 508,1280 542,1280 576,1280 610,1280 644,1279 678,1277 712,1274 746,1274 780,1273 814,1272 848,1274 882,1272 916,1270 950,1268 984,1268"/>
                <TextEquiv>
                    <Unicode>loved him deeply, beautifully, unfor¬</Unicode>
                </TextEquiv>
            </TextLine>
            <TextLine id="tr_1_tl_29" custom="readingOrder {index:28;}">
                <Coords points="297,1351 342,1336 399,1355 425,1344 443,1351 471,1336 496,1340 498,1293 483,1300 459,1296 450,1304 442,1299 431,1307 356,1289 322,1308 299,1308"/>
                <Baseline points="304,1334 331,1331 359,1331 387,1329 414,1328 442,1328 470,1327 498,1325"/>
                <TextEquiv>
                    <Unicode>gettably.</Unicode>
                </TextEquiv>
            </TextLine>
            <TextLine id="tr_1_tl_30" custom="readingOrder {index:29;}">
                <Coords points="335,1401 734,1390 913,1358 961,1375 990,1368 992,1331 930,1336 848,1289 811,1314 695,1307 607,1348 458,1342 408,1364 337,1336"/>
                <Baseline points="343,1375 375,1375 408,1375 440,1373 473,1372 505,1372 538,1370 570,1369 603,1369 635,1369 668,1369 700,1368 733,1365 765,1363 798,1363 830,1362 863,1360 895,1360 928,1358 960,1357 993,1357"/>
                <TextEquiv>
                    <Unicode>No young woman could hold the</Unicode>
                </TextEquiv>
            </TextLine>
            <TextLine id="tr_1_tl_31" custom="readingOrder {index:30;}">
                <Coords points="306,1441 624,1414 992,1425 993,1373 914,1358 762,1389 307,1396"/>
                <Baseline points="313,1423 347,1422 381,1420 415,1420 449,1418 483,1417 517,1417 552,1417 586,1417 620,1415 654,1413 688,1411 722,1411 756,1409 791,1408 825,1408 859,1408 893,1408 927,1407 961,1405 996,1405"/>
                <TextEquiv>
                    <Unicode>hand of Anatol for two hours, he</Unicode>
                </TextEquiv>
            </TextLine>
            <TextLine id="tr_1_tl_32" custom="readingOrder {index:31;}">
                <Coords points="300,1481 929,1472 992,1457 993,1424 301,1441"/>
                <Baseline points="307,1468 341,1466 375,1468 410,1465 444,1463 479,1461 513,1460 548,1462 582,1460 617,1457 651,1456 685,1456 720,1456 754,1454 789,1453 823,1453 858,1450 892,1450 927,1449 961,1446 996,1444"/>
                <TextEquiv>
                    <Unicode>argues, without giving much of her¬</Unicode>
                </TextEquiv>
            </TextLine>
            <TextLine id="tr_1_tl_33" custom="readingOrder {index:32;}">
                <Coords points="300,1512 993,1506 994,1449 916,1475 301,1481"/>
                <Baseline points="307,1510 341,1509 375,1507 410,1507 444,1505 479,1504 513,1504 548,1504 582,1502 617,1501 651,1501 685,1501 720,1499 754,1498 789,1497 823,1495 858,1492 892,1492 927,1492 961,1491 996,1486"/>
                <TextEquiv>
                    <Unicode>self to him! And then Bianca comes</Unicode>
                </TextEquiv>
            </TextLine>
            <TextLine id="tr_1_tl_34" custom="readingOrder {index:33;}">
                <Coords points="312,1574 573,1548 837,1566 993,1546 994,1505 313,1523"/>
                <Baseline points="319,1554 352,1551 386,1551 420,1551 454,1548 488,1548 522,1547 555,1546 589,1546 623,1546 657,1545 691,1542 725,1540 759,1540 792,1540 826,1539 860,1537 894,1537 928,1536 962,1533 996,1531"/>
                <TextEquiv>
                    <Unicode>to visit Max-and doesn't even re¬</Unicode>
                </TextEquiv>
            </TextLine>
            <TextLine id="tr_1_tl_35" custom="readingOrder {index:34;}">
                <Coords points="302,1612 965,1596 1000,1585 1003,1531 837,1566 746,1548 303,1574"/>
                <Baseline points="310,1599 344,1598 379,1596 413,1596 448,1594 483,1593 517,1593 552,1593 586,1591 621,1589 656,1587 690,1587 725,1587 759,1587 794,1586 829,1584 863,1581 898,1581 932,1580 967,1578 1002,1578"/>
                <TextEquiv>
                    <Unicode>member Anatol. Like the college</Unicode>
                </TextEquiv>
            </TextLine>
            <TextLine id="tr_1_tl_36" custom="readingOrder {index:35;}">
                <Coords points="308,1658 1000,1642 1001,1586 310,1622"/>
                <Baseline points="316,1641 350,1640 384,1639 418,1641 453,1639 487,1637 521,1635 556,1635 590,1635 624,1635 659,1634 693,1632 727,1632 761,1632 796,1630 830,1626 864,1626 899,1624 933,1623 967,1623 1002,1623"/>
                <TextEquiv>
                    <Unicode>widow, she meets so many traveling</Unicode>
                </TextEquiv>
            </TextLine>
            <TextLine id="tr_1_tl_37" custom="readingOrder {index:36;}">
                <Coords points="308,1703 1006,1681 994,1642 879,1636 310,1658"/>
                <Baseline points="316,1686 350,1685 385,1683 419,1683 454,1681 489,1680 523,1680 558,1680 592,1678 627,1677 662,1677 696,1677 731,1675 765,1672 800,1671 835,1671 869,1671 904,1669 938,1668 973,1667 1008,1665"/>
                <TextEquiv>
                    <Unicode>gentlemen she can't be expected to</Unicode>
                </TextEquiv>
            </TextLine>
            <TextLine id="tr_1_tl_38" custom="readingOrder {index:37;}">
                <Coords points="308,1748 655,1759 867,1720 989,1736 967,1688 858,1676 311,1703"/>
                <Baseline points="316,1731 349,1728 383,1728 417,1728 451,1725 485,1725 519,1725 552,1725 586,1722 620,1722 654,1722 688,1721 722,1719 756,1719 789,1718 823,1715 857,1713 891,1713 925,1713 959,1712 993,1710"/>
                <TextEquiv>
                    <Unicode>remember them all, So passes Blanca.</Unicode>
                </TextEquiv>
            </TextLine>
            <TextLine id="tr_1_tl_39" custom="readingOrder {index:38;}">
                <Coords points="448,1795 630,1805 655,1793 729,1813 856,1795 848,1734 655,1759 617,1741 536,1761 449,1751"/>
                <Baseline points="456,1790 481,1790 506,1790 531,1788 556,1787 581,1787 607,1787 632,1787 657,1787 682,1787 707,1785 733,1783 758,1782 783,1781 808,1781 833,1780 859,1778"/>
                <TextEquiv>
                    <Unicode>She Was the Third.</Unicode>
                </TextEquiv>
            </TextLine>
            <TextLine id="tr_1_tl_40" custom="readingOrder {index:39;}">
                <Coords points="333,1873 778,1835 1007,1845 1009,1804 829,1790 767,1821 654,1793 560,1812 335,1790"/>
                <Baseline points="340,1844 373,1846 407,1847 440,1846 474,1844 507,1844 541,1844 574,1843 608,1841 641,1841 675,1840 709,1838 742,1838 776,1836 809,1835 843,1835 876,1835 910,1835 943,1834 977,1832 1011,1832"/>
                <TextEquiv>
                    <Unicode>Mimi is third Mit was of the</Unicode>
                </TextEquiv>
            </TextLine>
            <TextLine id="tr_1_tl_41" custom="readingOrder {index:40;}">
                <Coords points="312,1907 1004,1889 1005,1842 828,1856 778,1835 447,1872 313,1847"/>
                <Baseline points="319,1895 353,1894 387,1892 421,1892 456,1890 490,1889 524,1889 559,1889 593,1887 627,1886 662,1886 696,1886 730,1883 764,1881 799,1880 833,1880 867,1880 902,1878 936,1876 970,1875 1005,1877"/>
                <TextEquiv>
                    <Unicode>opera and Anatol had wearied of her</Unicode>
                </TextEquiv>
            </TextLine>
            <TextLine id="tr_1_tl_42" custom="readingOrder {index:41;}">
                <Coords points="310,1950 1003,1936 1004,1883 311,1907"/>
                <Baseline points="316,1936 350,1936 384,1936 419,1934 453,1934 488,1933 522,1931 557,1931 591,1931 626,1929 660,1928 694,1928 729,1928 763,1926 798,1924 832,1922 867,1922 901,1922 936,1921 970,1920 1005,1922"/>
                <TextEquiv>
                    <Unicode>So he asked her to a supper that was</Unicode>
                </TextEquiv>
            </TextLine>
            <TextLine id="tr_1_tl_43" custom="readingOrder {index:42;}">
                <Coords points="308,2001 376,1978 469,2001 552,1976 613,2001 841,1971 998,1987 999,1940 963,1930 311,1950"/>
                <Baseline points="316,1981 350,1980 384,1978 418,1978 453,1978 487,1977 521,1975 556,1975 590,1973 624,1972 659,1972 693,1972 727,1969 761,1969 796,1968 830,1966 864,1966 899,1966 933,1965 967,1963 1002,1963"/>
                <TextEquiv>
                    <Unicode>to be their farewell, though she</Unicode>
                </TextEquiv>
            </TextLine>
            <TextLine id="tr_1_tl_44" custom="readingOrder {index:43;}">
                <Coords points="312,2028 407,2051 574,2023 1007,2023 1007,1981 933,1976 655,1980 617,2001 374,1978 313,2001"/>
                <Baseline points="319,2026 353,2025 388,2023 422,2023 457,2021 492,2020 526,2020 561,2020 595,2020 630,2019 665,2017 699,2017 734,2017 768,2015 803,2013 838,2011 872,2011 907,2011 941,2011 976,2012 1011,2014"/>
                <TextEquiv>
                    <Unicode>didn't know it, and included Max,</Unicode>
                </TextEquiv>
            </TextLine>
            <TextLine id="tr_1_tl_45" custom="readingOrder {index:44;}">
                <Coords points="318,2084 1005,2063 1005,2023 953,2039 908,2016 319,2037"/>
                <Baseline points="325,2071 359,2068 393,2068 427,2068 461,2066 495,2065 529,2065 564,2065 598,2062 632,2062 666,2062 700,2062 734,2062 768,2060 803,2058 837,2056 871,2056 905,2056 939,2055 973,2053 1008,2053"/>
                <TextEquiv>
                    <Unicode>that there might be some one to</Unicode>
                </TextEquiv>
            </TextLine>
            <TextLine id="tr_1_tl_46" custom="readingOrder {index:45;}">
                <Coords points="316,2129 963,2111 1001,2105 1003,2068 317,2083"/>
                <Baseline points="322,2113 356,2113 390,2113 424,2113 458,2111 492,2110 526,2109 561,2107 595,2107 629,2107 663,2107 697,2107 731,2104 765,2104 800,2103 834,2101 868,2101 902,2099 936,2098 970,2097 1005,2095"/>
                <TextEquiv>
                    <Unicode>shield him when Mimi should have</Unicode>
                </TextEquiv>
            </TextLine>
            <TextLine id="tr_1_tl_47" custom="readingOrder {index:46;}">
                <Coords points="311,2170 1003,2165 1004,2103 981,2097 779,2126 744,2106 702,2137 657,2114 493,2146 428,2119 312,2133"/>
                <Baseline points="319,2157 353,2157 387,2156 421,2154 456,2154 490,2154 524,2153 559,2151 593,2151 627,2151 662,2151 696,2151 730,2148 764,2146 799,2145 833,2145 867,2145 902,2145 936,2144 970,2141 1005,2139"/>
                <TextEquiv>
                    <Unicode>hysteries and make a scene at the</Unicode>
                </TextEquiv>
            </TextLine>
            <TextLine id="tr_1_tl_48" custom="readingOrder {index:47;}">
                <Coords points="317,2216 456,2216 477,2202 505,2218 549,2202 669,2208 669,2181 632,2167 524,2175 488,2159 379,2180 318,2165"/>
                <Baseline points="325,2202 351,2202 378,2201 404,2199 431,2199 458,2198 484,2197 511,2196 537,2196 564,2196 591,2195 617,2194 644,2193 671,2193"/>
                <TextEquiv>
                    <Unicode>suggested parting.</Unicode>
                </TextEquiv>
            </TextLine>
            <TextLine id="tr_1_tl_49" custom="readingOrder {index:48;}">
                <Coords points="340,2243 557,2268 601,2242 1007,2252 1009,2192 964,2163 856,2160 732,2211 341,2208"/>
                <Baseline points="346,2241 379,2244 412,2242 445,2241 479,2241 512,2238 545,2240 578,2240 612,2238 645,2238 678,2238 711,2237 745,2235 778,2233 811,2230 844,2230 878,2232 911,2230 944,2229 977,2229 1011,2229"/>
                <TextEquiv>
                    <Unicode>Mimi comes, but before they have</Unicode>
                </TextEquiv>
            </TextLine>
            <TextLine id="tr_1_tl_50" custom="readingOrder {index:49;}">
                <Coords points="308,2310 1012,2283 1013,2253 975,2238 602,2242 562,2267 311,2243"/>
                <Baseline points="316,2286 350,2289 385,2289 420,2287 455,2286 490,2285 525,2283 560,2283 595,2283 630,2282 665,2280 699,2280 734,2278 769,2277 804,2277 839,2277 874,2277 909,2277 944,2276 979,2273 1014,2271"/>
                <TextEquiv>
                    <Unicode>finished the hors-d'oeuvre it is she</Unicode>
                </TextEquiv>
            </TextLine>
            <TextLine id="tr_1_tl_51" custom="readingOrder {index:50;}">
                <Coords points="318,2334 498,2357 609,2328 1004,2338 1012,2283 623,2315 490,2285 318,2307"/>
                <Baseline points="325,2327 359,2330 393,2330 428,2327 462,2327 497,2326 531,2324 566,2324 600,2324 635,2324 669,2324 703,2324 738,2322 772,2321 807,2321 841,2321 876,2319 910,2319 945,2319 979,2319 1014,2319"/>
                <TextEquiv>
                    <Unicode>who confesses a new love affair, and</Unicode>
                </TextEquiv>
            </TextLine>
            <TextLine id="tr_1_tl_52" custom="readingOrder {index:51;}">
                <Coords points="312,2389 523,2412 587,2377 687,2409 1012,2374 1013,2334 970,2328 313,2350"/>
                <Baseline points="319,2381 353,2378 388,2378 423,2376 458,2375 493,2375 528,2375 563,2375 598,2373 633,2372 668,2372 702,2372 737,2372 772,2370 807,2369 842,2369 877,2369 912,2367 947,2365 982,2363 1017,2363"/>
                <TextEquiv>
                    <Unicode>gives the surprised Anatol his walk¬</Unicode>
                </TextEquiv>
            </TextLine>
            <TextEquiv>
                <Unicode></Unicode>
            </TextEquiv>
        </TextRegion>
        <TextRegion orientation="0.0" id="tr_2" custom="readingOrder {index:1;}">
            <Coords points="1268,179 1268,3367 2501,3367 2501,179"/>
            <TextLine id="tr_2_tl_1" custom="readingOrder {index:0;}">
                <Coords points="1310,216 1404,233 1532,206 1770,209 1770,142 1751,136 1681,165 1585,151 1512,165 1447,141 1391,170 1342,147 1310,164"/>
                <Baseline points="1316,199 1341,202 1366,205 1392,205 1417,205 1442,205 1468,206 1493,208 1519,206 1544,205 1569,205 1595,206 1620,210 1646,212 1671,207 1696,202 1722,202 1747,205 1773,209"/>
                <TextEquiv>
                    <Unicode>4.9. Anato</Unicode>
                </TextEquiv>
            </TextLine>
            <TextLine id="tr_2_tl_2" custom="readingOrder {index:1;}">
                <Coords points="1821,238 1995,250 2035,229 2151,226 2250,239 2254,154 2050,127 1927,170 1823,163"/>
                <Baseline points="1829,211 1854,214 1879,217 1904,217 1929,218 1954,218 1979,208 2004,206 2029,202 2055,202 2080,202 2105,202 2130,202 2155,202 2180,202 2205,202 2230,201 2256,199"/>
                <TextEquiv>
                    <Unicode>Zyklus</Unicode>
                </TextEquiv>
            </TextLine>
            <TextLine id="tr_2_tl_3" custom="readingOrder {index:2;}">
                <Coords points="1652,246 1679,242 1690,249 1698,245 1720,254 1767,245 1770,208 1761,205 1739,214 1719,212 1710,218 1707,214 1699,217 1693,211 1686,215 1665,204 1654,204"/>
                <Baseline points="1661,212 1689,226 1717,226 1745,220 1773,209"/>
                <TextEquiv>
                    <Unicode></Unicode>
                </TextEquiv>
            </TextLine>
            <TextLine id="tr_2_tl_4" custom="readingOrder {index:3;}">
                <Coords points="1425,1046 2238,1011 2285,1037 2309,955 1603,1004 1427,982"/>
                <Baseline points="1432,1038 1475,1038 1519,1037 1563,1035 1607,1034 1651,1032 1695,1031 1739,1028 1783,1025 1827,1023 1871,1022 1914,1020 1958,1017 2002,1016 2046,1011 2090,1011 2134,1011 2178,1008 2222,1008 2266,1008 2310,1008"/>
                <TextEquiv>
                    <Unicode>men, qui, vaan, vaan, New-York.</Unicode>
                </TextEquiv>
            </TextLine>
            <TextLine id="tr_2_tl_5" custom="readingOrder {index:4;}">
                <Coords points="1291,1092 2264,1078 2238,1011 1464,1055 1294,1022"/>
                <Baseline points="1298,1083 1346,1083 1395,1081 1443,1078 1492,1077 1540,1075 1589,1071 1637,1071 1686,1071 1734,1068 1783,1064 1831,1061 1880,1058 1928,1056 1977,1056 2025,1054 2074,1051 2122,1050 2171,1050 2219,1050 2268,1050"/>
                <TextEquiv>
                    <Unicode>Paris, Rom, San Francisco, Stockholm, &amp;c. Petersburg.</Unicode>
                </TextEquiv>
            </TextLine>
            <TextLine id="tr_2_tl_6" custom="readingOrder {index:5;}">
                <Coords points="1636,1125 1700,1130 1781,1107 1872,1140 1934,1102 1983,1119 1975,1063 1639,1079"/>
                <Baseline points="1644,1101 1670,1104 1696,1104 1723,1104 1749,1102 1775,1100 1802,1098 1828,1097 1855,1095 1881,1095 1907,1094 1934,1093 1960,1092 1987,1092"/>
                <TextEquiv>
                    <Unicode></Unicode>
                </TextEquiv>
            </TextLine>
            <TextLine id="tr_2_tl_7" custom="readingOrder {index:6;}">
                <Coords points="1261,1210 1426,1192 1476,1210 1526,1187 1569,1200 1620,1187 1622,1137 1567,1147 1484,1122 1362,1148 1322,1135 1262,1147"/>
                <Baseline points="1268,1193 1293,1191 1318,1189 1344,1188 1369,1186 1394,1184 1420,1183 1445,1181 1470,1181 1496,1181 1521,1181 1546,1181 1572,1181 1597,1182 1623,1184"/>
                <TextEquiv>
                    <Unicode>Ausschnitt aus:</Unicode>
                </TextEquiv>
            </TextLine>
            <TextLine id="tr_2_tl_8" custom="readingOrder {index:7;}">
                <Coords points="1327,1327 1440,1338 1466,1327 1507,1339 1577,1340 1583,1259 1552,1260 1452,1215 1375,1240 1334,1230"/>
                <Baseline points="1336,1302 1363,1296 1391,1291 1418,1290 1446,1286 1473,1283 1501,1283 1528,1282 1556,1280 1584,1283"/>
                <TextEquiv>
                    <Unicode></Unicode>
                </TextEquiv>
            </TextLine>
            <TextLine id="tr_2_tl_9" custom="readingOrder {index:8;}">
                <Coords points="1697,1329 1994,1334 2111,1304 2163,1336 2270,1311 2357,1339 2373,1216 2182,1214 2112,1239 1986,1215 1924,1257 1853,1213 1768,1288 1697,1268"/>
                <Baseline points="1704,1289 1737,1297 1771,1296 1804,1294 1838,1295 1871,1297 1905,1299 1938,1301 1972,1301 2005,1299 2039,1297 2073,1294 2106,1292 2140,1290 2173,1290 2207,1293 2240,1295 2274,1293 2307,1291 2341,1287 2375,1280"/>
                <TextEquiv>
                    <Unicode>.</Unicode>
                </TextEquiv>
            </TextLine>
            <TextLine id="tr_2_tl_10" custom="readingOrder {index:9;}">
                <Coords points="2181,1459 2312,1470 2329,1461 2366,1480 2423,1460 2468,1465 2466,1425 2402,1418 2345,1390 2321,1392 2288,1415 2250,1395 2180,1397"/>
                <Baseline points="2188,1449 2213,1450 2239,1450 2265,1448 2290,1447 2316,1447 2342,1447 2368,1447 2393,1449 2419,1450 2445,1452 2471,1453"/>
                <TextEquiv>
                    <Unicode></Unicode>
                </TextEquiv>
            </TextLine>
            <TextLine id="tr_2_tl_11" custom="readingOrder {index:10;}">
                <Coords points="1799,1476 1912,1487 1959,1463 2045,1481 2134,1467 2136,1418 2119,1410 2084,1425 2000,1413 1966,1435 1925,1416 1844,1443 1801,1442"/>
                <Baseline points="1805,1468 1830,1468 1856,1468 1881,1467 1907,1465 1933,1462 1958,1459 1984,1455 2009,1454 2035,1457 2061,1457 2086,1454 2112,1450 2138,1446"/>
                <TextEquiv>
                    <Unicode></Unicode>
                </TextEquiv>
            </TextLine>
            <TextLine id="tr_2_tl_12" custom="readingOrder {index:11;}">
                <Coords points="2129,1504 2173,1523 2239,1507 2281,1526 2339,1503 2477,1506 2478,1473 2423,1460 2367,1480 2329,1463 2300,1478 2237,1463 2130,1470"/>
                <Baseline points="2136,1498 2162,1501 2188,1501 2215,1501 2241,1501 2268,1501 2294,1501 2321,1500 2347,1498 2374,1498 2400,1497 2427,1496 2453,1495 2480,1495"/>
                <TextEquiv>
                    <Unicode>HERE must have</Unicode>
                </TextEquiv>
            </TextLine>
            <TextLine id="tr_2_tl_13" custom="readingOrder {index:12;}">
                <Coords points="2141,1544 2210,1562 2278,1541 2310,1557 2367,1549 2392,1562 2436,1543 2465,1556 2478,1552 2480,1507 2440,1500 2374,1521 2340,1512 2281,1524 2192,1512 2141,1529"/>
                <Baseline points="2148,1543 2173,1543 2199,1543 2225,1543 2251,1542 2276,1540 2302,1540 2328,1540 2354,1538 2379,1537 2405,1537 2431,1538 2457,1540 2483,1543"/>
                <TextEquiv>
                    <Unicode>been something</Unicode>
                </TextEquiv>
            </TextLine>
            <TextLine id="tr_2_tl_14" custom="readingOrder {index:13;}">
                <Coords points="1878,1563 1907,1569 1988,1561 2046,1534 2072,1537 2083,1484 2068,1481 2033,1503 2025,1493 2009,1495 1986,1509 1944,1498 1908,1512 1889,1501"/>
                <Baseline points="1886,1557 1913,1559 1940,1557 1967,1555 1995,1544 2022,1537 2049,1533 2077,1528"/>
                <TextEquiv>
                    <Unicode></Unicode>
                </TextEquiv>
            </TextLine>
            <TextLine id="tr_2_tl_15" custom="readingOrder {index:14;}">
                <Coords points="1861,1590 1952,1589 2008,1577 2026,1596 2055,1600 2062,1531 1980,1565 1957,1558 1914,1571 1890,1560 1864,1561"/>
                <Baseline points="1868,1581 1895,1584 1923,1584 1951,1581 1978,1576 2006,1572 2034,1569 2062,1569"/>
                <TextEquiv>
                    <Unicode></Unicode>
                </TextEquiv>
            </TextLine>
            <TextLine id="tr_2_tl_16" custom="readingOrder {index:15;}">
                <Coords points="2089,1589 2118,1600 2140,1585 2191,1596 2219,1583 2305,1599 2387,1583 2440,1596 2480,1580 2481,1558 2241,1548 2210,1562 2143,1544 2090,1554"/>
                <Baseline points="2095,1584 2120,1584 2146,1584 2172,1584 2198,1582 2224,1581 2250,1581 2276,1581 2301,1581 2327,1579 2353,1578 2379,1578 2405,1577 2431,1575 2457,1575 2483,1575"/>
                <TextEquiv>
                    <Unicode>in the European ver¬</Unicode>
                </TextEquiv>
            </TextLine>
            <TextLine id="tr_2_tl_17" custom="readingOrder {index:16;}">
                <Coords points="2083,1629 2145,1642 2165,1629 2210,1646 2254,1628 2432,1632 2465,1619 2466,1591 2324,1588 2296,1602 2225,1586 2163,1607 2084,1586"/>
                <Baseline points="2089,1626 2114,1626 2139,1626 2164,1625 2190,1624 2215,1622 2240,1620 2265,1620 2291,1620 2316,1620 2341,1620 2366,1620 2392,1619 2417,1617 2442,1616 2468,1614"/>
                <TextEquiv>
                    <Unicode>sion of "The Affairs</Unicode>
                </TextEquiv>
            </TextLine>
            <TextLine id="tr_2_tl_18" custom="readingOrder {index:17;}">
                <Coords points="2094,1682 2147,1669 2185,1683 2233,1671 2278,1682 2299,1666 2335,1676 2429,1663 2469,1675 2477,1639 2260,1628 2210,1647 2095,1639"/>
                <Baseline points="2101,1665 2126,1668 2151,1666 2176,1665 2202,1665 2227,1664 2252,1662 2277,1661 2303,1659 2328,1659 2353,1659 2378,1659 2404,1659 2429,1659 2454,1659 2480,1659"/>
                <TextEquiv>
                    <Unicode>of Anatol for it is</Unicode>
                </TextEquiv>
            </TextLine>
            <TextLine id="tr_2_tl_19" custom="readingOrder {index:18;}">
                <Coords points="2083,1716 2182,1724 2214,1710 2244,1724 2277,1708 2326,1725 2381,1709 2477,1711 2478,1674 2430,1662 2370,1676 2301,1666 2283,1681 2235,1671 2171,1691 2084,1681"/>
                <Baseline points="2089,1707 2115,1707 2141,1707 2167,1707 2193,1705 2219,1704 2245,1704 2271,1703 2297,1701 2323,1701 2349,1701 2375,1701 2401,1700 2427,1699 2453,1698 2480,1698"/>
                <TextEquiv>
                    <Unicode>said to have been vast¬</Unicode>
                </TextEquiv>
            </TextLine>
            <TextLine id="tr_2_tl_20" custom="readingOrder {index:19;}">
                <Coords points="2094,1771 2136,1751 2159,1766 2283,1751 2356,1759 2385,1744 2426,1761 2485,1754 2486,1716 2095,1719"/>
                <Baseline points="2101,1751 2126,1751 2152,1750 2178,1748 2204,1746 2230,1745 2256,1745 2282,1744 2307,1742 2333,1742 2359,1742 2385,1741 2411,1740 2437,1740 2463,1740 2489,1740"/>
                <TextEquiv>
                    <Unicode>ly popular over there</Unicode>
                </TextEquiv>
            </TextLine>
            <TextLine id="tr_2_tl_21" custom="readingOrder {index:20;}">
                <Coords points="2116,1808 2146,1796 2210,1811 2312,1793 2339,1804 2391,1790 2474,1796 2475,1753 2396,1764 2278,1755 2239,1773 2176,1756 2116,1771"/>
                <Baseline points="2122,1784 2147,1786 2172,1787 2198,1787 2223,1786 2248,1784 2274,1784 2299,1784 2324,1784 2350,1783 2375,1782 2400,1781 2426,1781 2451,1781 2477,1781"/>
                <TextEquiv>
                    <Unicode>which never got by</Unicode>
                </TextEquiv>
            </TextLine>
            <TextLine id="tr_2_tl_22" custom="readingOrder {index:21;}">
                <Coords points="2091,1834 2248,1849 2372,1823 2480,1834 2481,1795 2453,1790 2211,1812 2147,1796 2093,1810"/>
                <Baseline points="2098,1832 2123,1829 2149,1829 2175,1829 2200,1827 2226,1826 2252,1826 2277,1826 2303,1826 2329,1824 2354,1823 2380,1823 2406,1822 2431,1820 2457,1821 2483,1823"/>
                <TextEquiv>
                    <Unicode>our custom house.</Unicode>
                </TextEquiv>
            </TextLine>
            <TextLine id="tr_2_tl_23" custom="readingOrder {index:22;}">
                <Coords points="2093,1885 2489,1879 2489,1842 2442,1832 2398,1845 2368,1834 2347,1849 2309,1829 2249,1847 2181,1832 2094,1839"/>
                <Baseline points="2101,1871 2127,1871 2153,1870 2179,1868 2205,1868 2231,1868 2257,1868 2283,1867 2309,1865 2335,1865 2361,1865 2387,1863 2413,1862 2439,1862 2465,1862 2492,1862"/>
                <TextEquiv>
                    <Unicode>Something must have</Unicode>
                </TextEquiv>
            </TextLine>
            <TextLine id="tr_2_tl_24" custom="readingOrder {index:23;}">
                <Coords points="1813,1891 1846,1910 1886,1910 1903,1923 1923,1909 1943,1913 1953,1907 1984,1918 1994,1915 1997,1842 1948,1847 1897,1864 1883,1856 1875,1861 1864,1849 1845,1858 1813,1855"/>
                <Baseline points="1820,1892 1845,1894 1871,1895 1896,1893 1922,1892 1947,1892 1973,1891 1999,1889"/>
                <TextEquiv>
                    <Unicode></Unicode>
                </TextEquiv>
            </TextLine>
            <TextLine id="tr_2_tl_25" custom="readingOrder {index:24;}">
                <Coords points="2103,1921 2485,1913 2486,1880 2460,1873 2418,1886 2358,1876 2196,1893 2105,1886"/>
                <Baseline points="2110,1913 2135,1910 2160,1910 2185,1909 2210,1907 2235,1908 2260,1910 2285,1908 2310,1907 2335,1907 2360,1906 2385,1905 2410,1904 2435,1904 2460,1905 2486,1907"/>
                <TextEquiv>
                    <Unicode>evanesced in transit.</Unicode>
                </TextEquiv>
            </TextLine>
            <TextLine id="tr_2_tl_26" custom="readingOrder {index:25;}">
                <Coords points="1801,1969 2486,1964 2464,1910 2000,1938 1802,1924"/>
                <Baseline points="1808,1963 1842,1960 1876,1959 1910,1957 1944,1957 1978,1957 2012,1956 2046,1954 2080,1951 2114,1953 2148,1953 2182,1951 2216,1948 2250,1948 2284,1947 2318,1946 2352,1948 2386,1946 2420,1945 2454,1945 2489,1945"/>
                <TextEquiv>
                    <Unicode>No claim has been made for its dramatic</Unicode>
                </TextEquiv>
            </TextLine>
            <TextLine id="tr_2_tl_27" custom="readingOrder {index:26;}">
                <Coords points="1805,2025 2485,1992 2485,1959 2419,1953 1806,1972"/>
                <Baseline points="1811,2005 1844,2003 1878,2001 1912,1999 1946,1999 1979,1999 2013,1998 2047,1996 2081,1996 2114,1994 2148,1992 2182,1990 2216,1990 2249,1990 2283,1989 2317,1988 2351,1990 2384,1988 2418,1986 2452,1984 2486,1984"/>
                <TextEquiv>
                    <Unicode>qualities, as it is frankly billed not as</Unicode>
                </TextEquiv>
            </TextLine>
            <TextLine id="tr_2_tl_28" custom="readingOrder {index:27;}">
                <Coords points="2362,2042 2381,2038 2394,2045 2411,2035 2425,2037 2432,2044 2455,2046 2465,2039 2477,2039 2477,1993 2461,1999 2442,1988 2435,1994 2424,1992 2413,2003 2406,1997 2372,2003 2362,2000"/>
                <Baseline points="2369,2029 2396,2027 2424,2026 2452,2026 2480,2029"/>
                <TextEquiv>
                    <Unicode>des.</Unicode>
                </TextEquiv>
            </TextLine>
            <TextLine id="tr_2_tl_29" custom="readingOrder {index:28;}">
                <Coords points="1805,2054 1898,2066 1927,2044 2265,2049 2266,2016 2235,2006 1806,2023"/>
                <Baseline points="1811,2047 1836,2046 1861,2044 1887,2043 1912,2041 1937,2041 1963,2040 1988,2039 2014,2037 2039,2035 2064,2035 2090,2035 2115,2035 2141,2034 2166,2033 2191,2032 2217,2032 2242,2032 2268,2032"/>
                <TextEquiv>
                    <Unicode>a play, but as a sequence</Unicode>
                </TextEquiv>
            </TextLine>
            <TextLine id="tr_2_tl_30" custom="readingOrder {index:29;}">
                <Coords points="1801,2095 2486,2082 2487,2031 2323,2057 1802,2055"/>
                <Baseline points="1808,2086 1842,2084 1876,2083 1910,2083 1944,2083 1978,2081 2012,2080 2046,2080 2080,2077 2114,2075 2148,2074 2182,2074 2216,2071 2250,2071 2284,2071 2318,2070 2352,2068 2386,2068 2420,2068 2454,2067 2489,2065"/>
                <TextEquiv>
                    <Unicode>These episodes are sucesive love af¬</Unicode>
                </TextEquiv>
            </TextLine>
            <TextLine id="tr_2_tl_31" custom="readingOrder {index:30;}">
                <Coords points="1805,2134 2469,2129 2492,2123 2493,2079 1805,2096"/>
                <Baseline points="1811,2128 1845,2125 1879,2125 1913,2125 1947,2123 1982,2120 2016,2119 2050,2119 2084,2119 2118,2117 2153,2116 2187,2116 2221,2113 2255,2113 2289,2113 2324,2112 2358,2110 2392,2110 2426,2110 2460,2111 2495,2113"/>
                <TextEquiv>
                    <Unicode>fairs of a young man with a wandering</Unicode>
                </TextEquiv>
            </TextLine>
            <TextLine id="tr_2_tl_32" custom="readingOrder {index:31;}">
                <Coords points="1805,2192 2489,2160 2498,2122 1806,2142"/>
                <Baseline points="1811,2169 1845,2168 1880,2166 1914,2163 1949,2163 1983,2162 2018,2160 2052,2160 2087,2160 2121,2158 2156,2156 2190,2154 2225,2154 2259,2154 2294,2154 2328,2154 2363,2151 2397,2151 2432,2151 2466,2151 2501,2151"/>
                <TextEquiv>
                    <Unicode>affection, and the five of them each has</Unicode>
                </TextEquiv>
            </TextLine>
            <TextLine id="tr_2_tl_33" custom="readingOrder {index:32;}">
                <Coords points="1806,2228 2210,2204 2261,2227 2485,2204 2497,2173 2054,2165 1807,2191"/>
                <Baseline points="1814,2205 1848,2208 1882,2208 1916,2208 1950,2206 1985,2203 2019,2202 2053,2202 2087,2202 2121,2200 2156,2199 2190,2199 2224,2199 2258,2197 2292,2195 2327,2193 2361,2193 2395,2193 2429,2193 2463,2193 2498,2193"/>
                <TextEquiv>
                    <Unicode>what in an ordinary play would be an</Unicode>
                </TextEquiv>
            </TextLine>
            <TextLine id="tr_2_tl_34" custom="readingOrder {index:33;}">
                <Coords points="1807,2266 2498,2253 2499,2205 1807,2230"/>
                <Baseline points="1814,2253 1848,2250 1882,2249 1917,2247 1951,2247 1985,2247 2020,2246 2054,2244 2088,2244 2123,2242 2157,2241 2191,2241 2226,2238 2260,2238 2294,2238 2329,2237 2363,2235 2397,2235 2432,2235 2466,2236 2501,2238"/>
                <TextEquiv>
                    <Unicode>act. They are entirely disconnected,</Unicode>
                </TextEquiv>
            </TextLine>
            <TextLine id="tr_2_tl_35" custom="readingOrder {index:34;}">
                <Coords points="1793,2328 2476,2340 2482,2284 2352,2266 2260,2293 2174,2270 1791,2293"/>
                <Baseline points="1799,2310 1833,2312 1867,2313 1902,2313 1936,2313 1970,2313 2005,2315 2039,2316 2073,2316 2108,2316 2142,2318 2176,2319 2211,2319 2245,2319 2279,2319 2314,2320 2348,2321 2382,2321 2417,2321 2451,2323 2486,2324"/>
                <TextEquiv>
                    <Unicode>except by the personality of the hero,</Unicode>
                </TextEquiv>
            </TextLine>
            <TextLine id="tr_2_tl_36" custom="readingOrder {index:35;}">
                <Coords points="1794,2366 2485,2387 2483,2339 2389,2326 2364,2345 1793,2330"/>
                <Baseline points="1799,2354 1833,2352 1867,2353 1902,2354 1936,2354 1970,2354 2005,2354 2039,2355 2073,2357 2108,2357 2142,2357 2176,2358 2211,2360 2245,2360 2279,2360 2314,2360 2348,2361 2382,2363 2417,2363 2451,2363 2486,2360"/>
                <TextEquiv>
                    <Unicode>and that of his man friend who supplies</Unicode>
                </TextEquiv>
            </TextLine>
            <TextLine id="tr_2_tl_37" custom="readingOrder {index:36;}">
                <Coords points="1793,2403 1932,2424 2066,2403 2408,2419 2408,2389 2296,2367 1793,2372"/>
                <Baseline points="1799,2396 1829,2394 1860,2394 1890,2396 1921,2396 1952,2396 1982,2396 2013,2396 2043,2396 2074,2396 2105,2398 2135,2399 2166,2399 2196,2399 2227,2399 2258,2400 2288,2402 2319,2400 2349,2400 2380,2402 2411,2402"/>
                <TextEquiv>
                    <Unicode>the place of an explanatory chorus.</Unicode>
                </TextEquiv>
            </TextLine>
            <TextLine id="tr_2_tl_38" custom="readingOrder {index:37;}">
                <Coords points="1844,2452 2475,2455 2474,2414 2252,2430 1981,2406 1932,2424 1844,2402"/>
                <Baseline points="1850,2435 1881,2435 1912,2436 1944,2438 1975,2438 2006,2438 2038,2438 2069,2438 2100,2438 2132,2439 2163,2441 2194,2441 2226,2441 2257,2441 2288,2441 2320,2442 2351,2444 2382,2444 2414,2444 2445,2445 2477,2447"/>
                <TextEquiv>
                    <Unicode>The original brilliancy of the work</Unicode>
                </TextEquiv>
            </TextLine>
            <TextLine id="tr_2_tl_39" custom="readingOrder {index:38;}">
                <Coords points="1787,2494 2457,2505 2477,2453 1932,2459 1785,2434"/>
                <Baseline points="1793,2477 1827,2477 1861,2477 1896,2477 1930,2477 1964,2479 1999,2480 2033,2480 2067,2480 2102,2480 2136,2482 2170,2483 2205,2483 2239,2483 2273,2483 2308,2484 2342,2486 2376,2486 2411,2486 2445,2486 2480,2486"/>
                <TextEquiv>
                    <Unicode>of Arthur Schnitzler may have been les¬</Unicode>
                </TextEquiv>
            </TextLine>
            <TextLine id="tr_2_tl_40" custom="readingOrder {index:39;}">
                <Coords points="1783,2523 2481,2536 2480,2508 2437,2498 1783,2488"/>
                <Baseline points="1790,2515 1824,2517 1859,2518 1893,2518 1928,2518 1963,2518 1997,2518 2032,2519 2067,2521 2101,2521 2136,2521 2171,2523 2205,2524 2240,2524 2275,2524 2309,2524 2344,2524 2379,2524 2413,2527 2448,2527 2483,2530"/>
                <TextEquiv>
                    <Unicode>sened in this version by deference to the</Unicode>
                </TextEquiv>
            </TextLine>
            <TextLine id="tr_2_tl_41" custom="readingOrder {index:40;}">
                <Coords points="1793,2568 2480,2574 2480,2542 2391,2532 1793,2529"/>
                <Baseline points="1799,2560 1833,2560 1867,2560 1901,2560 1935,2560 1970,2562 2004,2563 2038,2563 2072,2563 2106,2563 2141,2563 2175,2563 2209,2563 2243,2566 2277,2566 2312,2566 2346,2566 2380,2566 2414,2568 2448,2569 2483,2569"/>
                <TextEquiv>
                    <Unicode>Puritanism which puts a limit on the</Unicode>
                </TextEquiv>
            </TextLine>
            <TextLine id="tr_2_tl_42" custom="readingOrder {index:41;}">
                <Coords points="1787,2617 2474,2620 2474,2584 2351,2568 2078,2593 1817,2562 1787,2579"/>
                <Baseline points="1793,2605 1827,2600 1861,2599 1895,2600 1929,2602 1964,2602 1998,2602 2032,2603 2066,2605 2100,2605 2135,2605 2169,2605 2203,2605 2237,2608 2271,2608 2306,2608 2340,2608 2374,2608 2408,2608 2442,2609 2477,2611"/>
                <TextEquiv>
                    <Unicode>possibilities of the English-speaking</Unicode>
                </TextEquiv>
            </TextLine>
            <TextLine id="tr_2_tl_43" custom="readingOrder {index:42;}">
                <Coords points="1782,2651 2478,2668 2477,2628 1781,2617"/>
                <Baseline points="1787,2641 1821,2641 1856,2643 1890,2644 1925,2644 1960,2644 1994,2644 2029,2644 2064,2644 2098,2644 2133,2644 2168,2646 2202,2647 2237,2647 2272,2647 2306,2649 2341,2650 2376,2650 2410,2650 2445,2652 2480,2656"/>
                <TextEquiv>
                    <Unicode>stage. That deference is not complete,</Unicode>
                </TextEquiv>
            </TextLine>
            <TextLine id="tr_2_tl_44" custom="readingOrder {index:43;}">
                <Coords points="1783,2686 2069,2687 2106,2708 2143,2688 2471,2691 2470,2667 2402,2657 1782,2651"/>
                <Baseline points="1790,2683 1824,2683 1858,2683 1892,2683 1926,2683 1961,2683 1995,2685 2029,2685 2063,2683 2097,2686 2132,2688 2166,2689 2200,2689 2234,2689 2268,2689 2303,2690 2337,2691 2371,2689 2405,2691 2439,2692 2474,2692"/>
                <TextEquiv>
                    <Unicode>as is shown by the fact that the af¬</Unicode>
                </TextEquiv>
            </TextLine>
            <TextLine id="tr_2_tl_45" custom="readingOrder {index:44;}">
                <Coords points="1793,2746 1849,2727 2458,2755 2465,2704 1791,2693"/>
                <Baseline points="1799,2721 1832,2721 1865,2722 1899,2724 1932,2724 1966,2724 1999,2725 2033,2727 2066,2727 2100,2727 2133,2727 2166,2727 2200,2727 2233,2729 2267,2730 2300,2730 2334,2730 2367,2732 2401,2733 2434,2733 2468,2733"/>
                <TextEquiv>
                    <Unicode>fairs are conducted in bachelor apart¬</Unicode>
                </TextEquiv>
            </TextLine>
            <TextLine id="tr_2_tl_46" custom="readingOrder {index:45;}">
                <Coords points="1787,2778 2474,2783 2474,2750 2436,2741 1787,2739"/>
                <Baseline points="1793,2763 1827,2763 1861,2765 1895,2766 1929,2766 1964,2766 1998,2768 2032,2769 2066,2769 2100,2769 2135,2769 2169,2769 2203,2769 2237,2772 2271,2772 2306,2772 2340,2772 2374,2772 2408,2772 2442,2773 2477,2775"/>
                <TextEquiv>
                    <Unicode>ments and a private room in a restau¬</Unicode>
                </TextEquiv>
            </TextLine>
            <TextLine id="tr_2_tl_47" custom="readingOrder {index:46;}">
                <Coords points="1783,2820 2457,2832 2471,2781 2343,2799 1782,2775"/>
                <Baseline points="1790,2805 1824,2805 1858,2807 1892,2808 1926,2808 1961,2808 1995,2808 2029,2809 2063,2811 2097,2811 2132,2811 2166,2811 2200,2811 2234,2811 2268,2813 2303,2814 2337,2814 2371,2814 2405,2816 2439,2817 2474,2817"/>
                <TextEquiv>
                    <Unicode>rant. The main idea is certainly original</Unicode>
                </TextEquiv>
            </TextLine>
            <TextLine id="tr_2_tl_48" custom="readingOrder {index:47;}">
                <Coords points="1778,2863 2475,2874 2474,2823 1777,2823"/>
                <Baseline points="1784,2847 1818,2847 1853,2847 1887,2847 1922,2847 1957,2850 1991,2850 2026,2850 2061,2850 2095,2850 2130,2852 2165,2853 2199,2853 2234,2853 2269,2853 2303,2853 2338,2854 2373,2856 2407,2856 2442,2858 2477,2859"/>
                <TextEquiv>
                    <Unicode>and lands itself to permitting each of</Unicode>
                </TextEquiv>
            </TextLine>
            <TextLine id="tr_2_tl_49" custom="readingOrder {index:48;}">
                <Coords points="1777,2898 2472,2914 2471,2875 2435,2863 2080,2884 2027,2858 1821,2872 1777,2851"/>
                <Baseline points="1784,2889 1818,2887 1853,2888 1887,2889 1922,2889 1956,2892 1991,2892 2025,2892 2060,2892 2094,2892 2129,2892 2163,2893 2198,2895 2232,2895 2267,2895 2301,2895 2336,2896 2370,2898 2405,2898 2439,2898 2474,2895"/>
                <TextEquiv>
                    <Unicode>five young and active actresses to be</Unicode>
                </TextEquiv>
            </TextLine>
            <TextLine id="tr_2_tl_50" custom="readingOrder {index:49;}">
                <Coords points="1783,2938 2474,2954 2474,2915 2435,2906 1783,2908"/>
                <Baseline points="1790,2930 1824,2930 1858,2930 1893,2931 1927,2933 1961,2933 1996,2933 2030,2933 2064,2933 2099,2933 2133,2933 2167,2934 2202,2936 2236,2936 2270,2936 2305,2936 2339,2937 2373,2939 2408,2939 2442,2939 2477,2939"/>
                <TextEquiv>
                    <Unicode>a leading lady fo, ne episode. The list</Unicode>
                </TextEquiv>
            </TextLine>
            <TextLine id="tr_2_tl_51" custom="readingOrder {index:50;}">
                <Coords points="1777,2983 2426,3002 2474,2989 2474,2952 1776,2935"/>
                <Baseline points="1784,2969 1818,2969 1853,2969 1887,2970 1922,2972 1957,2972 1991,2972 2026,2973 2061,2975 2095,2975 2130,2975 2165,2975 2199,2976 2234,2978 2269,2978 2303,2978 2338,2978 2373,2978 2407,2981 2442,2981 2477,2984"/>
                <TextEquiv>
                    <Unicode>includes Marguerite Ciark, Gail Kane,</Unicode>
                </TextEquiv>
            </TextLine>
            <TextLine id="tr_2_tl_52" custom="readingOrder {index:51;}">
                <Coords points="1787,3020 2477,3030 2477,2994 2403,2987 1787,2981"/>
                <Baseline points="1793,3011 1827,3011 1861,3011 1896,3011 1930,3011 1964,3013 1999,3016 2033,3016 2067,3014 2102,3017 2136,3017 2170,3017 2205,3017 2239,3017 2273,3019 2308,3020 2342,3020 2376,3020 2411,3020 2445,3022 2480,3023"/>
                <TextEquiv>
                    <Unicode>Doris Keane, Katherine Emmett and</Unicode>
                </TextEquiv>
            </TextLine>
            <TextLine id="tr_2_tl_53" custom="readingOrder {index:52;}">
                <Coords points="1781,3062 2472,3076 2463,3028 2100,3042 1781,3020"/>
                <Baseline points="1787,3050 1821,3052 1855,3053 1890,3054 1924,3056 1958,3054 1993,3055 2027,3056 2061,3056 2096,3059 2130,3059 2164,3059 2199,3059 2233,3059 2267,3061 2302,3062 2336,3062 2370,3062 2405,3062 2439,3064 2474,3062"/>
                <TextEquiv>
                    <Unicode>Isabelle Lee, each portraying a different</Unicode>
                </TextEquiv>
            </TextLine>
            <TextLine id="tr_2_tl_54" custom="readingOrder {index:53;}">
                <Coords points="1783,3100 2471,3117 2471,3076 2428,3071 1783,3067"/>
                <Baseline points="1790,3095 1824,3095 1858,3095 1892,3095 1926,3095 1961,3095 1995,3096 2029,3097 2063,3097 2097,3097 2132,3097 2166,3098 2200,3100 2234,3100 2268,3102 2303,3103 2337,3103 2371,3103 2405,3103 2439,3103 2474,3103"/>
                <TextEquiv>
                    <Unicode>type of fascinating influence in the senti¬</Unicode>
                </TextEquiv>
            </TextLine>
            <TextLine id="tr_2_tl_55" custom="readingOrder {index:54;}">
                <Coords points="1781,3158 1902,3142 2205,3150 2205,3110 2192,3107 2077,3121 2060,3107 1781,3112"/>
                <Baseline points="1787,3136 1813,3136 1839,3136 1865,3136 1892,3136 1918,3136 1944,3136 1971,3136 1997,3136 2023,3137 2050,3139 2076,3139 2102,3139 2129,3139 2155,3139 2181,3139 2208,3142"/>
                <TextEquiv>
                    <Unicode>mental career of Anatol.</Unicode>
                </TextEquiv>
            </TextLine>
            <TextLine id="tr_2_tl_56" custom="readingOrder {index:55;}">
                <Coords points="1841,3193 2468,3202 2457,3147 1840,3148"/>
                <Baseline points="1847,3175 1878,3175 1909,3176 1940,3178 1971,3178 2003,3178 2034,3178 2065,3178 2096,3178 2127,3179 2159,3181 2190,3181 2221,3182 2252,3184 2283,3184 2315,3184 2346,3184 2377,3187 2408,3187 2439,3188 2471,3190"/>
                <TextEquiv>
                    <Unicode>So much has been expected of the</Unicode>
                </TextEquiv>
            </TextLine>
            <TextLine id="tr_2_tl_57" custom="readingOrder {index:56;}">
                <Coords points="1781,3229 2466,3241 2441,3201 2352,3187 2292,3212 2266,3192 1781,3186"/>
                <Baseline points="1787,3220 1821,3218 1855,3217 1889,3217 1923,3217 1957,3219 1991,3220 2025,3220 2059,3220 2093,3220 2127,3220 2161,3221 2195,3223 2229,3223 2263,3225 2297,3226 2331,3226 2365,3226 2399,3226 2433,3227 2468,3226"/>
                <TextEquiv>
                    <Unicode>Little Theatre that perhaps it is unfair¬</Unicode>
                </TextEquiv>
            </TextLine>
            <TextLine id="tr_2_tl_58" custom="readingOrder {index:57;}">
                <Coords points="1783,3276 2425,3290 2465,3283 2465,3252 2346,3230 1782,3230"/>
                <Baseline points="1790,3259 1823,3259 1857,3259 1891,3259 1925,3259 1959,3259 1993,3259 2027,3260 2061,3262 2095,3262 2129,3262 2162,3263 2196,3265 2230,3265 2264,3265 2298,3266 2332,3268 2366,3268 2400,3268 2434,3269 2468,3268"/>
                <TextEquiv>
                    <Unicode>ly handicapped. In the present instance</Unicode>
                </TextEquiv>
            </TextLine>
            <TextLine id="tr_2_tl_59" custom="readingOrder {index:58;}">
                <Coords points="1781,3311 2472,3320 2471,3284 2442,3280 1781,3275"/>
                <Baseline points="1787,3297 1821,3297 1855,3299 1890,3300 1924,3300 1958,3300 1993,3300 2027,3301 2061,3303 2096,3303 2130,3303 2164,3304 2199,3307 2233,3309 2267,3307 2302,3308 2336,3309 2370,3309 2405,3309 2439,3311 2474,3315"/>
                <TextEquiv>
                    <Unicode>there is a feeling of disappointment in</Unicode>
                </TextEquiv>
            </TextLine>
            <TextLine id="tr_2_tl_60" custom="readingOrder {index:59;}">
                <Coords points="1781,3390 1941,3349 2468,3368 2466,3322 2423,3314 2394,3333 1779,3314"/>
                <Baseline points="1787,3342 1821,3342 1855,3342 1889,3342 1923,3342 1958,3342 1992,3344 2026,3345 2060,3345 2094,3345 2129,3345 2163,3346 2197,3348 2231,3348 2265,3350 2300,3351 2334,3351 2368,3351 2402,3353 2436,3354 2471,3357"/>
                <TextEquiv>
                    <Unicode>the absence not only of it and sparkle</Unicode>
                </TextEquiv>
            </TextLine>
            <TextEquiv>
                <Unicode></Unicode>
            </TextEquiv>
        </TextRegion>
        <TextRegion orientation="0.0" id="tr_3" custom="readingOrder {index:2;}">
            <Coords points="2435,176 2435,3367 3220,3367 3220,176"/>
            <TextLine id="tr_3_tl_1" custom="readingOrder {index:0;}">
                <Coords points="2430,201 2502,226 2605,195 2678,218 2716,203 2764,210 2762,131 2720,143 2613,132 2589,149 2509,152 2429,141"/>
                <Baseline points="2435,196 2460,196 2485,196 2511,196 2536,197 2562,199 2587,199 2613,199 2638,199 2664,199 2689,197 2715,196 2740,196 2766,199"/>
                <TextEquiv>
                    <Unicode>box 9/1</Unicode>
                </TextEquiv>
            </TextLine>
            <TextLine id="tr_3_tl_2" custom="readingOrder {index:1;}">
                <Coords points="2532,2336 3212,2340 3210,2304 3159,2293 3095,2312 2966,2285 2869,2302 2815,2275 2719,2305 2532,2292"/>
                <Baseline points="2539,2324 2572,2324 2606,2324 2640,2324 2674,2324 2707,2324 2741,2326 2775,2327 2809,2327 2842,2327 2876,2327 2910,2328 2944,2330 2977,2330 3011,2330 3045,2330 3079,2330 3112,2332 3146,2331 3180,2330 3214,2330"/>
                <TextEquiv>
                    <Unicode>in the material offered, but also of great</Unicode>
                </TextEquiv>
            </TextLine>
            <TextLine id="tr_3_tl_3" custom="readingOrder {index:2;}">
                <Coords points="2529,2374 3210,2379 3209,2344 3165,2340 2529,2336"/>
                <Baseline points="2536,2363 2569,2363 2603,2363 2637,2363 2671,2363 2705,2365 2739,2366 2773,2366 2807,2366 2841,2368 2875,2367 2908,2367 2942,2369 2976,2369 3010,2371 3044,2372 3078,2372 3112,2372 3146,2372 3180,2373 3214,2372"/>
                <TextEquiv>
                    <Unicode>distinction in its presentation. Bar the</Unicode>
                </TextEquiv>
            </TextLine>
            <TextLine id="tr_3_tl_4" custom="readingOrder {index:3;}">
                <Coords points="2532,2412 3146,2434 3214,2428 3214,2390 2531,2387"/>
                <Baseline points="2539,2405 2572,2405 2606,2405 2640,2405 2674,2405 2708,2405 2742,2405 2776,2406 2810,2408 2844,2408 2878,2408 2911,2409 2945,2411 2979,2409 3013,2410 3047,2411 3081,2411 3115,2411 3149,2413 3183,2414 3217,2411"/>
                <TextEquiv>
                    <Unicode>amusement created by Doris Keane's</Unicode>
                </TextEquiv>
            </TextLine>
            <TextLine id="tr_3_tl_5" custom="readingOrder {index:4;}">
                <Coords points="2529,2458 3190,2474 3210,2428 2911,2441 2867,2414 2772,2436 2528,2408"/>
                <Baseline points="2536,2447 2569,2447 2603,2447 2637,2447 2671,2447 2705,2447 2739,2449 2773,2450 2807,2450 2841,2450 2875,2450 2908,2451 2942,2453 2976,2453 3010,2455 3044,2456 3078,2456 3112,2456 3146,2456 3180,2456 3214,2453"/>
                <TextEquiv>
                    <Unicode>impersonation of the greedy girl and</Unicode>
                </TextEquiv>
            </TextLine>
            <TextLine id="tr_3_tl_6" custom="readingOrder {index:5;}">
                <Coords points="2532,2500 3218,2512 3207,2465 2532,2461"/>
                <Baseline points="2539,2489 2573,2487 2607,2488 2641,2489 2675,2489 2709,2489 2743,2489 2777,2489 2811,2489 2845,2489 2879,2491 2913,2492 2947,2492 2981,2495 3015,2495 3049,2495 3083,2495 3117,2495 3151,2495 3185,2498 3220,2501"/>
                <TextEquiv>
                    <Unicode>Marguerite Clarks ingenue sweetness,</Unicode>
                </TextEquiv>
            </TextLine>
            <TextLine id="tr_3_tl_7" custom="readingOrder {index:6;}">
                <Coords points="2538,2542 2805,2537 2915,2565 2952,2539 3207,2543 3206,2511 3167,2506 2538,2499"/>
                <Baseline points="2545,2527 2578,2527 2611,2527 2644,2528 2677,2530 2710,2530 2743,2530 2777,2530 2810,2530 2843,2530 2876,2531 2909,2533 2942,2533 2975,2535 3009,2536 3042,2536 3075,2536 3108,2536 3141,2537 3174,2539 3208,2536"/>
                <TextEquiv>
                    <Unicode>there was little outside of personal at¬</Unicode>
                </TextEquiv>
            </TextLine>
            <TextLine id="tr_3_tl_8" custom="readingOrder {index:7;}">
                <Coords points="2536,2584 3131,2599 3214,2591 3213,2557 2534,2543"/>
                <Baseline points="2542,2569 2575,2569 2609,2569 2643,2569 2677,2569 2710,2569 2744,2571 2778,2572 2812,2572 2845,2572 2879,2574 2913,2575 2947,2575 2980,2575 3014,2575 3048,2576 3082,2578 3115,2578 3149,2578 3183,2579 3217,2581"/>
                <TextEquiv>
                    <Unicode>tractiveness that was effective on the</Unicode>
                </TextEquiv>
            </TextLine>
            <TextLine id="tr_3_tl_9" custom="readingOrder {index:8;}">
                <Coords points="2526,2627 3210,2630 3210,2596 3095,2583 3054,2602 2526,2582"/>
                <Baseline points="2533,2611 2567,2611 2601,2611 2635,2611 2669,2611 2703,2611 2737,2613 2771,2614 2805,2614 2839,2614 2873,2614 2907,2615 2941,2617 2975,2617 3009,2617 3043,2617 3077,2617 3111,2617 3145,2619 3179,2620 3214,2620"/>
                <TextEquiv>
                    <Unicode>distaff side. Mr. John Barrymore's Ana¬</Unicode>
                </TextEquiv>
            </TextLine>
            <TextLine id="tr_3_tl_10" custom="readingOrder {index:9;}">
                <Coords points="2526,2665 3208,2671 3208,2634 3173,2628 2526,2624"/>
                <Baseline points="2533,2650 2566,2652 2600,2653 2634,2653 2668,2653 2702,2653 2736,2653 2770,2654 2804,2656 2838,2656 2872,2656 2905,2657 2939,2659 2973,2659 3007,2659 3041,2659 3075,2659 3109,2662 3143,2660 3177,2661 3211,2665"/>
                <TextEquiv>
                    <Unicode>toi was a smooth and easy performance,</Unicode>
                </TextEquiv>
            </TextLine>
            <TextLine id="tr_3_tl_11" custom="readingOrder {index:10;}">
                <Coords points="2529,2701 3153,2726 3210,2721 3210,2679 2528,2664"/>
                <Baseline points="2536,2692 2569,2694 2603,2695 2637,2695 2671,2695 2705,2695 2739,2695 2773,2695 2807,2695 2841,2697 2875,2700 2908,2701 2942,2701 2976,2701 3010,2701 3044,2701 3078,2701 3112,2704 3146,2702 3180,2702 3214,2704"/>
                <TextEquiv>
                    <Unicode>but it was all external, nothing that quite</Unicode>
                </TextEquiv>
            </TextLine>
            <TextLine id="tr_3_tl_12" custom="readingOrder {index:11;}">
                <Coords points="2532,2742 3206,2754 3206,2722 3128,2709 2532,2710"/>
                <Baseline points="2539,2733 2572,2735 2605,2735 2639,2733 2672,2733 2706,2735 2739,2736 2773,2736 2806,2736 2840,2736 2873,2737 2906,2739 2940,2739 2973,2739 3007,2739 3040,2740 3074,2742 3107,2742 3141,2742 3174,2742 3208,2742"/>
                <TextEquiv>
                    <Unicode>explained the character. There must have</Unicode>
                </TextEquiv>
            </TextLine>
            <TextLine id="tr_3_tl_13" custom="readingOrder {index:12;}">
                <Coords points="2525,2788 3060,2784 3117,2806 3203,2796 3202,2756 2523,2739"/>
                <Baseline points="2530,2775 2563,2775 2597,2775 2631,2776 2665,2778 2698,2776 2732,2777 2766,2778 2800,2778 2833,2778 2867,2778 2901,2779 2935,2781 2968,2781 3002,2781 3036,2781 3070,2781 3103,2781 3137,2781 3171,2782 3205,2784"/>
                <TextEquiv>
                    <Unicode>been something more subtle than any idea</Unicode>
                </TextEquiv>
            </TextLine>
            <TextLine id="tr_3_tl_14" custom="readingOrder {index:13;}">
                <Coords points="2526,2824 3206,2841 3184,2790 3078,2811 2526,2792"/>
                <Baseline points="2533,2814 2566,2816 2600,2817 2634,2817 2668,2817 2701,2819 2735,2820 2769,2820 2803,2820 2836,2820 2870,2820 2904,2821 2938,2823 2971,2823 3005,2823 3039,2824 3073,2826 3106,2824 3140,2823 3174,2824 3208,2826"/>
                <TextEquiv>
                    <Unicode>conveyed by Mr. Barrymore to account</Unicode>
                </TextEquiv>
            </TextLine>
            <TextLine id="tr_3_tl_15" custom="readingOrder {index:14;}">
                <Coords points="2526,2867 3203,2878 3202,2847 3161,2833 3033,2852 2886,2829 2526,2834"/>
                <Baseline points="2533,2856 2566,2858 2600,2859 2633,2859 2667,2859 2701,2859 2734,2859 2768,2860 2801,2862 2835,2862 2869,2862 2902,2863 2936,2865 2969,2865 3003,2865 3037,2865 3070,2865 3104,2865 3137,2865 3171,2866 3205,2868"/>
                <TextEquiv>
                    <Unicode>for Anatol as anything but a healthy</Unicode>
                </TextEquiv>
            </TextLine>
            <TextLine id="tr_3_tl_16" custom="readingOrder {index:15;}">
                <Coords points="2523,2920 3202,2915 3189,2878 2523,2874"/>
                <Baseline points="2530,2901 2563,2899 2597,2899 2631,2901 2665,2901 2698,2901 2732,2901 2766,2902 2800,2903 2833,2901 2867,2902 2901,2903 2935,2903 2968,2903 3002,2903 3036,2904 3070,2906 3103,2906 3137,2906 3171,2906 3205,2903"/>
                <TextEquiv>
                    <Unicode>young man with an indiscriminate fond¬</Unicode>
                </TextEquiv>
            </TextLine>
            <TextLine id="tr_3_tl_17" custom="readingOrder {index:16;}">
                <Coords points="2526,2959 3202,2957 3191,2914 2526,2920"/>
                <Baseline points="2533,2942 2566,2940 2600,2940 2633,2942 2667,2942 2701,2942 2734,2942 2768,2942 2801,2942 2835,2942 2869,2942 2902,2943 2936,2945 2969,2945 3003,2945 3037,2945 3070,2945 3104,2947 3137,2948 3171,2949 3205,2951"/>
                <TextEquiv>
                    <Unicode>ness for the other sex. The actor</Unicode>
                </TextEquiv>
            </TextLine>
            <TextLine id="tr_3_tl_18" custom="readingOrder {index:17;}">
                <Coords points="2527,2992 3186,3006 3198,2960 2526,2960"/>
                <Baseline points="2533,2981 2566,2981 2599,2982 2633,2984 2666,2984 2700,2984 2733,2984 2767,2984 2800,2984 2834,2984 2867,2984 2900,2985 2934,2987 2967,2987 3001,2987 3034,2987 3068,2987 3101,2989 3135,2990 3168,2990 3202,2990"/>
                <TextEquiv>
                    <Unicode>could not go further than the lines</Unicode>
                </TextEquiv>
            </TextLine>
            <TextLine id="tr_3_tl_19" custom="readingOrder {index:18;}">
                <Coords points="2517,3028 3202,3047 3202,3005 2517,2996"/>
                <Baseline points="2524,3023 2558,3023 2592,3023 2626,3024 2660,3026 2694,3024 2728,3023 2762,3024 2796,3026 2830,3026 2864,3026 2898,3027 2932,3029 2966,3029 3000,3029 3034,3029 3068,3029 3102,3032 3136,3030 3170,3030 3205,3035"/>
                <TextEquiv>
                    <Unicode>allotted to him, but in his performance,</Unicode>
                </TextEquiv>
            </TextLine>
            <TextLine id="tr_3_tl_20" custom="readingOrder {index:19;}">
                <Coords points="2517,3077 3202,3082 3202,3047 3093,3037 2517,3043"/>
                <Baseline points="2524,3062 2558,3064 2592,3065 2626,3065 2660,3065 2694,3065 2728,3065 2762,3066 2796,3068 2830,3068 2864,3068 2898,3068 2932,3068 2966,3068 3000,3068 3034,3069 3068,3071 3102,3071 3136,3071 3170,3072 3205,3071"/>
                <TextEquiv>
                    <Unicode>as in the piece itself, there seemed to be</Unicode>
                </TextEquiv>
            </TextLine>
            <TextLine id="tr_3_tl_21" custom="readingOrder {index:20;}">
                <Coords points="2516,3122 3203,3122 3202,3093 3158,3079 2515,3076"/>
                <Baseline points="2521,3103 2555,3105 2589,3106 2623,3106 2657,3106 2692,3106 2726,3106 2760,3107 2794,3109 2828,3109 2863,3109 2897,3109 2931,3109 2965,3109 2999,3111 3034,3112 3068,3112 3102,3112 3136,3112 3170,3112 3205,3112"/>
                <TextEquiv>
                    <Unicode>something lacking; an intangible and in¬</Unicode>
                </TextEquiv>
            </TextLine>
            <TextLine id="tr_3_tl_22" custom="readingOrder {index:21;}">
                <Coords points="2520,3159 3201,3163 3175,3122 2520,3118"/>
                <Baseline points="2527,3148 2560,3146 2594,3145 2628,3146 2662,3148 2695,3148 2729,3148 2763,3148 2797,3148 2830,3148 2864,3150 2898,3151 2932,3151 2965,3153 2999,3152 3033,3151 3067,3151 3100,3153 3134,3154 3168,3154 3202,3151"/>
                <TextEquiv>
                    <Unicode>definable impression that suggested cham¬</Unicode>
                </TextEquiv>
            </TextLine>
            <TextLine id="tr_3_tl_23" custom="readingOrder {index:22;}">
                <Coords points="2523,3201 3202,3206 3202,3161 3139,3181 2523,3161"/>
                <Baseline points="2530,3193 2563,3191 2597,3189 2631,3187 2665,3187 2698,3187 2732,3187 2766,3188 2800,3190 2833,3190 2867,3190 2901,3191 2935,3193 2968,3193 3002,3193 3036,3193 3070,3193 3103,3195 3137,3196 3171,3196 3205,3196"/>
                <TextEquiv>
                    <Unicode>pagne without the bubbles and with the</Unicode>
                </TextEquiv>
            </TextLine>
            <TextLine id="tr_3_tl_24" custom="readingOrder {index:23;}">
                <Coords points="2517,3239 2905,3239 2923,3256 2975,3255 2983,3212 2516,3202"/>
                <Baseline points="2524,3229 2549,3229 2575,3229 2601,3229 2626,3229 2652,3229 2678,3229 2704,3229 2729,3229 2755,3229 2781,3229 2806,3230 2832,3232 2858,3232 2884,3232 2909,3234 2935,3235 2961,3235 2987,3235"/>
                <TextEquiv>
                    <Unicode>stimulating effect also gone</Unicode>
                </TextEquiv>
            </TextLine>
            <TextLine id="tr_3_tl_25" custom="readingOrder {index:24;}">
                <Coords points="2601,3276 3090,3295 3201,3289 3201,3256 3156,3233 2924,3256 2600,3237"/>
                <Baseline points="2608,3271 2637,3271 2667,3271 2697,3271 2726,3271 2756,3271 2786,3271 2815,3271 2845,3272 2875,3274 2905,3274 2934,3274 2964,3274 2994,3276 3023,3276 3053,3274 3083,3276 3112,3278 3142,3280 3172,3280 3202,3280"/>
                <TextEquiv>
                    <Unicode>The Affairs of Anatol" is unique,</Unicode>
                </TextEquiv>
            </TextLine>
            <TextLine id="tr_3_tl_26" custom="readingOrder {index:25;}">
                <Coords points="2520,3318 2721,3326 2772,3351 2869,3320 2932,3340 3199,3328 3199,3299 3148,3288 2520,3267"/>
                <Baseline points="2527,3312 2560,3312 2594,3312 2628,3312 2662,3312 2695,3310 2729,3310 2763,3312 2797,3312 2830,3314 2864,3315 2898,3315 2932,3315 2965,3315 2999,3315 3033,3315 3067,3315 3100,3317 3134,3318 3168,3318 3202,3315"/>
                <TextEquiv>
                    <Unicode>it is pleasantly done, but it is disappoint¬</Unicode>
                </TextEquiv>
            </TextLine>
            <TextLine id="tr_3_tl_27" custom="readingOrder {index:26;}">
                <Coords points="2516,3367 2528,3372 2537,3369 2546,3373 2553,3368 2562,3377 2567,3373 2590,3373 2589,3324 2578,3323 2573,3327 2567,3323 2553,3329 2529,3317 2514,3322"/>
                <Baseline points="2521,3354 2557,3356 2593,3357"/>
                <TextEquiv>
                    <Unicode>ing.</Unicode>
                </TextEquiv>
            </TextLine>
            <TextLine id="tr_3_tl_28" custom="readingOrder {index:27;}">
                <Coords points="3010,3362 3034,3374 3047,3369 3095,3380 3111,3374 3136,3388 3170,3389 3169,3334 3150,3324 3101,3333 3068,3324 3062,3329 3039,3323 3010,3328"/>
                <Baseline points="3017,3357 3042,3355 3068,3354 3094,3356 3120,3357 3146,3357 3172,3357"/>
                <TextEquiv>
                    <Unicode>Metalle.</Unicode>
                </TextEquiv>
            </TextLine>
            <TextEquiv>
                <Unicode></Unicode>
            </TextEquiv>
        </TextRegion>
    </Page>
</PcGts>
