3436 4256
1427 153 1779 248 box 9/1
931 158 1262 265 Zyklus
302 170 863 272 4.9. Anatol
445 779 1555 922 Ausschnitt aus: Salzburger Volksblatt
453 872 1116 985 vor: MERZ 1915
553 937 1591 1059 es Jhnen nach lange gen.
547 1017 914 1080 2 Uhr Staatsbahnhof.
395 1001 486 1074 re
594 1092 1362 1209 enter, Kunst und Musik.
502 1177 1589 1268 „Anatol. Als Erinnerung an diesen Abend bleibt
402 1248 1586 1329 enschieden ein leises Unbehagen. Man ist sich bald darüber
397 1298 1591 1380 kan daß es weder Mache, noch Technik, noch lateinische Her¬
400 1346 1591 1415 kunft und Geistigkeit dieser Szenen ist, woran man Anstoß
400 1398 1588 1463 nimmt, noch die Art, wie sich die Welt hier spiegelt. Wir
403 1445 1592 1514 Jüngeren hatten längst gefühlt, daß dieser Anatol unseren
403 1489 1589 1565 Herzen ferner stand, als sich aus den wenigen Jahrfünften,
409 1547 1591 1615 die verflossen waren, erklären ließ. Nun wird es, an der
409 1595 1591 1662 ungeheuren Wirklichkeit dieser Tage gemessen, erschreckend
409 1648 1591 1699 klar, daß diese Bilder einer verschollenen Epoche angehören.
409 1686 1595 1753 Trotz alledem bleibt das Werk ein Dokument und eine Tat
406 1734 1601 1808 und darf so leichtfertig, wie das gestern geschah, nicht entstellt
412 1798 1600 1854 werden. Mühelos hätte der Regisseur vieles besser machen
406 1833 1597 1895 können. Die „Frage an das Schicksal im hellsten elektrischen
406 1878 1600 1937 Lichte durfte nicht stimmungslos verhallen, das „Abschieds¬
406 1920 1601 1988 Souper nicht bis zur Unkenntlichkeit entstellt, noch „Anatols
415 1974 1597 2042 Hochzeitsmorgen", wie ein französischer Schwank-Akt, grob
415 2023 1600 2090 auf äußere Wirkungen gestellt, ohne Abstufungen in einem
418 2069 1600 2137 unnatürlich forcierten Tempo gespielt werden. Anatol ist
418 2114 1594 2189 Günther. Aber er ist es in einer zu oberflächlichen, zu
412 2171 1603 2247 routinierten, zu liebenswürdigen Art und Weise. Er ent¬
417 2215 1597 2284 täuscht, weil man eine vollkommenere Leistung erwartete.
412 2263 1601 2331 Wir wollen in friedlicheren Zeitläuften wieder ernsthaft solche
411 2311 1601 2379 Dinge verhandeln. Gelingt es durch eine Mustervorstellung
427 2361 1606 2427 (irgendwo) den Anatol auf der Bühne heimisch zu machen,
424 2414 1605 2478 so müßte ihn dennoch Günther spielen, der für die Rolle so ziem¬
415 2456 1603 2531 lich alles mitbringt. Freilich von einer anderen Seite her. Viel¬
427 2499 1608 2579 fältiger, geistiger, verfeinerter, haltloser. In einem anderen Rah¬
421 2552 1609 2614 men: denn es ist klar, daß diese Szenen nicht im Kostüm von
412 2598 1614 2665 Neunzehnhundertfünfzehn gespielt werden dürfen. Ich weiß einen
427 2648 1612 2722 jungen Künstler, der die Figurinen und Szenenbilder für eine
433 2701 1609 2770 solche mattgetönte und dabei doch unendlich lebendige Auf¬
430 2744 1606 2817 führung entwerfen müßte. — Wien 1890. — Den paar Lieb¬
421 2798 1617 2857 habern, denen der Anatol gestern abends verleidet wurde,
421 2839 1609 2902 rate ich, so schnell wie möglich nach dem Buch zu greifen und
439 2884 1611 2953 — so ihnen diese Tage wirklich keine schwereren Sorgen auf¬
427 2934 1608 3038 erlegen — den unvergleichlich anmutigen Prolog Hofmanns¬
1454 2985 1558 3051 w.
415 2992 944 3063 thals ja nicht zu vergessen!
1881 789 2307 895 Ausschnitt aus:
2355 823 2874 983 burger und
2367 925 2729 1044 Salzburg
2165 1009 2895 1131 Theater und Konzerte.
2997 1116 3099 1182 Zum
1968 1099 2935 1186 „Anatol, Abschiedsgastspiel Karl Günther.
1914 1165 3096 1223 Glück ist die heurige Spielzeit zu Ende. Zum Glück
1911 1218 3099 1274 Ja! So gerne wir unseren Bühnenmitgliedern noch
1920 1263 3107 1326 wei Monate Spielzeit gegönnt hätten — aber dieses
1920 1320 3104 1382 reche Geschause eines sexuellen Hochstaplers paßt in
1905 1364 3102 1415 die ernste Kriegszeit wie das Grunzen eines Ebers in den
1911 1412 3102 1459 Konzertsal. Es ist unglaublich, daß in unserer doch im¬
1905 1453 3102 1513 mer noch deutschen Stadt ein so seichtes, so schamlos
1917 1504 3108 1565 schmutziges Dirnenstück wie besonders der vierte Ein¬
1908 1547 3096 1608 ter „Anatols Hochzeitsmorgen gespielt werden darf
1908 1598 3102 1657 es ist unverantwortlich, daß deutsche Mütter der Stadt
1908 1648 3105 1704 und Umgebung ihre Töchter zu solchen Verherrlichungen
1905 1701 3102 1743 der gemeinsten Sinnlichkeit führen; es ist geradezu ein
1905 1741 3102 1803 Skandal, daß sich in allen zuständigen Stellen auch nicht
1917 1794 3093 1839 in deutscher Mann findet, der solchen nicht einmal gra¬
1893 1839 3096 1896 ziösen, sondern orientalisch=gemeinen Unzuchtsszenen
1911 1886 3102 1947 in kräftiges Veto entgegensetzt. Von dem Intendanten
1902 1938 3104 1989 des Theaters solch eine deutsche Mannestat zu erwarten,
1905 1980 3099 2036 wird man ganz besonders nach den Erfahrungen der
1911 2027 3099 2087 heurigen Spielzeit wohl unterlassen, obwohl hier
1917 2078 3099 2126 sein Wort am Platz gewesen wäre: „Das Stück ist zu
1905 2122 3099 2183 roh und zu gemein und paßt in die Kriegszeit
1899 2177 3101 2229 nicht hinein.“ Die Spielzeit hat also einen Schluß er¬
1911 2218 3098 2283 halten, der Widerwillen und Ekel bei gesund fühlenden
1899 2271 3101 2317 und vernünftig denkenden Menschen erwecken muß.
1902 2317 3104 2365 Welche deutsche Mutter möchte wohl eine Schnitzlersche
1908 2364 3105 2423 Ilona zur Tochter oder den Lumpen Anatol zum Sohn
1896 2411 3102 2477 haben? Sie stehe auf! Aber ich wette: es meldet sich
1908 2457 3096 2513 eine. Gelacht haben manche über die Schnitzlerei, aber
1908 2508 3092 2558 in ihrer Familie möchten sie niemanden von dem Ge¬
1899 2556 3102 2621 sindel haben, das sich da zweieinhalb Stunden auf un¬
1916 2604 2608 2666 serer Bühne breitmachen durfte.
1967 2632 3096 2713 Herr Karl Günther stand in der Titelrolle der
1902 2702 3092 2755 vier Einakter nicht auf der Höhe seiner sonstigen Lei¬
1911 2741 3098 2803 ungen; er schwamm keck in dem Schnitzlerschen Schwatz
1899 2795 3101 2848 herum und blieb trotz dem sehr aufdringlichen Einblasen
1908 2844 3099 2898 gar oft stecken. Wir hätten gewünscht, daß er uns seine
1904 2892 3099 2946 Kunst an einem würdigeren Vertreter des homo sa¬
1899 2929 3102 2998 piens gezeigt hätte. Weit besser beherrschte Herr
1905 2983 3102 3051 Herbst die Rolle des Max. Von den weiblichen Mit¬
1899 3030 3102 3084 wirkenden hatte nur Frl. Lord in dem hier schon be¬
1899 3077 3102 3140 kannten „Abschiedssouper“ eine größere Rolle, die sie
1899 3126 3101 3191 überraschend gut durchführte: Frl. Sandorff wird
1902 3173 3099 3238 sich in der kleinen Dirnenrolle der Zirkusdame nicht
1899 3221 3096 3284 wohlgefühlt haben und von Frl. v. Hermann müssen
1905 3269 3099 3329 wir wohl auch annehmen, daß sie nur gezwungen die
1896 3320 3030 3373 beiden anderen Dirnenrollen übernommen hatte.
1902 3356 3099 3418 Das Haus war fast ausverkauft, aber bei weitem nicht
1905 3411 3096 3481 so beifallslustig wie sonst bei Günthers Gastspielen.
1962 3489 2189 3555 .
