3436 4256
1563 103 2624 155 vole di essere almeno conosciuto. Fu post
695 114 1536 160 quello che ne so, ha qualche segno di deli
456 128 670 179 narchese di
1566 125 2608 174 in sena con molto buon gusto, e recitato
692 163 2410 239 cata originalità, che eri non ci fu dato di con ficzza signorie del Betrone e con la
2437 168 2608 220 sta ei
448 166 665 223 ore di Bon¬
689 195 2060 274 intravvedere. In ciascuno dei suoi cinque vole vivacita dal poli,
2434 201 2613 250 do lo
448 209 659 269 da eri
687 233 1541 280 amori, dei quali ci fu mostrato qualche aspet
2437 233 2619 285 del lette
1588 244 1954 312 Stasera si replica.
448 258 1539 312 acomo del to, l'ombra degli amori passati determina une
2434 274 2613 318 e qual
1973 282 2380 364 Renato Simoni
2434 307 2613 366 lo face
456 307 1539 356 nomi, mu-specie di nostalgia, una incapacità di goder¬
2437 342 2586 391 zo alla
450 337 662 402 itti sulla
695 353 1536 399 pianamente e sanamente la gioia presente
2434 374 2594 423 pare ; il
472 385 1541 437 passarono Anatolio, più che per certi atteggiamenti ge¬
2442 407 2594 453 le
1588 396 2407 459 La quinta rappresentatione di Aida si
453 429 659 488 endola tre
2442 440 2605 488 il suo
687 429 2410 494 nerali dell'uomo di fronte all'amore, deve rap¬ volta lersera con pieno favore del pubblico
2434 472 2602 521 bili.
692 467 2407 543 presentare il viennese di trent anni fa, nella che ha festeggiati con frequenti applausi i
453 472 668 532 passato...
2429 516 2605 554 noux, à
692 510 2312 564 più splendida Vienna, al tempo del piacere maestro Toscanini e i principali artisti.
456 518 659 578 dito quest
2445 545 2608 592 percosso
687 551 1533 597 e del gusto più raffinati ; à un amante este
1593 551 2410 597 Questa sera (18e recita, serie A) si dà la
453 564 659 627 gli rispose
2442 581 2624 627 calci non
692 581 2413 632 ta, non per posa, ma quasi per sentimento, terza rappresentatione di Traviata. Doman
461 613 2643 687 per me di un cerebrale che, nel tempo stesso, è un roriposo. Sabato (19 recita, fuori abbonamen¬
2437 649 2638 695 mentre
1566 654 2236 695 to per la platea) si ripete l'Aida
687 659 1531 711 mantico. Per questa specie di tenera e sen
2434 684 2638 727 valle
1590 678 2404 733 Domenica, in mattinata, fuori abbonamen
453 697 567 763 cora:
684 706 2407 779 suale artificiosità della passione di Anatolio, to (20 recita), quarta rappresentationed
2432 711 2581 776 vescolo
689 741 2583 806 in una poesia, stampata come prefazione al¬ ravita, e di sera (21 recita, serie B), secon¬
475 738 662 811 lasciatem
687 782 2407 836 l'opera, si imagina, per commedie comme de rappresentazione di Lucia di Lammermoor
2459 787 2624 833 La pro¬
687 825 1539 866 queste, cioè per « le commedie gentili e do
1598 817 2640 860 Questa mattina s’inizia la prenotazione bondantis¬
478 836 659 896 detto Si
687 852 2624 906 lorose della nostra anima », un teatro di fron per la recita di sabato sera e domani veneri quali
2434 890 2621 939 me libre,
456 887 665 950 10 con lui :
692 893 2038 939 de, alla luce del sole pomeridiano, fra vecer le recite domenicali.
2434 925 2621 974 Volupté
695 939 1547 993 chie fontane, in un giardino rococo della
456 925 659 991 osi il buon
2426 961 2619 1010 au soldat
1740 931 2231 1018 SPETTACOLI DOCCI
692 974 1370 1029 Vienna settecentesca del Canaletto.
478 977 665 1042 lealmente
1588 982 2619 1034 SCALA. Traviata di Verdi. Ore 21. — DALVER so
722 1004 1541 1061 Anatolio, non vive, che per l'amore, con
2434 1031 2621 1067 l'energie
464 1023 668 1080 Francia, nè
1571 1034 2315 1080 ME; Gioconda » di Ponchielli, Ore 20.45.
692 1058 2413 1096 eleganza e con sensibilità. Forse ama più Rico (Ca Regin-Lombardo): « Il paese de campa¬
2437 1064 2638 1104 niti sotto
450 1064 670 1134 Principe
1590 1086 1929 1132 anto.
2030 1094 2413 1137 — ARCANO: « Bon
692 1091 1547 1140 l'amore che le donne: ma in fondo alla sua
1588 1115 1929 1151 ne di Puccini. Ore
453 1110 662 1175 a Franci¬
2442 1126 2616 1170 opusculi:
689 1137 1541 1180 aventurosa esperienza e al suo casanovi¬
1566 1148 2418 1186 ne) : « Anatolto di Schnitzler. Ore 21. — OLIMPIA
2445 1161 2627 1210 Tutto ciò
461 1172 2413 1208 , con quemo un po fatuo, c'e un ingenuita credula C. Teatro buffonesco) : « Il visconte di Letorières
2437 1191 2640 1237 liche gli
1569 1202 2103 1235 di Bayard e Dumanoir. Ore 21
2155 1199 2410 1240 FILORAMMA
695 1210 1539 1256 di ragazzo. E un viveur che ha vinto ante
1566 1213 2640 1267 TICI (C. Musco): Fiat voluntas Deil » di Macritura ave¬
692 1246 2418 1292 battaglie, che sull'amore ha delle idee ge-re 21. — DIANA (C. Maresca) : « Dallago al mili¬
453 1227 670 1313 i fu parti¬
2445 1256 2638 1303 politica¬
1563 1286 2640 1343 ne di Dall'Argine. Ore 21. — TEATRO DEL POIda, ma
692 1278 1533 1330 nerali un po niche, ma che, in ogni amore
459 1289 562 1354 10.
1563 1313 2407 1346 POLO L'invincible » de Oriani (Serata di F. Be¬
687 1330 2635 1365 serba un po delle poetiche illusioni del prin¬ ci). Ore 20.45. — FOSSATI (C. Riccioll): «Bambei conser¬
1566 1362 2643 1400 di Carabella. Ore 20.45. — VERDI: Circo teatrale, del 93 eg¬
695 1365 1536 1411 cipiante. La sua sensualità è sempre accom¬
1571 1395 2649 1433 Ore 21. — EDEN (Ca di riviste): «Arcobaleno di la Cocarde
692 1403 1539 1449 pagnata da un dolce fantasticare. Ogni donne
1566 1425 2638 1468 Ramo e Mazzucato. Ore 21. — POLITEMA MILA quotidiani
456 1408 665 1482 chiala, an¬
692 1446 2407 1487 che possiede gli pare l’amante unica, la vera, NESE (C. Bonecchi : « Tecoppa brumista » : « Mas
1566 1468 2635 1539 sinelli in vacanza » di Ferravilla, etc. Ore 21. — Evore der
453 1479 1541 1528 ma, vorrò la passione immortale. Cento prove amare
2434 1495 2640 1552 ma, in pa-
1566 1509 2106 1566 ROLAMO Marionette. Ore 20.45.
483 1517 1539 1569 miei con dovrebbero avergli aperto gli occhi ; ma, per
2434 1533 2640 1577 sang, de
692 1558 1533 1601 quanto nel fondo del bicchiere trovi sempre
453 1552 659 1623 reziosa ri¬
2437 1566 2646 1612 sopravvive
1593 1563 2377 1653 Echi di spettacoli, ritrovi, ecc.
692 1593 1544 1639 la feccia, l'inganno lo riprende sempre, con
2437 1604 2646 1650 Perfino is
697 1634 1544 1680 le stesse fresche seduzion. E questo perche
2442 1636 2651 1685 nero ricon
1596 1631 2407 1691 Al Trianon-Pavillon Doré, stasera avrà luog
478 1642 638 1721 Gatti
2434 1672 2646 1721 veniva el
689 1680 2410 1723 egli è sempre convinto di essere il sedu¬ la prima grande veghia danzante della stagione de
2437 1707 2638 1764 dirigi
695 1712 2410 1756 tore. L'aver conquistato molte donne gli di dicata alla casa Pernet et Fils de Reims, la ca¬
1569 1742 2532 1783 dello champagne tanto ricercato dall'élite milanes
692 1748 2413 1805 un curioso sentiento della sua importanza la casa Pernet, che si è sempre distinta pe-
456 1742 668 1821 ? Tipo¬
2472 1772 2649 1829 Maurizio
1566 1799 2404 1834 la signorilità con la quale sa organizzare le fest¬
692 1794 1539 1840 diamante, che è contrasto, quasi sempre
2445 1815 2649 1862 già dal 18
1566 1826 2413 1867 presenter al pubblico del graziosi regali che co
695 1832 1539 1870 con il realismo e con l'egoismo femminile
1571 1848 2659 1894 stituiranno un geniale ricordo alla numerosa e nalismo le
697 1875 1810 1910 Anatolio , come molta parte del teatro del fine clientela.
2434 1883 2643 1929 diese del
507 1864 1539 1973 go quo tempo, e come quasi tutto il teatro d'oggi
1601 1900 2643 1957 Le più belle danze di « Bambu », l'acclamata economico
689 1951 2649 1992 antisemminista. L'homme à femmes che esso operetta di Carabello che triona sulle scene del azionalis
478 1943 613 2011 nova
1571 1970 1881 2016 Fossati con lo shi¬
1913 1976 2413 2011 my Bambu Bambi, col delizio
2445 1995 2651 2033 pre però
692 1984 1883 2035 mette in scena sarebbe ridicolo se non ci Scotti della
1913 2008 2415 2038 retta e col popolare For¬
478 2000 643 2076 cembre.
2442 2024 2649 2071 fu impro¬
695 2033 2410 2068 fosse, dietro la falsità alla moda dei suoi di Telee ilme sono in vendita nelle riduzio
1571 2060 2643 2098 ni per canto e plano, mandoline ed orchestrine con lui ne
692 2065 1544 2111 atteggiamenti, una sincerit, sempre giovine
499 2054 665 2125 Comitat
2437 2090 2646 2138 allo stesso
480 2084 2396 2144 irgilio, in di sentimento, un pathos leggermente escarcha como vitt. Em. 18.
1601 2114 2649 2174 11 film « Sodoma e Gomorra » ha ottenuto al Burg¬
483 2144 2415 2185 residente ro, come un valtzer viennes. E curioso losem Centrale uno del più lusinger success
2445 2160 2649 2212 religiosa.
1593 2185 2413 2225 Oggi si prietta il secondo episodio, entre do
488 2176 1550 2223 ndi circa servare che talvolta egli si rende conto della
2445 2193 2662 2242 e alla reli¬
488 2206 676 2258 cipio la
700 2198 2413 2261 vanità delle sue illusioni. Ma le vuol con ani si riprenderanno le protezioni del primo,
2442 2231 2651 2274 perche no
1571 2239 2410 2271 cosi di seguito, in modo che tutti potranno veder
488 2242 668 2293 guito alle
692 2263 2372 2301 servare ugualmente, sebbene in esse non cre¬ besmo capolvoro in soli due giorni.
2442 2261 2646 2309 de Figaro
491 2280 668 2326 vesi che
692 2293 1544 2337 da pli. Nel primo dei quadri rappresentat.
1598 2299 2654 2339 L'eroismo generoso di Pery nel « Guaranyga serie de
499 2309 668 2356 ad as
695 2331 2649 2380 teri sera, per essempio, egli avrebbe avuto commove il pubblico del Provisoria, insieme al¬
491 2345 670 2394 mit
1574 2366 2182 2404 l'interpretatione di Anita Faraboni,
2445 2366 2651 2415 resto e all¬
494 2369 1544 2415 il compi modo di sapere se la sua piccola amante le
1598 2375 2413 2437 Al Cinem Modernissimo, via Torino 21, og
2448 2402 2643 2448 se sotto
505 2423 2654 2497 randi di tradice. L'ha pnotizzata. Le a strappato, no le protezioni del primo episodio della che aveva¬
695 2453 2054 2499 durante quel sonno obbediente, persino la im Sepotero Indiano.
2432 2470 2651 2524 cese, il pe
505 2472 665 2532 jenes
692 2480 1544 2535 confessione precisa degli anni che ha Po¬
2437 2505 2668 2551 allora, su
505 2527 668 2573 Beltrami
1767 2516 2244 2581 NOTIZIE MUSICAL
692 2521 1550 2573 trebbe chiederle se ella gli è fedele. Ma non
2437 2537 2665 2586 cia dagliat
507 2564 1550 2611 dio parardisce scoprire questa verità. Preferisce igno¬
2442 2567 2662 2619 tica tradizi
505 2594 659 2646 , allo¬
695 2581 2407 2649 rare e baciare; non per sceticismo di gau¬ mese beethoveniano al Teatro del popol¬
2437 2611 2665 2654 Deracinés
524 2624 670 2684 che ha
692 2638 1550 2689 dente, ma per timore d'innamorato. In un
1598 2640 2649 2695 Nel corrente mese di dicembre verranno a second
513 2665 668 2708 opere
513 2678 2668 2744 tenutasi altro quadro lo vediamo riandare la storia dati al Teatro del Popolo quattro concerti dicale e tra¬
695 2708 2659 2773 dei suoi amor passati, con una certa vanita musica beethoveniana, comprendenti il Trio tivo dell'A¬
521 2735 662 2776 senti
1569 2746 2556 2798 op. 70, la Sonata op. 30 per violino e piano¬
518 2754 1541 2803 e varie superiorità ; riassaporali, ma come lucide
2464 2773 2665 2830 La ripere.
1569 2784 2413 2828 forte, la Sonata in la magg, per violoncelle
692 2795 1544 2844 glorie della sua potenza maschile. E intento
513 2798 665 2849 ment
529 2811 2659 2877 , nella ciascuno di essi gli par un grande episodio pianoforte ; i Quartetti op. 18 h. 4 en. 6; il Barrés, del
692 2855 2662 2925 che, come ha impresso un segno nel suo ruartetto op. 59 n. 3e il Quartetto op. 95. suo sostan¬
529 2868 668 2915 no, de
1566 2885 2662 2939 Inoltre verra eseguito il cielo di sei melodie dissima pre
532 2904 665 2950 del la
697 2912 1544 2961 cordo, deve aver lasciato un caro profonde
1593 2920 2665 2966 Allamata lontanae l'Aria di Leonora nelattes alla
524 2936 670 2985 ma fi¬
697 2953 1539 3001 rimpianto nel core delle sue donne. Invec
1588 2950 2670 2996 Fidelio ; esecutrici le signore Linda Can¬ gruppe
529 2977 668 3020 circa
524 2988 2670 3045 pti pre una di queste si incontra con lui e non lo netti e Giannina Russ. Al pianoforte il maero essi non
2434 3023 2670 3067 ni, facesser
700 3020 2027 3077 riconosce neppure. In un altro quadro, mentro Alberto D'Erasmo.
524 3042 673 3086 uzione,
1588 3029 2670 3102 Il primo di questi concerti si avrà domani Ligue des
700 3064 1541 3115 tre vorrebbe, per quella mania dell'amor¬
535 3077 673 3121 tenuta
535 3094 2678 3162 entivaassoluto, dell'amore che comincia solo da lui sera, venerdi, col Trio op. 70, con canti dente, ha
1569 3113 2673 3170 Allamata lontana » (Soprano signora Can¬e suo fa¬
700 3145 1541 3194 e per lui, che gli è propria, che una ragaz
2464 3151 2678 3208 Qualcune
535 3159 2418 3229 tua in a non solo dimenticasse tutto il passa, netti) ed il Quartetto op. 18 n. 4, affidato al¬
1569 3194 2673 3238 l'interpretazione consueta del Quartetto Pole a tre co¬
543 3213 668 3275 metri
2440 3224 2673 3273 sembrava,
697 3227 1544 3273 ma distruggesse ogni oggetto che può ricor
1571 3229 1718 3289 tronieri
532 3251 673 3297 oltre
2434 3256 2681 3308 e tutte tres
700 3251 1544 3303 darlo, s'accorge che la cara figliola conserve
1683 3243 2309 3313 Al Conservatorio
532 3286 665 3327 a une
2437 3286 2684 3341 mescolate,
532 3297 1544 3370 toriche que pietre preziose: una che commemora le
1598 3305 2695 3379 La violinista Bianca Maria Buya ha ini¬
697 3351 2681 3395 sua prima caduta, l'altra che si ricollega a giato al Conservatorio la sua opera di pro¬alità, che
537 3357 670 3408 di in
697 3387 2418 3425 un peccato assai meno memorabile, ma che paganda artistica, che avrà sviluppo in un
2445 3395 2681 3446 trasto, in lui
532 3387 668 3436 . L'ar¬
703 3419 2415 3463 à un diamante nero, e quindi a un grande giro di concerti, col far conoscere al pubbli
2445 3422 2692 3471 go, il politi¬
535 3419 673 3468 te sie
535 3452 2418 3501 prestare valore. In un altro quadro Anatolio è stan¬ accorso ad udirla una bellissima Sonata
2448 3455 2689 3501 Maurizio Ba
700 3490 2673 3539 co di una donna, e impatiente di unirsi ad italiana settecentesca di autore assai poco mente spice
532 3495 673 3536 mit
1571 3520 2415 3563 conosciuto il Mossi. Riprodusse anche La
2451 3528 2670 3571 rito l'aver¬
524 3525 1544 3571 munici¬ n'altra ; e si prepara a dare alla prima, in
1571 3552 2646 3601 Folia di Corelli superando le difficoltà ardite la maggio,
540 3563 668 3607 pian
697 3560 1544 3617 una cena di conged, l'annuncio che l'a
1569 3593 2415 3626 della cadena fra vivi applausi. Nella secon¬
535 3593 673 3639 na per
697 3598 1541 3650 more à finito. Ma prima che egli parti, à le
1569 3626 2421 3661 da parte del concerto, la Buya presento al¬
532 3631 670 3669 mento
697 3636 1544 3702 che gli comunica che non gli vuol più ben¬
1569 3658 2423 3693 cune composizioni autori nostri modern,
537 3669 670 3707 ealizza
532 3685 2415 3742 disfaceed è decisa di darsi ad un bellissimo ragazzo quali Galliera, Ambrosio, Ricci, Signorin
2472 3683 2689 3745 L'indus¬
706 3731 2681 3786 che non ha un soldo, ma le promette gioie Sinigaglia, facendovisi pure approvare con nominato Ca¬
535 3734 676 3786 nien¬
681 3748 1718 3832 colorite. Anatolio s'adre e soffre, Abbandona calore
2429 3759 2697 3818 nemeene in
