3436 4352
1331 200 1685 310 box 8/4
925 209 1131 316 klu-
209 203 722 313 4.9. Anatol
725 223 899 316 -
1514 1085 2651 1160 Dramaturgen und Schauspieldirektoren unmittelbar
342 1088 1473 1163 Anatol!" sagt der beispielsweise in der „Episode und wirft
1517 1151 2645 1209 imponieren, weil ihre Stücke voll von dem konventionellen
334 1146 1467 1204 mit diesen Worten, die er zu sich selbst, das heißt zum
1508 1198 2636 1259 Bumbum und Trara des antiquierten Theaters sind
328 1195 1459 1259 Publikum spricht, Biancas Brief ins Feuer, das heiß
1517 1230 2645 1299 und solche, die wirkliche dramatische Dichter sind und
334 1241 1462 1302 also in den Kamin, denn im alten Burgtheater hatten
1514 1288 2642 1343 die man in ihren Anfängen infolgedessen meist für
336 1293 1467 1346 auch noch die Studenten Kamine. Wer hört aus dieser
1508 1331 2642 1389 Novellisten hält. In diese Kategorie gehört Artur
339 1343 1467 1401 Phrase nicht sogleich den Tonfall Sonnenthals heraus,
1514 1383 2506 1450 Schnitzler; seine Stücke, obwohl oft lyrisch
2540 1383 2642 1444 oder
336 1383 1470 1441 des Sonnenthal der Achtzigerjahre, der noch die Lieb¬
1517 1424 2645 1482 novellistisch anmutend, sind doch alle mit der
328 1433 1470 1494 haber spielte? Und wenn im letzten Stück, im „Hochzeits¬
1525 1470 2639 1534 sympathetischen Tinte des echten Dramatikers geschrieben,
331 1485 1464 1540 morgen", der Freund im Frack zur Unzeit bei Anato
1514 1522 2642 1575 deren Schrift erst bei künstlichem Licht lesbar wird. Man
336 1528 1467 1583 erscheint, um zu erkunden, von welcher Farbe die Toilette
1511 1569 2642 1627 braucht sie nur aufzuführen, und sie wirken. Das hat
339 1580 1467 1638 seiner Cousine Alma sein wird, weil er sich als Kranzel¬
1502 1612 2636 1670 man dieser Tage erst beim Anatol gesehen. Wie eigen
339 1630 1467 1688 herr mit dem Bouquet danach richten muß — ist das
1502 1662 2639 1720 ist doch das Schicksal dieses Werkes. Seinerzeit, als es
336 1670 1470 1731 nicht eine unschuldige, lustspielmäßige Motivierung wie
1502 1708 2630 1763 erschien, hat man die Einaktersammlung nicht einmal al¬
328 1720 1462 1786 bei Bauernfeld? An Bauernfeld, an Feuillet, an ander¬
1505 1757 2636 1810 Buch gelten lassen wollen. Jetzt, hinterher, bemerkt man,
331 1772 1473 1836 ganze und halbe Burgtheaterfranzosen erinnert denn auch
1505 1804 2607 1862 daß sie sogar ein bühnenwirksames Drama enthält...
339 1812 1470 1873 der Dialog in allen seinen Nuancen. Aus diesem seiner¬
328 1865 1470 1943 zeit als modern verschrienen Buche klingt uns heute der
1580 1850 2639 1931 Nun, wir wollen nicht übertreiben. Ein wirkliches
328 1908 1473 1966 Von des alten Burgtheaters entgegen, der darin lebt wie
1505 1917 2633 1975 Drama sind diese fünf kleinen Lustspiele nicht, aber jedes
328 1966 2627 2016 das Meeresauschen in jenen Seemuscheln, mit denen von den fünfen ist ein kleines dramatisches Kunstwerk
331 2004 1386 2068 man zur Anatol-Zeit den Salon zu schmücken liebte.
1496 2016 2630 2074 das erheiternd wirkt. So ergibt sich am Ende ein äußers
1496 2056 2630 2114 vergnüglicher Lustspielabend, wenn auch nur durch
415 2059 1473 2158 Man hat jetzt eine gute Gelegenheit, diese hübschen
1505 2102 2633 2163 Addition. Das ausschlaggebende Element, auch auf dem
328 2123 1470 2187 Muscheln abzuhorchen, da man fünf von den sieben
1505 2152 2633 2216 Theater, ist die Figur des Anatol. Daß er ein Dichter
336 2172 1470 2233 reizenden Einaktern zur Zeit im Deutschen Volkstheater
1505 2201 2636 2259 ist und die Atmosphäre des alten Burgtheaters passiert
336 2227 1467 2279 aufführt; und sagen wir es gleich: in der anmutigsten
1505 2250 2633 2303 hat, haben wir schon festgestellt; aber zu diesen beiden
336 2276 1473 2326 Art. Herr Kramer, der den liebenswürdigen Helden
1505 2297 2639 2361 Voraussetzungen seines Wesens mußte sich eine dritte
342 2314 1473 2372 spielt, ist ein sehr charmanter Anatol; Freund Max, der
1505 2346 2633 2407 gesellen, die wichtiger ist als die beiden anderen, und
334 2361 1467 2413 Raisonneur, ist bei Herrn Lackner launig aufgehoben:
1496 2392 2633 2448 worin zugleich die Originalität des Dichters und die
328 2407 1464 2477 die Reinau ist eine entzückende große Dame; die Müller
1505 2436 2633 2494 Allgemeingiltigkeit der Figur beruht, die ihrerseits wieder
334 2450 1462 2517 eine reizende kleine Schulreiterin, Frau Glöckner ein
1505 2488 2633 2546 ihre Wirkung auf dem Theater erklärt. Anatol ist nämlich
331 2508 1464 2566 resolute Ballerine. Das Publikum unterhält sich vor
1499 2538 2636 2596 ein Wiener; trotz seines französischen Namens, seiner
339 2546 1467 2616 trefflich und begreift nicht recht, warum man ihm diese
1502 2578 2633 2639 französischer Abstammung und französischen Manieren
334 2601 1476 2662 Unterhaltung nicht schon längst beschert hat. Zwar die
339 2624 2630 2703 einzelnen Einakter sind schon da und dort gespielt durch und durch ein Wiener Kind, dem heimischen Grund
1505 2677 2624 2732 entsprossen, eine Frucht, ein Früchte unserer lieben alter
331 2691 1473 2749 worden, und Jarno gebührt das Verdienst, ihre Bühnen¬
1496 2717 2627 2781 Kaiserstadt. Nicht Anatol aus irgend einer gleichgiltigen
336 2740 1467 2798 qualität entdeckt zu haben, an die im Anfang die
1496 2772 2630 2828 weil charakterlosen französischen Komödie ist er, sondern
336 2787 1467 2848 praktischesten Bühnenmänner nicht glauben wollten.
1496 2822 2633 2871 der Anatol, wie man in Wien gemütlich sagt, der
334 2836 1467 2894 Indessen, den Zyklus als solchen haben wir noch nicht
1502 2865 2633 2926 Anatol, den wir alle kennen — obwohl er gar nicht
336 2880 1467 2946 zu Gesicht bekommen, obwohl er, auch als Ganzes be¬
1496 2912 2630 2975 existiert, was freilich ein bißchen verwunderlich ist. Aber
334 2923 1467 2984 trachtet, durchaus dramatisch anmutet. Nur hat das
1502 2961 2636 3019 wenngleich es ihn in Wirklichkeit nicht gibt, weil er eben
334 2970 1464 3030 bisher, in Wien zumindest, noch niemand herausgefunden
328 3004 2654 3120 Es gibt eben zweierlei Dramatiker; solche, die den ein Dichter ist und weil die Dichter heute anders sind,
2677 1105 3283 1174 so hat es ihn doch einmal geg
2682 1148 3294 1221 Geburt allerdings, sondern be¬
2674 1201 3289 1270 ist der lebenslustige Hausherrn
2680 1247 3294 1302 Posse. Er ist der burgtheate
2674 1290 3303 1360 herrnsohn, wie Raimunds Val¬
2682 1346 3292 1409 gewordene Hauswurst. Ein He
2674 1389 3294 1464 Dichter, das ist der Schnitzlersch
2767 1438 3260 1508 Es liegt eine anmutige
2682 1476 3297 1554 Figur, über deren krasse M
2682 1528 3297 1598 zwanzig Jahren entsetzte, heu¬
2674 1578 3280 1638 altmodische Naivität vergessen
2677 1621 3303 1679 modern ist. Denn, täuschen wir
2677 1676 3303 1734 Typus, Anatol als soziale Er¬
2677 1726 3294 1789 schwundenen Epoche an. Er se
2674 1766 3289 1824 aus, ein Wien der Linienwäl
2680 1821 3294 1870 bettes, der klingelnden Pferdeb¬
2674 1865 3300 1920 beleuchtung. Dieses Wien ist ve¬
2674 1902 3297 1975 elegische Bummler Anatol. Ab¬
2677 1955 3260 2013 kommt der Gestalt als solcher
2680 1992 3300 2071 der Wirklichkeit entzogen, die in
2680 2047 3265 2114 förderlich war, wirkt sie heute
2674 2100 3289 2158 wirkt wie ein zart gemaltes, sche
2677 2146 3286 2218 Bildnis aus der Zeit. Daru¬
2680 2192 3289 2256 Regieeinfall, wenn anders es
2674 2236 3294 2294 ersten vier dieser fünf Ein¬
2674 2291 3294 2361 dunklen Coulisse spielen zu¬
2674 2334 3294 2395 Tapeten, diese Plüschgarnitu¬
2668 2387 3294 2462 Lampenschirme und bunten Ar¬
2665 2430 3262 2488 dazu. Schattengleich und ein
2668 2471 3297 2543 der Träumer Anatol durch das
2674 2532 3297 2590 Neunzigerjahre, bei dessen And
2674 2578 3289 2642 rungen an die eigene Jugend
2671 2622 3283 2694 quarischer Duft, wie ihn erst
2674 2668 3271 2729 geben — aber nur die echten
2668 2714 3294 2790 Bühne aus und dem rücksch
2668 2767 3318 2839 Nase. Heiter gerührt sieht er den
2671 2813 3306 2871 Vorhang nur höchst ungern fal
2668 2859 3294 2914 wir uns so schwer von diesen zu
2662 2906 3306 2967 aller Heiterkeit doch auch ein biß
2668 2952 3294 3042 trennen unsere eigene Jugend
