3344 4256
1821 79 2536 145 ron, with a heap and as a per¬
1821 140 2544 181 With a few Christmas numbers hanging
2758 115 2922 222 .
1821 175 2533 216 about and a white shades lamp on her
1810 205 2542 246 table. You can see the sunset from the
1816 238 2539 290 window over the roofs and through the
1824 268 2528 315 chimneys. And in the spring you can al
1821 312 2539 367 most smell the flowers in a garden across
1824 351 1969 400 the way
1846 353 2536 419 Gabrielle I must be a sign of great
1816 400 2511 455 happliess, looking forward to the spring.
1849 444 2539 490 Anatoles, even I feel happy now and
1824 474 2468 537 then, sitting with her at that window.
1854 512 2536 570 Gabrielle gives a little shiver. It's the
1813 542 2213 592 cold, no doubt. Then¬
1843 553 2542 622 Gabrielle It is getting late. Shall we
1816 611 2536 652 walk on? You must buy her something
3171 627 3292 698 —
1816 649 2539 701 Something to hang on the nasty wallpaper
2865 633 3032 712 —
1810 685 2128 737 and hide it a little
1857 690 2388 756 Anatole thinks it so pretty.
1849 731 2533 805 Gabrielle Why don't you refurnish the
2555 756 3169 811 Max Was she so very impudent?
1821 786 2155 833 room to your taste
2580 786 3270 860 Anatol-When I found her out. Throw
1849 797 2216 865 Anatoly should
2550 830 2736 885 her away.
1849 819 2481 901 Gabrielle With a Persian carpet, and
2580 841 3037 915 Maximpudent little liar
1846 879 2542 953 Anatol-No, no, no. She knows what
2591 871 3265 956 Anatol-No, you mustat insult her.
1821 912 1977 975 she likes
2558 923 3240 986 have held her in my arms. She is sacred
1854 931 2536 1011 There falls a little silence. But no cab
2580 972 3270 1033 Max How stupid of me! Who’s next.
1813 994 1936 1049 passes
2555 983 2843 1049 (A third packet.
1846 1000 2500 1079 Gabrielles she waiting for you now
2563 1013 3204 1079 When sad, my child, and sick of earth,
1846 1057 2186 1106 Anatol-Sure to be.
2588 1063 3270 1131 My thought to your Young Man fly far,
1846 1074 3117 1148 Gabrielle What will she say when you and then laugh for all I'm worth;
389 1071 1564 1161 trom who had the courage
1816 1106 1928 1183 come:
2588 1139 3224 1180 Oh, dear, how funny some things are
879 1137 1301 1230 select Anatol
1857 1134 2320 1205 Anatol-Oh, the right thing
2594 1169 2966 1216 Anatole they were
1846 1169 2542 1260 Gabrielle She knows your step on the
2588 1200 2941 1246 Max What's inside?
1816 1224 2155 1274 stairs, doesn't she?
2588 1213 3270 1295 Anatola photograph. She and the
1857 1263 2196 1315 Anatol-I expect so.
2555 1254 2772 1315 Young Man.
1857 1276 2424 1358 Gabrielle And goes to the door?
1120 1279 1386 1356 Max Why not?
356 1282 1071 1350 Anatol Cycle" in Germany and Austria
2580 1284 3089 1358 Max Did you know him too?
1846 1337 2070 1383 Anatoles.
345 1345 1060 1389 has made the young hero so well know¬
1123 1326 1646 1394 Anatol-I can't put it that way.
1857 1350 2542 1427 Gabrielle And puts her arme round your
342 1383 1068 1432 that to say Anatol is to bring to mind a
1120 1383 1583 1441 Max It's a simple question
1821 1402 2410 1462 neck, and says what does he say:
345 1421 1063 1468 distinct type of youthful philanderer
1120 1402 1802 1479 Anatol-Not at all. Are you true to me
1849 1432 2270 1487 Anatol-The right thing.
348 1443 1476 1520 who takes his pleasures where he finds It may mean anything
1854 1471 2243 1520 Gabrielle. What's that:
345 1493 1071 1542 ten in the garden of beauty. Schnitzler
1112 1501 1424 1564 Max How much?
1857 1490 2539 1572 Anatol-It's just the right thing to say.
1846 1536 2424 1597 Gabrielle What was it yesterday
342 1536 1060 1591 rote these seven sketches in 1893 short
1120 1528 1805 1588 Anatol-She might look back over her
1846 1564 2506 1616 Anatol-It sounds nothing repeated.
342 1561 1794 1630 after he had permanently abandoned the whole life. You don't suppose she never
1816 1608 2374 1660 suppose it's the way she says it.
348 1616 1646 1662 profession of medicine for which he was fell in love till she met me, do you
1854 1627 2542 1704 Gabrielle I'll imagine that. Tell me the
345 1654 1074 1695 educated. He was only 31 when the
1115 1643 1799 1704 Max Well, I should like to hear about it
1829 1684 1942 1728 words.
362 1695 1071 1736 Anatol Cycle" which Mr. Ames is to call
1120 1695 1802 1742 Anatol-Would you indeed! Prying into
1846 1687 2547 1777 Anatol-It is good to have you back again
1082 1725 1794 1777 school girl secrets! How was the poor gir
348 1725 1057 1797 merely Anatol, first blinked at the foot
1849 1745 2314 1797 Gabriellot is good, what
1090 1769 1709 1813 to know that one day shed meet me?
353 1769 655 1824 lights in Vienna.
1862 1780 2440 1827 Anatole-To have you back again.
1120 1797 1802 1854 What about this, since you've
378 1794 1076 1851 Arthur Schnitzler was born in Vienna
1857 1813 2413 1868 Gabrielle That's very beautiful.
1096 1832 1704 1884 known me have you been true to me?
1854 1846 2366 1895 Anatolyou see, she means it.
353 1840 1068 1890 on May 15, 1862. He studied medicine at
1112 1851 1808 1914 Anatol-Ah, that's different (He faces
1854 1862 2553 1947 Gabrielle And she lives there alone? You
353 1890 2218 1969 the University of Vienna and was a the sleeper again). Hilda (but again he can always be with her,
356 1934 1777 1994 practising physician in Vienna for five frows and stops). And is rather worse.
1862 1931 2553 2013 Anatoles quite alone. She has no
345 1961 1071 2016 years after he was graduated. He held
1120 1980 1345 2021 Max Worse
1827 1966 2114 2051 father or mother.
359 2005 1071 2054 positions of importance in various ho¬
1128 1986 1799 2051 Anatol-Think how all love affairs begin
1849 1997 2544 2087 Gabrielle And you are all the world to
1098 2038 1808 2084 We met quite casually. How could we tel¬
359 2040 1071 2092 pitals and might have been a distin¬
348 2076 1805 2128 guished in his original career had he we should one day be all in all to each other
1862 2070 2544 2161 Anatol (the cynie in him shuge his shoul¬
1120 2112 1627 2164 Max Of course you couldn't.
348 2114 1074 2172 not abandoned this profession for litera¬
1835 2125 2429 2177 ders, I hope so. For the moment.
1120 2123 1808 2188 Anatolery well, then. Suppose when
1857 2155 2268 2210 There is another silence.
345 2161 1071 2202 ture. He now ranks with Carl Schoener
1090 2169 1799 2221 she first knew me she had some idle fancy
1851 2169 2544 2238 Gabrielle I'm afraid I'm getting cold
348 2202 2550 2276 at the head of the Austrian school of to shake free of, am I to blame her for standing still, and all the cabs seem to be
340 2238 1189 2287 playwrights. Recently his plays have that?
345 2273 1076 2328 all been stamped with a more or less
1126 2262 1810 2333 Max-You make better excuses than ever
1857 2268 2544 2358 Anatolm so sorry. I shouldn't have
348 2303 1268 2366 pessimistio note and reveal a philosophy she could
1829 2325 2374 2383 kept you. Let me see you home.
1120 2325 1805 2394 Anatol-Is it fair to take such an advan¬
348 2355 1076 2399 altogether different from that displayed
1854 2342 2550 2427 Gabrielle-Yes, they'll all be fidgeting
348 2385 1364 2440 in the life of the irresponsible and hedone of the gi¬
1829 2391 2312 2446 But what about your present?
1126 2394 1808 2459 Max (what you're a good
356 2432 1065 2476 istic Anatol. This element of a melan
1860 2405 2550 2500 Anatol-Never mind, I shall find some¬
356 2457 1802 2506 choly tinged with pessimism was noticed fellow, Anatol. Try this. Hilda, sine
1093 2462 1939 2547 you've loved me, have you been true to me thing.
1857 2476 2544 2563 Gabrielle Will you? But I wanted to help
348 2506 1071 2555 first in Liebelei," which might be trans¬
1123 2522 1580 2574 Anatoles, that's better.
1824 2522 2016 2591 you by it.
348 2544 1076 2596 lated Flirtation." This is the story of
1126 2553 1342 2602 Max Right.
1860 2539 2468 2613 Anatol-No, no, you mustn't trouble.
348 2585 1085 2632 an unlucky love affair between a young
1128 2561 1810 2632 Once more Anatol fires his love with a
1860 2580 2544 2646 Gabrielle I wish I could be there when
348 2624 1687 2665 Lieutenant and the daughter of a poor gesture. But he suddenly dropsit.
1827 2635 2544 2681 you give it to her. I wish I could see that
1134 2643 1739 2717 Anatol-No, it won't do; it won't do¬
356 2662 1079 2706 old musician. There is little cynism in
1827 2670 2550 2736 little room and that lucky little girl. There
1128 2687 1441 2739 Max Well, really
356 2698 1068 2739 Anatole that is not of a really amusin,
1128 2706 2298 2766 Anatol-Think a minute. She's sitting ab empty. Call it, please.
1860 2741 2268 2799 Anatol waves to the cab.
356 2736 1813 2804 character and not in the least likely to an opposite good looking
1854 2780 2098 2824 Anatol-Taxi
351 2780 1802 2859 inspire serious views toward the problems fellow, slides his foot against hers. She
1860 2780 2547 2862 Gabrielle Thank you (As the cab turns
348 2813 1065 2862 of life. Perhaps in "A Christmas Present
1098 2829 1249 2887 looks up
1824 2846 2542 2909 and she moves toward it). May I send
356 2854 1079 2900 there is a deeper note than any of the
1128 2857 1331 2906 Max Well?
1115 2857 2076 2944 Anatolink of the extraordier something
348 2889 1074 2936 other scenes contains when the difference
1862 2917 2084 2961 Anato-You
359 2930 1808 2974 between two kinds of women in this world lety of mind that has been engendered
1860 2920 2432 2993 Gabrielle Take her these flowers.
348 2963 1810 3018 is suggested by Anatole observation to in her by this hypnotic trance. In her
1862 2966 2539 3032 And she adds that Anatol is to tell the
1098 2996 1808 3043 present unconscious state the remembrance
359 3004 1071 3056 the woman who in another state of life
1096 3032 2547 3095 of looking up not displeased might well dear little girl that the flowers are from
348 3040 819 3100 might have been different.
1824 3067 2547 3125 on who might have been just as happy
1098 3067 1638 3117 be recalled as an act of infidelity
392 3056 1074 3130 The seven scenes that reveal this
1131 3103 1394 3147 Max, come
1829 3108 2520 3150 as she is had she possessed the courage.
359 3125 1071 3171 amiable young lover in his relations with
1123 3108 1805 3182 Anatol-That's perfectly sound. And the
1879 3133 2547 3191 An Episode passes in the more com¬
356 3174 2544 3218 the various women who have fascinated more so because she already knows my monplace but comfortable apartment of
356 3204 2544 3262 him are called in the translation by Gran- views on such a point, which are a little Max, Thither Analot has brought all
362 3240 1802 3284 ville Barker which Mitchell Kennerley exaggerated, I've often warned her no
1835 3254 2544 3303 the souvenirs of his past love affairs.
1098 3273 1446 3314 to go looking at men
356 3281 1065 3330 has published under the title "Anatol,
1840 3295 2550 3347 They are all carefully ticketed and so
1128 3292 1665 3352 Max What has she said to that?
364 3319 1074 3363 A No Questions and You Will hear No
1126 3336 2539 3380 Anatol-Oh, asked me to imagine her arranged that every one may be easily
362 3355 1408 3418 Stories," A Christmas Present," "An doing such a thing
1832 3374 2547 3418 identified. Anatol wants to start a new
364 3388 1076 3459 Episode," Keepsakes," "A Farewel
1134 3407 2542 3454 Max Which you were imagining quite life, but he does not feel it possible until
2654 3382 3311 3465 John Barry more to be
362 3437 1449 3489 Supper," "Dying Pangs" and "The Wed well ten minutes ago
1824 3451 2542 3500 he has got rid of all this sentimental
2744 3451 3317 3528 i American
362 3470 1076 3525 ding Morning." As may be surmised,
1123 3484 2542 3536 Anatol-Suppose she was kissed under rubbish which ha accumulated during
359 3508 1564 3555 these seven short scenes in which more the mistete last Christmas
1824 3528 2539 3569 his amorous career, It is when Max
1128 3544 1416 3593 Max No, really
364 3549 1074 3596 than three persons appear only once on
1824 3560 2544 3612 has opened the box and begins to take out
1131 3555 1594 3623 Anatol-She may have been.
364 3596 1068 3645 the stage take the volatile Anatol upte
2594 3585 3281 3662 Anatol-That's what was so funny, He
1832 3607 2542 3662 the souvenirs that the following conver¬
1131 3588 1802 3684 Max All this means is that you won
362 3626 915 3686 the morning of his wedding day
2555 3634 3171 3689 really was quite an exceptional fool.
1832 3645 2336 3706 sation occurs between them:
1098 3648 1454 3697 ask her the question
408 3670 1076 3719 Ask No Questions and You Will Hear
2588 3673 3278 3736 Max Hush! She has held him in her
1131 3656 1808 3749 Anstol-Not at all. I will ask her the
1868 3689 1964 3736 Mar¬
356 3686 1416 3760 No Stories," passes in the charming question. But
1832 3681 2873 3763 I loved her. When she left me I though arms, he is sacred
362 3752 1076 3796 apartment of Anatol. It is the home of
2596 3736 2941 3796 Anatolyou shut up.
1134 3725 1819 3799 Max Anatol, it won't do. As a woman
1923 3763 2347 3801 I should have killed her
359 3785 2542 3851 a rich young bachelor. The taste and if she’s true to you and she doesn't think My kisses on your neck remain, and nothing
2596 3763 3273 3837 Max Stand down, my child, with your
364 3826 1813 3873 beauty of the furnishing and decorations of men treading on her foot or kissing
2558 3823 3273 3870 exceptionally foolish and mirth provoking
1931 3826 2177 3873 else, Matilda.
1096 3842 2511 3903 her under the mistete. Besides, if the But that's aname; what a name! Matilda
2572 3864 3276 3925 young man. (With a fourth package.)
362 3873 1813 3955 reveal that he is not without an artistic notre camara
2563 3897 2772 3944 What's this
1860 3895 2536 3938 Anatol-It wasn't her real name, but le
362 3903 1304 3960 sense of beauty. He has entered his into details.
2599 3922 2846 3979 Anatol-What?
1829 3930 2539 3974 written killed her, and there many
359 3944 1076 3990 rooms with his faithful friend Max. He
2594 3930 3045 4012 Max A box on the ears.
1131 3930 2555 4018 Anatol-I see. You've made up your rhymes to that. I always did kiss her
356 3977 1613 4045 te the constant associate of Anatol and mind I shall ask her, have your
2591 3990 3103 4051 Anatol-Oh, oh yes, yes, yes
1829 4001 2188 4059 on the neck, though.
