3436 4256
284 186 1207 292 4.9. Anatol Zyklus
431 734 1452 831 Bitte Rückseite beachten!
1024 829 1434 916 Telephon 12.801.
733 1002 1231 1086 SSERVET
410 1083 1471 1162 I. österr. behördl. konz. Unternehmen für
712 1140 1161 1217 Zeitungsausschnitte
422 1201 1461 1279 Wien, I., Konkordiaplatz 4.
812 1254 1065 1317 Vertretungen
407 1301 1465 1362 in Berlin, Basel, Budapest, Chicago, Cleveland, Christiania,
415 1346 1467 1402 Genf, Kopenhagen, London, Madrid, Mailand, Minneapolis,
410 1386 1468 1428 New-York, Paris, Rom, San Francisco, Stockholm, St. Peters¬
800 1420 1083 1489 burg, Toronto.
653 1460 1219 1549 (Quellenangabe ohne Gewähr).
413 1524 753 1602 Ausschnitt aus
521 1551 1423 1666 The Morning Post, London
406 1649 532 1701 vor:
755 1719 1080 1783 THE PALACE.
495 1771 1367 1866 Miss Maud Allan has resumed her place in the
469 1841 1360 1903 ordinary evening bill, and Mr. Granville Barker replaced
464 1878 1358 1944 Ask No Questions and You'll Hear No Stories by
459 1915 1362 1988 Farewell Supper," his own paraphrase of another of
459 1944 1357 2026 Herr Schnitzlers Anatol dialogues. A Farewell
463 1985 1353 2063 Supper is so great an improvement on its predecessor
459 2025 1350 2095 that the performance of it leaves one asking questions.
463 2062 1354 2131 Why did Mr. Barker not begin with it? Why, at all
460 2119 1352 2178 events, did he begin with Ask No Questions and You'll
464 2140 1346 2222 Hear No Stories"? It is, it is true, the first of the series,
458 2190 1352 2252 which, by the way, one has now been able to read
460 2228 1348 2296 but he does not mean, one believes, to
459 2254 1349 2332 give the whole seven, neither is he giving in their
454 2308 1341 2375 proper order such of them as he does mean to give.
448 2346 1349 2411 So why, one asks again, did he begin with it? Its
447 2384 1342 2452 dramatic value, as one implied, is, for all its accomplish¬
447 2427 1341 2488 ment, but slight. Anatol's doubts as to whether his
448 2460 1341 2530 mistress is true to him, and his inability to ask her, do
447 2500 1337 2558 not carry. One sees the result, but one does not know
447 2534 1342 2609 the cause, for the cause is working unseen in the young
443 2579 1340 2650 man's mind. With a Farewell Supper it is very
444 2611 1340 2683 different. Our incorrigible hero, having lost his heart
443 2661 1340 2723 once again, is preparing faithful Max in attendance to
442 2691 1341 2765 break with Mimi in order that, being off with the
438 2720 1333 2797 old love, he may be on with the new. Of course there
435 2765 1337 2831 will be a scene. Mimi will cry, Mimi will reproach
438 2804 1332 2883 him, and he is wishing that to heavens it were
434 2851 1341 2923 over. Mimi comes a lovely lady, the stage directions
431 2892 1338 2958 say with news of her own. She, too, is in love
431 2935 1333 2997 again, and she is going to throw him over. This,
431 2977 1338 3032 of course, does possess some point dramatically. You
432 3005 1328 3070 know the cause for Mimi turns the tables and you see
431 3050 1330 3107 the result in Anatol's speechless chagrin that anyone
423 3095 1330 3157 should dare to treat him as he treats others. It is
427 3120 1328 3190 delightfully effective and delightfully amusing. The per¬
419 3167 1332 3227 formance was not, perhaps, supremely happy. Mr. Barker
425 3212 1328 3260 was not, one feels, enough in earnest, and Miss Lillah
427 3239 1320 3300 McCarthy seemed scarcely at ease. Neither was Mr.
421 3271 1325 3342 Niger Playfair quite as apt as before. But the little inci¬
419 3321 1325 3386 dent was most beautifully staged, and won a great deal of
413 3360 1319 3428 appreciation. Miss Allan gave four dances Debussy's
419 3400 1292 3466 Danse Sacrée et Profane," Grieg's "The Birds,
411 3429 1312 3506 Sibelius's Dryad," and Schubert's Moment Musi¬
413 3473 1315 3543 cale." All, needless to say, were carried through with
413 3513 1315 3579 the remarkable grace which has spread her fame so far.
413 3550 1315 3616 One cannot help feeling, however, that simpler music
413 3596 1307 3657 suits the dancer best, and that, just as it seems
414 3634 1307 3706 to be more in accord with her theory, it yields,
415 3675 1315 3741 in practice, richer and greater results. On the opening
406 3715 1321 3766 night the Moment Musicale was encored, and this
411 3753 1313 3823 lends some support perhaps to the suggestion. It was
409 3784 1304 3855 indeed, a beautifully lyrical effort, and charmed as one
407 3826 1301 3884 of the others was able to charm. The house was crowded.
446 3897 1313 4006 THE OFFICE OF WORKS AND PUBLIC STATUES.—
1398 186 1748 279 box 8/7
2027 681 3059 772 Bitte Rückseite beachten!
2632 760 3035 850 Telephon 12.801.
2236 944 2863 1032 OBSERVER
2005 1034 3062 1115 I. österr. behördl. konz. Unternehmen für
2309 1094 2765 1162 Zeitungsausschnitte
2025 1129 3062 1215 Wien, I., Konkordiaplatz 4.
2419 1197 2670 1259 Vertretungen
2005 1217 3070 1295 in Berlin, Basel, Budapest, Chicago, Cleveland, Christiania,
2013 1289 3064 1334 Genf, Kopenhagen, London, Madrid, Mailand, Minneapolis,
2010 1317 3064 1378 New-York, Paris, Rom, San Francisco, Stockholm, St. Peters¬
2407 1361 2686 1424 burg, Toronto.
2260 1408 2826 1492 (Quellenangabe ohne Gewähr).
2354 1453 3103 1546 he Daily Telegraph, London
2005 1465 2378 1542 Ausschnitt aus.
2006 1572 2148 1643 vom
2215 1725 2664 1817 THE PALACE.
2055 1828 2865 1902 Madame Louise Balthy, who made her début at the
2055 1887 2869 1943 lace last night, is described on the programme as
2055 1928 2861 1981 he celebrated French diseuse." But her art has
2060 1972 2862 2027 te in common with that either of Céline Chaumont
2076 2014 2871 2080 Yvette Guilbert. In its way it is, nevertheless,
2055 2058 2862 2108 tite as original, quite as amusing. If you can
2055 2100 2867 2168 lagine a French, or rather an essentially Parisian,
2058 2142 2871 2198 rs. John Wood you have as nearly as possible
2055 2195 2869 2250 adame Balthy. That she has no great hopes of
2058 2235 2867 2293 quering by force of beauty she makes no secret;
2060 2273 2872 2326 is upon her powers of comedy that she relies for
2056 2322 2871 2380 cess. And they are quite exceptional both in
2049 2367 2875 2420 ne and in quality. In the trife specially written
2049 2404 2871 2465 her by Mr. John N. Raphael, Madame Balthy
2059 2448 2867 2500 pears first as an actress in search of an engage¬
2062 2500 2869 2546 ent, then as a Tyrolean Suffragist, with a lovely
2063 2538 2876 2592 del, and finally as an operatic star, impressed by
2058 2576 2876 2634 le belief that what the public wants nowadays is
2055 2617 2875 2661 oisse, not music. She is good to listen to in each of
2047 2649 2874 2699 les rôles, and even more than good in her brillant
2049 2689 2867 2740 nitations of Réjane, Polaire, and Sarah Bernhardt,
2058 2739 2878 2788 le last in a wonderful rocitation of "To be or not
2055 2767 2876 2829 be." Madame Balthy is a distinct acquisition.
2049 2806 2871 2861 he can dance and she can sing, but, beyond and
2060 2845 2874 2904 bove all, she possesses the crowning gift of the
2055 2884 2880 2939 médienne who can move her listeners to prolonged
2063 2931 2195 2981 ughter.
2060 2947 2878 3009 Also there is "Anatol," who has now become
2063 3006 2884 3060 natol, the married man. The last of Arthur
2063 3040 2876 3088 chnitzlers little studies of Viennes life is, per¬
2063 3077 2876 3138 samt hilarious of the series. Its title,
2063 3118 2874 3166 The wedding Morning," is significant. Anatol,
2067 3153 2874 3200 mewhat to his regret, is about to set the matri¬
2072 3190 2874 3235 nial fetters on his ankles. Unfortunately he had
2076 3235 2878 3290 lowed himself the previous night to be tempted
2079 3269 2878 3312 a fancy dress ball, there encountered an old flam¬
2076 3312 2878 3359 Lona and in a moment of expansion offered he
2070 3346 2875 3407 hospitality of his fiat. How explain to her
2072 3380 2874 3442 hours later that he is about to take another
2072 3429 2879 3477 sheart? Somehow the truth leaks out, and the
2067 3458 2874 3510 riture suffers in consequence at the hands of the
2067 3498 2866 3561 tous on. But the resourceful Max Anatol¬
2067 3535 2875 3602 est man has a marvelous inspiration. Le
2067 3571 2875 3633 tomary, and then, in a few months time, le
2070 3608 2871 3669 on lure him back to her sido suggestion whic
2070 3649 2876 3702 te in admirably with her impression of what fomi
2066 3690 2876 3748 ine revenge should be. So, for the time being, a
2060 3733 2874 3789 nos satisfactory. It is an admirable little bito
2063 3764 2863 3818 ocial satire, and played with the greatest spir
2063 3802 2863 3858 y Mr. Barker, Mr. Nigel Playfair, and, in par
2060 3846 2869 3892 cular, by Miss Alice Crawford as the injured Lon¬
