3484 4352
1360 189 1713 288 box 8/4
1033 201 1165 304 lu¬
238 206 757 306 4.9. Anatol
824 546 1204 629 für Zeitungsnachrichten
941 602 1099 669 Wien, I.
838 628 1182 717 Konkordiaplatz 4
1022 916 1415 1009 4 DEZ 1910
553 1002 1381 1116 Usterr. Volks Zeitung. Wie
596 1139 1465 1267 Theater und Kunst.
613 1227 1507 1307 Deutsches Volkstheater. Die Reihe von Ein¬
539 1299 1509 1350 aktern unter dem Sammelstel „Anatole steht auf der
541 1350 1507 1401 Schwolle von Aus Schnitzer jungem Dichter¬
543 1391 1509 1439 runt, hat diesen Typus des Wiener Lebejünglings
548 1430 1514 1485 Form und Inhalt und Geist von seinem Geiste gegeben.
545 1479 1509 1523 Hat man früher nur das Wiener „Frücht!“ vom
539 1516 1507 1573 Brillantengrund gekannt, etwa die Spezies Stolzenthaler,
539 1560 1513 1623 die ihrer Duliästimmung beim Heurigen und picksüßen
543 1607 1509 1655 Hölzl Ausdruck gibt — so hat Schnitzler diese Vorstadt¬
544 1652 1507 1711 dandys umgeschaffen, sie nach der Innern Stadt versetzt,
539 1692 1507 1739 dort wo die Chambres separées blühen und die Nacht¬
552 1739 1507 1787 lokale locken. Diese Anatole sind von einer melancholischen
539 1785 1513 1829 Lustigkeit, einer Lebensphilosophie, in deren Heiterkeit
546 1824 1508 1885 sich stets einige Tropfen bitteren Nachgeschmackes mischen,
545 1872 1507 1925 und einer Resignation des Genusses, die eigentlich eine
543 1916 1507 1959 Kontradiktion ist. Ihm gesellt sich in der unverbrauchten
548 1958 1509 2006 und unersättlichen Genußsucht das süße Mädl der Vor¬
544 2001 1509 2052 stadt zu, der die Liebe Selbstzweck ist. An den fünf
548 2043 1508 2099 Einaktern, die gestern aus dem Anatolzyklus aufgeführt
539 2090 1508 2150 wurden („Die Frage an das Schicksal,
548 2131 1516 2179 „Weihnachtseinkäufe", „Abschieds¬
553 2170 1516 2225 souper, „Episode", „Anatols Hochzeits¬
539 2219 1509 2274 morgen") hat man erkennen können, daß in diesen
552 2262 1509 2312 Typen, wie sie Schnitzler gezeichnet, so viel Echtheit und
548 2305 1508 2356 Bodenständigkeit liegt, daß sie bis heute nichts von der
548 2344 1509 2407 Frische ihrer Farben eingebüßt und die Schlagkraft
539 2392 1507 2461 des witzigen, mitunter geistreichen Dialogs sich un¬
539 2432 1506 2485 geschwächt erhalten. Für den Haupt= und Titel¬
539 2475 1509 2539 helden fand der Dichter in Herrn Kramer einen
538 2528 1507 2579 Darsteller — einen bessern findet er nit. Herr Kramer
536 2568 1507 2618 hat die für Anatol unerläßliche wienerische Note; dieses
538 2616 1507 2669 Anatols Leichtsinn und Flatterhaftigkeit ist durchsättigt
524 2654 1509 2711 von Ringstraßenluft — ein Taugenichts und Tagedieb
532 2698 1507 2745 von einer entwaffnenden Liebenswürdigkeit, die alle diese
545 2741 1516 2790 Untugenden als charmante Schwächen eines Löwen der
552 2784 1507 2843 Boudoirs und Mansarden erscheinen läßt. Für die
548 2824 1508 2876 robustere und von Zweifeln nicht geplagte Genußsucht des
545 2870 1507 2941 Max fand Herr Lackner einen fein ironischen, über¬
554 2914 1509 2965 egenen Ton, der eine sehr wirksame Folie dem Gegen¬
552 2960 1507 3011 pieler bildete. Für die fünf weiblichen Rollen war der
545 3001 1506 3054 ganze Damenflor dieses Theaters aufgeboten. Käthe
539 3042 1507 3098 Hannemann, die hinreißende Christine in
543 3084 1504 3137 desselben Autors „Liebelei", gab die hypnotisierte
543 3132 1490 3192 Cora mit lächelnder Anmut; in „Weihnachtseinkäufe
548 3175 1508 3229 zeigte Fräulein Reinau, daß sie nicht nur die
550 3215 1507 3271 schicksten Toiletten trägt, sondern daß sie auch über einen
548 3265 1502 3310 in seiner Natürlichkeit bestrickenden Plauderton verfügt,
545 3303 1506 3355 der in ihr eine glänzende Vertreterin für flirtende
532 3338 1522 3411 Salondamen vermuten läßt. Frau Glöckner setzt
541 3435 1509 3510 (im Abschied souper) der Annie die heitersten Lichter
544 3494 1353 3546 ihrer urwüchsig=wienerischen Begabung auf;
1399 3502 1506 3563 Paula
538 3521 1500 3603 Müller spielt die Zirkusreiterin Bianca mit einer
544 3578 1506 3644 drolligen Verlegenheitsmiene, die voll Komik steckt, und
536 3623 1378 3684 Frau Galafrés entfaltet als Ilona alle Reize
1409 3629 1500 3685 ihrer
532 3670 1302 3714 pikanten und prickelnden Darstellungskunst.
1399 3672 1500 3728 Artur
545 3716 1499 3770 Schnitzler und seine Interpreten wurden wieder¬
539 3754 1500 3809 holt stürmisch gerufen, und auch dem Regisseur Kramer
543 3798 1492 3854 gebührt ein Wort vollen, uneingeschränkten Lobes.
1357 3847 1447 3896 T.
1990 183 2398 288 für Zeitungsnachrichten
2042 281 2388 373 Konkordiaplatz 4
2016 378 2265 465 1910
2455 596 2950 701 Deutsches Volkstheater.
2234 683 3172 743 „Anatol": Die Frage an das Schicksal. — Weihnachts¬
2243 715 3165 783 ginkäufe. — Abschiedsouper. — Episode. — Anatols, Hoch¬
2241 757 3170 815 zeitsmorgen, Fünf Einakter von Artur Schnitzler. (Erste
2246 800 3164 866 Aufführung im Deutschen Volkstheater am 6. Dezember 1910.
2313 834 3196 915 Es ist eine nette Absicht oder ein netter Zufall, daß
2213 881 3196 960 Artur Schnißlers „Anatol=Zyklus im Deutschen Volks¬
2216 932 3198 986 theater in die Nähe des „Jungen Medardus" gerückt wurde.
2216 976 3197 1039 Man hat den Anfang und den am weitesten vorgeschobenen
2219 1023 3198 1093 Stand einer Entwicklungsreihe zum Vergleich beisammen:
2216 1070 3198 1127 man wird in dem geschlossenen Kreis der Schnitzlerschen
2225 1117 3205 1174 Gestalten zu der Betrachtung angeregt, wie die Männlich¬
2215 1163 3202 1225 keit in dem Lebenswerk dieses Dichters nur der variierte
2219 1209 3202 1272 oder gesteigerte oder vertiefte Anatoltypus ist. Diese
2219 1258 3202 1315 lohnende Studie soll uns heute nicht beschäftigen. Wohl
2219 1306 3202 1360 aber sei mit allem Nachdruck auf die durchwaltende Ein¬
2216 1346 3210 1414 heit im Schnitzlerschen Schaffen gewiesen, die als das
2216 1397 3209 1451 lebendigste Zeichen innerlich vollkommener Dichter gilt.
2221 1446 3211 1506 Auch führen uns die Anatolszenen die bemerkenswerte Er¬
2232 1490 3209 1555 scheinung in den Sinn, daß Schnitzlers Kunst gleich in dem
2216 1541 3205 1591 ersten Werk, wie immer sich auch später die Probleme ver¬
2221 1590 3209 1644 dichten und verwickeln mögen, die Anschauung einer ge¬
2232 1639 3209 1697 festigten dichterischen Persönlichkeit und einer bereits
2225 1688 3209 1740 sicheren Technik gibt. Ein leiser Pessimismus, der so
2224 1723 3207 1793 graziös gefaßt wird, daß man ihn für eine optimistische
2225 1781 3209 1829 Weltansicht der Gleichgültigkeit halten könnte — zumal in
2225 1813 3211 1881 der Schnitzlerschen Welt der Oberflächen sich der wahre
2232 1863 3196 1930 Pessimismus gar nicht verankern kann — ist im „Anatol
2232 1918 3212 1983 so deutlich wie in den folgenden Perioden des Dichters aus¬
2225 1955 3212 2019 gesprochen. Und die klassische Form für den Ausdruck
2221 2006 3207 2060 dieser schwebenden Lebensphilosophie liegt in dem meister¬
2221 2053 3214 2106 haften Dialog der Anatolszenen schon vollendet vor. Sind
2228 2095 3215 2155 diese Stücke auch nicht Theaterspiel, sondern nur An¬
2234 2142 3211 2209 spielungen aufs Theater, und sind sie nur als flüchtige
2237 2197 3217 2256 Symbole des Dramas zu erkennen, so verlocki doch eben
2228 2243 3221 2305 der kunstreiche, zartgegliederte Dialog noch heute, zwanzig
2232 2294 3215 2349 Jahre nach der Entstehung des „Anatol“, die Darsteller,
2228 2330 3220 2392 ihre Gewandtheit an einer Charakterisierung zu versuchen,
2228 2382 3228 2446 die nahezu allein durch das bewegliche Wort hervorzurufen
2241 2439 3224 2493 ist. Die ästhetische Kraft dieser Szenen, die trotz ihrer
2227 2470 3223 2539 leichten Webearbeit oder gerade deshalb uns selbst über
2237 2517 3229 2576 die ethische Bodenlosigkeit im Fluge hinwegheben, wirkt
2237 2565 3220 2624 noch fort; der Naturalismus, der Symbolismus, die Neu¬
2241 2605 3226 2676 romantik und alle andern Ausstrahlungen bis zum dra¬
2234 2658 3230 2717 matischen Nihilismus unsrer Tage konnten die Reize dieser
2243 2707 3224 2772 fühligen, anmutig beschwingten Kunst nicht zerstören. Das
2246 2749 3226 2809 Geheimnis dieser angenehmen Erscheinung liegt vielleicht in
2221 2796 3244 2889 den romanischen Quellen, des Anatole und in ihrer ali¬
2234 2871 3216 2940 lichen Vereinigung mit wienerischen Zügen, denen die an¬
2234 2923 3217 2996 geborne Grazie den Vorzug gibt, sich auch durch schroffe
2241 2974 3220 3051 Literaturen fortzuschlängeln. Im Takte der leichten Pulse
2241 3024 3214 3098 entwirren, sie das schwerste und lästigste Treiben und
2243 3082 2818 3137 schmiegen uns an geistige Freuden.
2345 3093 3214 3183 Zum erstenmal befaßt sich das Deutsche Volks¬
2241 3151 3221 3221 theater mit Anatol, dem Herr Jarno vor geraumer Zeit
2255 3206 3215 3275 schon viele Erfolge bereitet hatte. Aber die Erstaufführung
2243 3253 3223 3314 von fünf Teilen aus dem Anatolkreise ist im Volkstheater
2241 3304 3217 3372 jetzt umso interessanter, als heute nicht bloß anders
2243 3341 3220 3410 gedichtet, sondern auch anders gelebt wird. Wirklich haben
2243 3389 3229 3447 die Szenen nun mehr als Kunstwerke denn als soziale
2243 3435 3223 3493 Dokumente das Publikum gefesselt. Das tiefe psychologische
2241 3482 3233 3538 Moment, das nicht aus der mitarbeitenden Zeit begriffen
2237 3526 3226 3579 werden muß, das allgemein Menschliche trat in jeder
2249 3574 3224 3634 Szene stärker hervor als vor Jahren, da die originalen
2241 3616 3229 3668 Anatole noch munter mit uns lebten und in Schnitzlers
2249 3663 3223 3727 Dichtung wie in einen Spiegel schauten. Für die geist¬
2241 3712 3230 3774 bewegte künstlerische Führung der einzelnen Stücke war
2243 3758 3235 3820 die Teilnahme im Deutschen Volkstheater so lebhaft und
2249 3803 3223 3870 frisch, als ob uns die geschickten Wendungen zum ersten¬
2241 3848 3220 3927 mal verblüfften. Das ist eine vollgültige Bekräftigung
2241 3901 2549 3973 dauernder Werte.
2309 3935 3226 3994 Gleichwohl ist das Wesen Kramers — es war ja
2249 3970 3223 4040 im Grunde ein Kramerzyklus — für die Halbgefühle und
2249 4028 3221 4085 Wanderliebe des jungen Anatol schon ein wenig zu seß¬
2249 4084 3224 4138 haft; an seiner Rede hängen Gewichte, und von dem
2263 4117 3237 4174 leichtsinnigen Melancholier" als den sich Anatol selbst
