3436 4256
305 170 792 293 4.9. Anato
913 164 1152 276 Zykl
1426 164 1782 268 box 8/5
2423 821 2648 906 23
1471 2979 2200 3022 Tilla Durieur als Jokaste in „König dipus
1027 2992 1111 3076 8
1475 3022 2216 3092 Photographie von Zander & Labisch in Berlin.
1023 3061 2668 3155 dig gereizten Pfandleiherin aus Ino= Bühnen. Im Neuen Schauspielhaus gab
1860 3139 2656 3204 man Nestroys „Zerrissenen". Die alte
1023 3143 1821 3217 wrazlaw als einem echauffierten Wiener
1035 3186 2656 3258 süßen Mädel. Fiel das Herrn Brahm Wiener Posse steht und fällt mit dem Ko¬
1860 3239 2656 3297 mikertrio, das alle Stücke des melancholi¬
1033 3237 1823 3297 und seinen Getreuen nicht auf? Sie dis¬
1866 3290 2656 3352 schen Humoristen beherrscht. Neben hyper¬
1035 3284 1821 3348 kreditieren ja eine der besten Kräfte des
1862 3344 2660 3393 naivem, fast kindischem Gezerre und einer
1027 3344 1827 3399 Lessingtheaters, wenn sie sie mit so un¬
1860 3384 2660 3452 Reihe kluger, sogar feingeschliffener Witz¬
1023 3387 1631 3458 möglichen Aufgaben betrauen!
1860 3440 2666 3495 worte enthalten diese rührsam ausgelasse=
1080 3434 1829 3501 Alte Scharteten bildeten das Weih¬
1866 3491 2662 3569 nen Nestroyaden ein paar Karikaturen,
1033 3487 1833 3554 nachtsgeschenk auch der übrigen Berliner
