3436 4256
1457 202 1817 300 box 8/5
338 208 1294 304 4.9. Anatol - Zyklus
532 495 1443 604 New-York, Paris, Rom, San Francisco, Stocknen,
937 554 1213 617 burg, Toronto.
889 593 1266 665 langte das Geld
527 634 1624 831 Ausschnitt aus Paris Allgemeine Zeitung
538 732 1344 876 vom 4. 191 Berlin
588 892 1466 1002 Theater, Kunst u. Wissenschaft
606 1025 1146 1125 Schnitzlers „Anatole
961 1105 1473 1193 im Lessing=Theater.
615 1172 1470 1236 So tändelten fünf der köstlichen Ausschnitte
606 1225 1470 1274 aus Anatols Liebesleben gestern über die Bühne.
604 1274 1470 1319 Leicht, graziös, spielerisch. Und sie bestanden die
603 1310 1470 1358 Prove auf ihre Bühnenwirksamkeit als Ganzes
603 1344 1466 1390 Das famose Abschiedssouper und „Die Frage
549 1376 1466 1448 an das Schicksal sind ja schon oft gespielt
603 1413 1477 1463 worden. So gab es nur den Zweifel, ob fünf
612 1459 1466 1504 Einakterchen, die sich nacheinander abrollen und
618 1493 1471 1551 stets dasselbe Motiv variieren, nicht zu viel des
612 1535 1485 1571 Guten wären. Das Publikum strafte die Sep¬
606 1578 1466 1626 tiker Lügen und applaudierte, stark und ehrlich,
609 1615 1473 1681 Nur ganz zuletzt meldete sich eine leichte Er¬
596 1643 772 1703 mühung.
659 1675 1471 1750 Diese entzückenden, leicht hingehauchten, wie
593 1729 1460 1776 auf Blumenblätter geschriebenen Anatole¬
588 1772 1457 1820 Skizzen sind nicht mehr neu; aber sie werden
606 1806 1459 1851 auch nicht veralten. Sie entstammen einem
599 1845 1459 1892 Manne von Geist und harmonischem Stil.
606 1880 1459 1925 Nirgends ein Aufschrei oder ein Auffahren im
599 1917 1466 1961 Stil, er fliegt mit beiten Schwingen sanft
592 1953 1462 2013 dahin, hat Melodie und Farbe. Darum werden
593 1988 1452 2042 diese Gaben Arthur Schnitzlers bleibenden
599 2030 872 2085 Wert behalten.
651 2045 1463 2113 Anatol und seine kleinen Lieben in allen Ab¬
590 2114 1446 2158 arten! In der „Frage an das Schicksal
603 2144 1459 2193 — sie leitet den Abend ein —, ist's das süße
593 2186 1460 2235 Mädel Cora, das so lieb und herzig tut und den
593 2230 1462 2266 Schatz doch betrügt. Diesem Anatol, dem die
596 2263 1455 2319 Illusion lieber ist, als die Wahrheit, der drum
590 2305 1457 2366 auch aus der hypnotisierten Cora nicht die ent¬
592 2343 1460 2402 scheidende Frage herauspreßt: „Bist Du mir
587 2383 695 2440 treu
639 2399 1452 2473 Brillant war die Szenerie in der zweiten
581 2462 1454 2501 Bagatelle: „Weihnachtseinkäufe, ge¬
596 2502 1452 2546 stellt, dem Geplauder zwischen Anatol und der
587 2535 1454 2581 verheirateten Frau, die nicht den Mut hat, aus
590 2573 1457 2620 ihrer Liebe die Konsequenzen zu ziehen. Die
590 2617 1452 2662 Szene, ganz in Schneeflockenstimmung getaucht,
590 2651 1457 2706 stellte den Ausschnitt einer Wiener Straße im
587 2693 1459 2748 matt erleuchteten Abenddunkel vor. Man hatte
592 2739 1446 2815 große Liebe auf die kleine Sache verwandt.
584 2772 1351 2825 Fröhlichen Erfolg hatte das übermütige
599 2812 1446 2864 schiedssouper; man lachte herzhaft über
584 2851 1443 2887 Mathilde Sussin, die das kleine, ober¬
584 2887 1459 2941 flächliche und schließlich beschwerste Theaterdäm¬
584 2928 1446 2974 chen mit einem hinreißenden Temperament
590 2966 1441 3016 spielte. Gleichwertig Hilde Herterichs
584 3002 1448 3060 kapriziöser Zirkusdame Bianka („Episode"),
579 3049 1446 3100 die den geknickten Anatol nicht wiedererkennt.
579 3086 1443 3136 Der Beschluß machte „Anatols Hochzeits¬
581 3125 1440 3163 morgen", in dem Irene Triesch die schnell ge¬
584 3160 1440 3221 tröstete, letzte Geliebte des Junggesellen Anatol
587 3202 1213 3249 gab; etwas blaß und gezwungen.
639 3238 1440 3294 Während Brahm seine Damen in bunter
581 3283 1443 3332 Reihe für die verschiedenen süßen Mädels an¬
579 3326 1443 3373 marschieren ließ (Paula Somary eine rei¬
584 3360 1448 3407 zende Cora, Lina Lossen eine matte Ga¬
584 3401 1443 3449 briele), blieb als ruhender Pol in der Erschei¬
574 3430 1443 3487 nungen Flucht der Anatol Heinz Mon¬
584 3474 1440 3521 nards. Er war liebenswürdig und von
581 3510 1443 3564 heiterer Blasiertheit; nur ein bißchen steif, es
587 3556 1440 3595 fehlte die leichte Eleganz des Liebesflaneurs.
615 3593 1440 3648 dem Raisonneur, dem Freunde Max, verlieh
623 3632 1440 3701 nanuel Reicher eine resignierte Munter¬
1141 3670 1466 3764 als Kron /
2728 250 3074 340 „OBSERVER
2693 321 3132 402 I. österr. behördl.
2734 376 3067 455 konzessionirtes
2437 729 2740 839 au
2106 995 3200 1136 Aufführung des Anator eius in werden.
2368 1100 2944 1172 gran den Namen den Buche
2166 1103 3232 1225 Berlin, 3. Dezember. In Lessing=Theater
2081 1155 3221 1274 riefen fünf Stücke aus Artur Schne Anatol¬
2083 1200 3218 1319 Zyklus große Heiterkeit hervor und fanden herzlichen Bei¬
2091 1249 3219 1358 fall. Heinz Monnard war ein vortrefflicher Anatol, der
2083 1285 3215 1404 die Selbstironie und die Sentimalität, die im Charakter
2074 1326 3211 1448 dieser Figur sich mischen, sehr liebenswürdig, sehr lebenswahr
2085 1377 3207 1490 und echt wienerisch zum Ausdruck brachte. Emanuel Reicher
2085 1424 3205 1524 in der Rolle des Max stand dem Anatol als Partner von
2078 1455 3205 1593 einem Humor zur See. Auch die Frauenrollen waren ist
2077 1498 2349 1598 le gut besetzt
2214 2243 2535 2340 OBSE
2185 2307 2621 2399 I. österr. hördl.
2230 2377 2576 2455 konzession
2313 2443 2482 2515 Bureau
2188 2479 2604 2567 r Leitungsgerichten
2227 2584 2585 2664 Konkordate
2070 2808 2340 2891 12 1910
1897 3089 3066 3215 Aus Berlin wird uns gen. Aus den
1826 3152 3053 3276 Theater führte heute den „Anatole-Zyklus von Artur
1819 3243 3053 3326 Schnitzler auf. Am besten gefiel das in Berlin schon lange
1815 3271 3050 3385 bekannte „Abschiedssöller" und daneben das für Berlin neue
1820 3324 3052 3423 „Anatols Hochzeitmorgen". Auch die übrigen drei Stücke üblen
1819 3385 3041 3468 eine starke Wirkung, was umso bemerkenswerter ist, als die Dar¬
1815 3423 3044 3518 stellung, namentlich der männlichen Hauptrolle Anatols durch den
1820 3477 3042 3556 Schauspieler Monnard durchaus nicht befriedigte. Gut waren die
1809 3520 3063 3620 weiblichen Hauptrollen, die von fünf Darstellerinnen gespielt,
1809 3573 3035 3681 wurden. Besonders zeichnete sich Frau Triesch in „Anaths
1809 3614 2233 3703 Hochzeitsmorgen" aus.
