3436 4320
792 15 1514 158 „OBSERVER
654 123 1704 199 I. österr. behördl. konz. Unternehmen für
959 192 1415 256 Zeitungsausschnitte
678 233 1704 323 Wien, I., Konkordiaplatz 4.
1057 300 1313 359 Vertretungen
666 323 1713 395 in Berlin, Basel, Budapest, Chicago, Cleveland, Christiania,
666 382 1711 432 Genf, Kopenhagen, London, Madrid, Mailand, Minneapolis,
660 422 1707 489 New-York, Paris, Rom, San Francisco, Stockholm, St. Peters¬
1051 463 1328 525 burg, Toronto.
908 509 1473 591 (Quellenangabe ohne Gewähr).
663 564 1029 651 Ausschnitt aus:
1051 667 1294 733 -
675 666 789 742 vom
1151 809 1415 913 „Anatol.
931 869 1670 988 Fünf Szenen von Arthur Schnitzler,
963 957 1636 1039 Erstaufführung=Ungarische Theater
1364 1017 1827 1099 Budapest, 25. Februar,
801 1060 1853 1152 Man müßte eigentlich, ehe man über diese Auffüh¬
717 1134 1857 1209 tung berichtet, ein wenig bei dem seltsamen und recht
717 1190 1859 1250 bedauerlichen Umstand verweilen, daß der Dichter, dessen
714 1241 1862 1303 nie für das Theater bestimmtes Jugendwerk nun doch
719 1292 1862 1353 auf die Bretter gerät, in unserem Theaterleben niemals
720 1339 1862 1395 die seiner würdige Stellung zugeteilt erhielt. Niemals war
719 1388 1865 1459 er auf unseren Bühnen repräsentativ vertreten. Es bleibt
719 1439 1868 1506 unentschieden, ob die allzu wienerische Atmosphäre seiner
723 1484 1859 1543 früheren oder die allzu große Subtilität seiner späteren
716 1535 1857 1607 Werke die Schuld daran trug. Man spielte
706 1578 1853 1635 die „Liebelei", ols er und die deutsche Bühne längst
714 1634 1862 1704 anderswo hielt und für diese leise Wiener Vorstadttragödie
716 1676 1857 1757 kaum mehr Resonanz da war. Man ergötzte sich auch an
711 1730 1833 1781 dem doppelbodigen Raffinement seines „Grünen Kakadus
711 1768 1849 1841 der wiederum ein wenig an der Peripherie seines Schaf¬
717 1825 1852 1879 fens steht. Doch dem wahren Schnitzler, dem Schnitzler
714 1877 1850 1938 des „Schleiers der Beatrice, der „Lebendigen Stunden",
714 1923 1852 1980 des „Einsamen Weges, dem begegnete man auf unserem
713 1973 1852 2023 Theater nicht. In dessen Bereich blieb die tiefe, nachdenk¬
708 2019 1852 2080 liche, charmante Welt seiner Dichtung, blieb die holde und
711 2071 1852 2127 traurige Anmut, der sterbensmüd lächelnde Leichtsinn, der
714 2118 1849 2187 zarte, ironische Witz dieses österreichischen Dichters etwas
714 2163 1076 2231 ewig Unbekanntes.
801 2203 1856 2279 Im „Anatol liegt all sein Zauber, liegt alles We¬
720 2261 1849 2320 sentliche seiner Persönlichkeit bereits beschlossen. Als vor
720 2319 1849 2377 siebzehn Jahren etwa die Folge dieser sieben Szenen er¬
714 2365 1852 2428 schien, von denen wir heute fünf — von Ludwig
708 2414 1859 2472 Bir trefflich übersetzte — sahen, da gab es kein
706 2459 1846 2525 zweites deutsches Buch, das bei fesselndster Gedankentiefe
706 2515 1847 2567 und Lebensfülle so stimmungsvoll, so spielerisch leicht, so
708 2559 1849 2626 gewichtlos graziös gewesen wäre. In der Gestalt dieses
708 2610 1844 2663 nie widerstehenden Unwiderstehlichen floß irgendwie in
708 2654 1852 2708 unendlich reizvoller Weise die Skepsis Bourgets, das über¬
708 2698 1853 2771 legene Genießtum Wildes mit einer warmen, wienerisch¬
713 2750 1856 2810 sentimentalen Daseinsfreude und mit mancherlei anderem
706 2802 1841 2863 zusammen. Diese Gestalt war ein Kunstprodukt und doch
711 2851 1847 2904 fand in ihr jeder ein Stückchen seines eigenen Ichs
708 2895 1852 2968 wieder; man mußte sie lieben. Seither aber hat Schnitzler
708 2948 1841 3007 zu sehr Schule gemacht, als daß sie heute noch so bezau¬
706 2999 1849 3058 bernd, so überraschend wirken könnte wie damals. Dazu
710 3039 1837 3108 kommt noch, daß Schnitzler sowohl wie unser ganzes
700 3093 1847 3151 Kulturgefühl, über derartige, rein auf Erotik gestellte Ge¬
708 3141 1849 3197 stalten hinausgewachsen ist. Am Ende sind ja alle seine
706 3192 1847 3252 Menschen, Stefan Sala im „Einsamen Weg, Filippo
695 3232 1844 3304 Locchi im „Schleier der Beatrice", das Musikerpaar im
703 3288 1843 3345 „Zwischenspiel, alle, alle Erotiker. Aber sie sind alle da¬
703 3334 1844 3405 neben doch auch etwas anderes, Wissenschaftler, Maler,
694 3381 1850 3454 Musiker. Und diese einseitige Beleuchtung Anatols, der,
703 3434 1837 3487 wiewohl unter ungemein geistvollen, wehmütig selbstver¬
704 3475 1838 3539 siflierenden Aphorismen stets nur um Lieben und Liebe¬
700 3529 1874 3607 leien, um Sehnsucht, Betrug, Ermüdung, Begierde umher¬
1896 31 3028 91 grübelnder Reflexion neigender Herr ist, der sich selbst als
1885 81 3033 143 „leichtsinnigen Melancholiker bezeichnet, wobei der Ton auf
1891 132 3027 198 dem zweiten Worte ruht. Und wie könnte sich dieser ver¬
1898 173 3031 234 feinerte Lebenskünstler einen so banalen, peinlich unkulti¬
1887 222 3036 283 vierten Provinzler zum vertrauten Freunde wählen, wie
1890 278 3030 331 es der Max des Herrn Z.=Monar war, der sich fort¬
1887 322 3027 381 während, augenzwinkernd, über Anatol lustig zu machen
1898 369 2411 435 schien. Weit mehr waren
2463 367 3030 442 bis auf Frau Forrai — die
1896 420 3034 473 Damen am Platze. Sehr liebenswürdig und schlicht war
1881 461 3033 527 die kleine Reifenspringerin des Fräuleins Nagy und auch
1898 518 3036 568 Fräulein Bathory fand in den „Weihnachtseinkäufen" gut
1896 564 3030 629 den Ton ganz leiser, versteckter Trauer über versäumtes
1891 629 3033 688 Glück. Die effektvollste weibliche Rolle hatte in der letzten
1893 657 3027 726 Szene, der einzig dramatisch belebten, Frau G.=Kerteß
1893 711 3033 789 inne und ihr Temperament schoß und wirbelte da ganz
1887 763 2193 824 prächtig umher.
1983 798 3045 872 Das Publikum empfand die Sünden wider den Geist
1898 858 3042 921 Schnitzlers nur wenig. Und bekam es auch nicht den
1900 908 3030 968 Anatol des Dichters, so bekam es doch einige geistvolle,
1901 951 3036 1020 flott gespielte Szenen, aus denen sich manch seines Wort
1898 1006 3036 1064 nach Hause tragen ließ. Es war verständlich und auch
1897 1052 3042 1129 verdient, daß der Abend zu einem lauten, vollen Erfolg
1893 1099 2043 1168 wurde.
2850 1102 2992 1167 120.
2269 1401 2673 1493 Telefon 143—02.
2137 1481 2793 1609 Külön separk.
1935 1591 2993 1695 Dejeuner R.A. 10 Diner K 6.
