3248 4224
1436 438 1866 507 Volks=Zeitun
755 531 1623 584 „Sängerbund“; 21.: Kränzchen der Ausflugsgesellschaft
1722 535 2511 599 Das war offenbar auch das Gefühl Franz
771 575 1621 612 „Wanderfreunde“; 27.: Alpines Kränzchen der Natur¬
1658 579 2515 641 Herterichs, der den Abend mit schöner
766 603 1623 665 freunde 17; 28.: Ball der Internationalen Schlaf¬
1647 628 2407 685 Einfühlung inszenierte. Allerliebst
758 634 1037 700 wagengesellschaft.
1647 659 2511 722 Schubert= und Brahms=Tänze mit dem
1024 650 1355 727 Kasino Zögernitz,
932 696 1447 760 (19. Döblinger Hauptstraße 76.)
1647 711 2511 760 warmen Ton des jungen Violinisten und der
824 742 1621 797 6.: Döblinger Männergesangverein; 7.: Arbeiter¬
1652 751 2513 808 stilvollen Klavierbegleitung Franz Salm=
760 786 1617 828 radfahrerverein; 8.: Gatterburger Kirta, O.: Real¬
1650 795 2517 848 hofers. Diese anheimelnde Musik leitete von
762 824 1619 870 schule Döbling; 13.: Kollegenbund Franz Josefs¬
1650 841 2414 903 einem Einakter in den andern hinüber.
771 857 1621 899 Bahn; 14.: Upred=Kränzchen; 16.: Ball der Döblinger
760 890 1621 949 Gastwirte; 20.: Athletenklub „Herkules"; 27.: Banken¬
758 921 943 985 sportverein.
1733 912 2513 993 Von den sieben Zyklusakten gab man
892 947 1507 1037 Kadermanns „Goldenes Kreuz",
1650 960 2511 1035 fünf. („Frage an das Schicksal", „Weihnachts¬
1068 1007 1310 1059 (2. Prater 92.
1643 1031 2513 1077 einkäufe, „Episode", „Abschiedssouper" und
837 1022 1617 1095 2.: Christlichsozialer Verein Zwischenbrücken
1652 1066 2513 1119 „Hochzeitsmorgen“.) Herterich wählte von den
760 1059 1110 1134 6.: „Wiener Herzen",
1222 1086 1617 1139 Frauenverein „Donau¬
755 1110 835 1156 stadt
1656 1108 2517 1163 Damen des Burgtheaters, was nur halbwegs
1011 1119 1617 1174 Sudetendeutscher Heimatbund; 13.
749 1119 1619 1225 Deutscher Schulverein; 20.: Sportklub „Metallum,
1650 1152 2511 1205 schnitzlerfähig war. Gerda Dreger gab die
755 1181 1139 1231 27.: Hampel=Kränzchen.
1639 1198 2509 1249 Kora mit durchaus wienerischer Natürlichkeit,
982 1203 1394 1306 „Zum Marokkaner",
1645 1238 2506 1299 das liebe, harmlosheitere Vorstadtmädel. Als
1062 1269 1317 1319 (2. Prater 49.)
1641 1280 2509 1335 Gabriele, das ist die noble Dame der
828 1304 2513 1385 4.: Ball der Verbandes der Hüttenbesitzer im „Weihnachtseinkäufe", entfaltete Maria Mayen
760 1333 1617 1394 Prater; 6. Faschingsrummel; 13.: Faschingsnach
1641 1368 2429 1427 die Eleganz ihrer Haltung und Sprache,
749 1377 1621 1423 der Ersten Wiener Dampfwäscherei Weiner; 14.
751 1412 1621 1454 Moderner Tanzabend; 15.: Ball der Sicherheitswache¬
1725 1403 2511 1462 Beim „Abschiedssouper" erschien Alma
751 1443 1621 1487 beamten der Abteilung Brigittenau; 21.: Kostüm¬
1645 1449 2506 1502 Seidler als das Ballettmädel, das sich schließlich
758 1476 1621 1535 kränzchen; 27.: Turn= und Bildungsverein der C. H.
1647 1495 2511 1553 anschwipst. Selbstverständlich verzichtete auch
747 1507 1302 1577 20. Bezirk: 28.: Kostümkränzchen.
1650 1537 2513 1590 sie nicht auf den drastischen Schlußtrick all der
974 1544 1405 1623 „Zum stillen Zecher“,
1643 1581 2511 1634 gefräßigen Wiener Annis: sich zum Schluß
1079 1592 1326 1647 (2. Prater 43.)
1643 1621 2511 1667 einen ordentlichen „Patzen" Vanillecreme auf
828 1603 1612 1685 6.: Ball der Postgewerkschaft, 2. und 20. Bezirk
1647 1665 2506 1729 den Mund zu schmieren. Das Publikum genof
764 1643 1617 1722 7: Moderner Tanzabend, Jazzband 13.: Ball der
758 1705 1617 1753 Hausbesorgervereinigung, 2. Bezirk, 14.: Dirndlkirta
1643 1705 2511 1769 die kühne Lustigkeit der Seidler aus vollen
751 1736 1619 1788 Jazzband; 20.: Ball der Lebensmittelarbeiter, 2. Be¬
1645 1749 2346 1819 Zügen und applaudierte mit Wonne.
758 1775 1548 1824 zirk, 21.: Kostümkränzchen, Jazzband; 27.: Ball
1733 1764 2515 1852 Die Bianka (in „Episode") war mit Lilli
755 1799 1614 1861 Hammerbrotwerke; 28.: Moderner Kostümball, Jazz
755 1826 846 1899 band.
1656 1819 2513 1885 Marberg recht drastisch besetzt. Eigentlich ein
923 1846 1447 1945 Restaurant „Weiße Rose“,
1650 1877 2511 1954 Wagnis. Aber es ging nicht schief. Die Ilona
1000 1918 1377 1978 (2. Ausstellungsstraße.)
1643 1923 2511 1969 in „Hochzeitsmorgen", gab Ebba Johannsen
833 1943 2506 2020 6.: Gärtner der Stadt Wien; 7.: Kostümball, mit aller Verve. Sie versuchte sich sogar nich
747 1991 2513 2084 8.: Berufsfeuerwehr der Stadt Wien; 9.: Hausball; ohne Glück im Wienerischen. Aber es war
758 2026 1617 2073 13.: Amtsgehilfen der Stadt Wien; 14.: Tanzabend
1650 2046 1949 2121 doch nur Ersatz.
676 2029 1625 2108 is 20.: Deutscher Turnverein Leopoldstadt; 21. Kostüm¬
753 2092 1623 2169 ball; 27. Kleinkohlenhändler Leopoldstadt; 28. Kirta
749 2125 1150 2194 bei der „Weißen Rose".
1729 2132 2504 2205 Aber so eigentlich wäre es gar nicht übel
1647 2198 2511 2251 wenn Direktor Röbbeling nach anmutigen
828 2187 1621 2260 Der Ball der Kriminalbeamten
747 2238 1617 2297 findet Donnerstag, den 4. d., in den Festsälen der
1658 2244 2308 2293 jungen, interessanten, reizvollen
2363 2240 2511 2295 Wiener
758 2277 1614 2321 Hofbug statt. Mitglieder der Regierung, der Leiter
1641 2271 2509 2332 Mädchen Ausschau hielte. Es soll deren in
751 2310 1614 2385 der Polizeidirektion und viele andre Persönlichkeiten
1647 2324 2506 2379 der Millionenstadt doch noch einige geben. In
744 2343 1251 2399 haben ihr Erscheinen zugesagt.
1647 2368 2511 2438 Wien sollte man doch keines Wien=Ersatzes
835 2363 1614 2438 Der 70. Narernabend des Wiener Männer¬
1650 2405 1824 2478 bedürfen!
751 2423 1608 2467 gesangvereines findet Donnerstag, den 4. d.
760 2458 1621 2509 zugunsten der „Winterhilfe“ in den Sophiensälen
1720 2445 2500 2513 Daß wir nicht vergessen. Emmerich
758 2482 2504 2544 statt. Gruppeneinzug um 10 Uhr, hierauf Gesang¬ Reimers stattete den Max mit wirksamen
751 2517 1619 2564 vorträge des Vereines. Ballmusik André Hummer,
1643 2537 2502 2599 trockenem Humor aus und brachte all¬
751 2555 1619 2597 Jazzkapelle Fritz Recktenwald. Einladungen und Aus¬
751 2586 1614 2630 künfte Vereinskanzlei, 1. Canovagasse 6 (Musik¬
1650 2584 2092 2647 Pointen gesund heraus.
751 2619 1614 2674 vereinsgebäude) von 10 bis 7 Uhr. Telephon U 46=2=51
1729 2608 2498 2674 Lustig die (von Czettel entworfenen
835 2656 1614 2709 Der humanitäre Verein „Gumpendorfer
1643 2665 2500 2716 Kostüme der Frauen mit den hohen Frisuren
747 2678 1608 2744 Kinderfreunde“ veranstaltet Donnerstag, den
1643 2716 2504 2784 auf denen die Hüte einen Stock hoch über dem
751 2733 1612 2775 4. d., beim Wimberger, Neubaugürtel 34/38, seinen
1643 2753 1877 2821 Kopf saßen.
758 2764 1614 2808 43. Ballabend unter der Devise: „Jahrmarkt in
755 2797 1612 2839 Gumpendorf.“ Die Leitung liegt in den Händen
747 2824 1614 2876 des Vorstandes Karl Scheichenstein und des Ball¬
1729 2821 2504 2901 Eine kleine Bitte an den Herrn Material¬
747 2863 1440 2905 obmannes Karl Melion. Beginn 9 Uhr.
1643 2883 2498 2947 verwalter: Geben Sie doch den Kavalieren
837 2896 1612 2951 Der heurige Praterball findet Donnerstag,
747 2923 1608 2987 den 4. d., in Steinys Saal „zum Marokkaner" statt
1643 2936 2504 2984 die auf der Bühne rauchen müssen, bessere
751 2973 1608 3024 Das Ballkomitee, mit Bundesfürsorgerat Holz
1643 2982 2504 3031 Zigarren! So duftig der Dialog Schnitzers
747 3004 1614 3053 dorfer an der Spitze, hat alles aufgeboten, um den
1641 3024 2502 3068 anmutete —, die Zigarre seines Sprecher¬
749 3037 1608 3084 Ball gemütlich zu gestalten. Sehenswert wird die
1641 3066 2504 3117 Anatol verjagte ihn mit ihrem Gestank! Vor
755 3072 1606 3123 Saaldekoration sein. Ballmusik Kapelle A. Prohaska
749 3110 1619 3161 und Jazzband Ernst Prüller, Karten bei sämtlichen
1643 3108 2500 3161 etwa hundert Jahren gab man im Burg¬
747 3139 1385 3196 Praterhüttenbesitzern und im Ballokal.
1643 3154 2504 3200 theater bei Ausstattungsstücken allabendlich
828 3178 1225 3231 Die Katholische
1271 3154 1614 3240 Frauenorgani¬
1647 3191 2498 3249 fünfzig bis sechzig alte Gulden für Wohl¬
749 3202 1617 3264 sation und der Katholische Männer¬
1641 3240 2502 3306 gerüche aus, die man von der Bühne aus in
749 3251 1608 3297 verein Neumargareten veranstalten am Fasching¬
749 3282 1040 3326 montag, den
1634 3277 2141 3337 den Zuschauerraum blies.
1110 3288 1608 3332 Februar, in Weigls Alt¬
747 3317 1614 3359 deutschem Saal, 12, Schönbrunnerstraße 307, einen
1718 3299 2454 3383 Aber auch im neuen Burgtheater
747 3350 1606 3396 Familienabend mit Tanzkränzchen. Zur Auf
1634 3359 2498 3409 wenn ein Ernst Hartmann (als der eleganteste
751 3383 1608 3425 führung gelangt: „So war's einmal — so ist es
1634 3407 2504 3460 Esser des Burgtheaters noch heute unerreicht!)
749 3418 1608 3467 heut.“ Ein Bilderbuch in acht Bildern von J. Suchy,
749 3449 2502 3498 Tanzmusik des Jugendbundorchesters Meidling (Leitung nach einem Souper, etwa als Prunelles in
749 3484 1335 3548 Kapellmeister Katt). Beginn 3 Uhr.
1630 3491 2509 3548 „Cyprienne, eine Zigarre zu rauchen begann
1639 3533 2502 3581 und die blauen Wölkchen nach und nach ins
1639 3577 2506 3623 Parkett drangen —, da schnupperten alle
740 3528 1595 3685 Theater und Kunst
1639 3612 2502 3669 Herren, ja auch die Damen das wundervolle
1634 3663 2421 3718 Aroma auf, und die Stimmung hob sich
835 3665 1504 3773 Akademietheater.
1716 3705 2500 3771 Wie gesagt, Anatol ist ein Hausherrn¬
1632 3749 2502 3795 sohn aus den neunziger Jahren —, als es den
872 3749 1480 3824 Der Anatol=Zyklus mit Aslan.
1634 3788 2502 3846 Papas dieser jungen Herren noch glänzend
826 3799 1603 3870 Wohl manchem Theaterfreund, der ver¬
1639 3830 2495 3885 ging. Schon deshalb muß der Regisseur die
740 3846 1608 3918 nahm, bei der Erstaufführung dieses wiene¬
1634 3872 2502 3936 Rolle der Zigarre, die Anatol rauchen soll,
740 3901 1608 3958 rischen Meisterwerkes unsres jungen Schnitzler
1639 3916 2502 4000 zum mindesten mit einer Upman Flor besetzen!
738 3947 1606 4009 würden an die entzückenden Einleitungsverse
2313 3960 2471 4042 J. St.
742 3993 1612 4050 gesprochen werden, die ein noch Jüngerer,
742 4037 1614 4092 der Gymnasiast Hugo v. Hofmannsthal zur
2341 4011 2535 4114 t
738 4081 1601 4152 Dichtung seines „größeren Freundes ge¬
740 4116 1612 4180 schrieben — wohl manchem Theaterfreund
