3392 4256
339 88 1634 156 a
330 138 1616 203 ein abschließendes Urteil noch nicht abgegeben werden kann
332 177 1631 260 Weiters hat der Verlauf der Theatersaison einen
330 236 1628 308 unerwartet guten Erfolg gegeben.“ Nachdem der
340 278 1629 352 schlechte Besuch im Mai zugestanden wird, heißt es: „Aber schon
330 330 1624 399 im Juni war eine erhebliche Besserung zu bemerken und der
332 373 1631 454 Monat Juli kann sich, was gutbesuchte Häuser anbetrifft, mit
334 420 1624 498 den letzten Theaterjahren ruhig in Vergleich
332 470 1626 547 stellen, so daß die Theaterleitung alle Ursache hat, mit den
332 522 1623 596 materiellen Ergebnissen sehr zufrieden zu sein, Ergebnissen, die sich
326 565 1624 638 im Monat August zweifellos (?) noch bedeutend erhöhen werden
326 622 1619 687 und der Theaterdirektion einen hohen Gewinn garantieren.“
384 679 1616 737 „Darüber staunt der Fachmann und der Laie wundert sich."
324 705 1623 796 Wundert sich, wenn er weiß, wie oft der Verfasser desselben
329 758 1616 837 Artikels mit eigenen Augen die gähnende Leere des Theaters ge¬
326 809 1619 892 sehen und die beweglichen Klagen des Direktors mit eigenen
326 863 1614 939 Ohren gehört haben mag. Wer die tatsächlichen Verhältnisse
326 911 1614 983 kennt, wäre verleitet, auch diese „Feststellungen" für eine Satyre
329 965 1616 1042 zu halten, aber auch sie sind es nicht, sondern etwas ganz
324 1019 1618 1086 anderes . . . Wir stehen zu Direktor Lischka-Raoul weder in
319 1055 1616 1123 einem „verwandtschaftlichen, noch sonst wie außerordentlich freund¬
326 1103 1613 1188 schaftlichen Verhältnisse“, aber die Gerechtigkeit erfordert es, die
321 1160 1610 1234 Lächerlichkeit der oben angeführten Behauptungen aufzuweisen;
314 1199 1613 1284 dagegen ernstlich zu polemisieren, erübrigt sich und das ist auch
321 1258 1618 1330 nicht unser Beruf. — Eines wird aber sicher die Folge davon
327 1300 1610 1383 sein; daß man in Karlsbad, soweit das Blatt eben gelesen wird,
324 1351 1619 1431 über die Kühnheit, mit der den Leuten solcher Unsinn ins Gesicht
312 1395 1611 1468 gesagt wird, sich — je nach dem Temperament — ärgern oder
319 1447 1611 1515 lachen wird und falls es zu einer Neuausschreibung des Theaters
317 1494 1613 1579 kommen sollte, man wieder ein Wettlaufkriechen der unwahrschein¬
312 1543 963 1616 lichsten Direktoren erleben dürfte.
430 1598 1613 1668 Neulich gab's abermals einen „Bunten Abend“. Er war
311 1644 1610 1722 aber viel zu wenig bunt, sondern ziemlich farblos, dieweil es
312 1701 1608 1776 nicht angängig ist, daß in verhältnismäßig kurzen Abständen zum
316 1743 1610 1811 großen Teil immer dieselben Piecen geboten werden. Das
312 1800 1606 1850 Haus war leer und das spärliche Publikum erwärmte sich eigent¬
312 1839 1606 1912 lich nur bei den prachtvoll gesungenen Liedern des Frl. Schulz
314 1891 1601 1963 und dem reizenden Menuett, das von Herrn Walter René
308 1929 1606 2010 arrangiert und von sechs Damen sowie von ihm und unserer
308 1982 1605 2067 brillanten Tänzerin Frl. Garay ganz wundervoll zur Vorfüh¬
311 2041 1605 2104 rung gebracht wurde. Dem sonst von uns sehr geschätzten Fräulein
309 2082 1605 2160 Scarron möchten wir den wohlgemeinten Rat geben, sich bei
311 2130 1598 2210 solchen Gelegenheiten doch mehr an das ihrem ganzen Wesen
306 2184 1601 2261 weit besser liegende lustige Genre zu halten. Sie sang brav,
311 2230 1601 2298 aber Schubert=Lieder und die muntere Friedl vertragen sich schwer.
426 2278 1598 2362 In der „Kino=Königin" machten wir die Bekanntschaft des
304 2332 1598 2412 über die Maßen feschen Fris. Mizzi Freihardt, vom Johann
304 2383 1603 2466 Strauß=Theater. Ihre Leistung besonders zu loben, ist tatsächlich
311 2430 1601 2503 schwer, sie ist über jedes Lob erhaben. Die überaus sympathische
306 2488 1601 2562 Dame eroberte sich schon durch ihre Erscheinung die Herzen der
301 2532 1606 2607 Zuhörer im Fluge. Wirksam unterstützt wurde der Gast durch die
299 2586 1598 2658 Damen Hiller und Garay, welch letztere ihre graziöse Be¬
301 2638 1603 2710 weglichkeit im Tanze wieder voll zur Geltung brachte, und die
312 2677 1592 2737 Herren Kronegg, Felden, Schnepf und Trostli. —
299 2731 1588 2804 Gestern spielte der k. k. Hofschauspieler Herr Alfred Gerasch
298 2775 1585 2843 im „Flachsmann“. Natürlich ausgezeichnet und unter Beifalls¬
311 2825 1588 2903 stürmen des gedrängt vollen Hauses. Mit Vergnügen kann jedoch
304 2874 1590 2949 festgestellt werden, daß bei allen Gastspielen unser heimisches En¬
303 2923 1592 2998 semble gut abschneidet und zu bösen Vergleichen wenig Anlaß
293 2975 1588 3048 gibt. Herr Grosser als „Flachsmann" bot eine Glanzfigur, die
308 3022 1588 3097 sich auf jeder großen Bühne sehen lassen kann, desgleichen
298 3068 1592 3143 Frl. Kadelburg als Gisa Holm. Sie war direkt überraschend
293 3125 1587 3192 gut und es ereignete sich der bei uns seltene Fall, daß beim Akt¬
301 3167 1587 3239 schluß nach ihr gerufen wurde. Recht gut war auch Herr
296 3216 1585 3292 Schnepf als Schulrat, leider litt er nur zu stark an einer ge¬
295 3268 1597 3335 wißen „Versprechungsmanie"; auch der geehrte Gast hatte davon
291 3312 1588 3387 einige recht heftige Anfälle abbekommen. Das Auditorium über¬
295 3361 1592 3434 stand sie mit gebührender Heiterkeit. Selbst die kleineren Rollen
290 3419 1584 3478 wurden prachtvoll gespielt; besonders hervorzuheben wäre der
283 3458 1588 3540 äußerst begabte Herr Dannegger und die Herren Karma,
290 3504 1595 3590 Hartmann-Haase und Schleger, welcher aus dem Rie¬
2850 177 3196 270 box 9/1
2409 176 2679 280 Zyklus
1732 182 2300 273 4.9. Anatol
1973 828 2288 915 schnitt aus:
2098 853 2988 988 ten Tag, Wien
2121 1019 3022 1073 * (Kameradschaftsfest der Wiener Land¬
2026 1051 3019 1136 wehr.) Am 3. d. fand in Hietzing im Saale des
2041 1118 3019 1178 Hietzinger Hofes ein Kameradschaftsfest des Wiener
2034 1167 3013 1217 Landwehrinfanterieregiments Nr. 1 statt, das unter
2033 1211 3013 1269 dem Protektorat des Hauptmannes Edmund Redl
2033 1255 3013 1320 von der 1. Ersatzkompagnie zugunsten des Witwen¬
2033 1302 3016 1357 und Waisenhilfsfonds des Regiments veranstaltet
2041 1349 3013 1403 wurde. Der von einem überaus distinguierten
2044 1396 3016 1447 Publikum, darunter vielen hohen Offizieren, über¬
2041 1439 3014 1502 füllte Saal war festlich dekoriert. Im Mittelpunkt der
2033 1484 3016 1536 Saalausschmückung standen, von weißen und roten
2034 1530 3026 1590 Kränzen elektrischer Glühlichter umgeben, die Büsten
2038 1585 3027 1645 der verbündeten Kaiser. Das reichhaltige Unter¬
2044 1621 3022 1683 haltungsprogramm war erstklassig. Besondere An¬
2033 1668 3022 1720 erkennung gebührt den Damen Fräulein Fina Wid¬
2034 1711 3024 1767 halm von Kölner Opernhaus, Frau Seifert¬
2034 1758 3019 1810 Kuntner von der Wiener Urania und Frau Lilli
2033 1807 3026 1857 v. Frankowski sowie den Herren Carlo
2038 1847 3027 1909 Böhm vom Johann Strauß=Theater, Rudolf
2038 1896 3022 1953 Kumpa vom Carltheater, Rudi Merstallinger
2846 1938 3026 2002 Professor
2031 1940 2790 2000 vom Johann Straußtheater und
2034 1989 3022 2054 R. Marian, die sich in den Dienst der guten Sache
2041 2041 3026 2095 gestellt hatten. Ein großer Teil des ausgezeichneten
2041 2080 3024 2139 Programms wurde aber von den Feldgrauen selbst
2034 2127 3026 2186 bestritten. Der Einjährig=Freiwillige Pintschof
2031 2169 3026 2226 brachte Rezitationen, sein Kamerad Lanz=Lieben¬
2041 2218 3021 2278 fels fungierte als Opernsänger und ein aus¬
2033 2259 3026 2318 gezeichnetes Quartett, bestehend aus den Herren
2033 2309 3019 2365 Franz Heigl, Norbert Nowak und Josef Koch,
2033 2365 3019 2414 gab Liedervorträge unter der Leitung des Herrn
2034 2401 3027 2454 Alois Braunshör, der zugleich die Klavier¬
2041 2445 3026 2505 begleitung besorgte, zum besten. Der zur Aufführung
2041 2501 3027 2550 gelangte Einakter „Anatols Hochzeitsmorgen" von
2041 2531 3027 2591 Artur Schnitzler, in dem die Damen Fräulein
2033 2588 3026 2641 Viktoria Sabatin und Fräulein Mitzi Tram¬
2038 2630 3016 2692 agger sowie die Herren Otto Stenzl und Hans
2038 2674 3022 2731 Sperling=Ströhm auftraten, fand großen
2038 2716 3021 2785 Beifall. Ein von August Angenetter verfaßter
2038 2768 3029 2832 und wirkungsvoll gesprochener Prolog wurde
2039 2809 3026 2873 gleichfalls stark akklamiert. Di. Regimentskapelle,
2034 2866 3022 2920 brachte auch einen vom Oberstleutnant Pittler
2038 2913 3027 2964 komponierten Marsch zum Vortrag, der den schweren
2041 2954 3026 3008 Tritt eherner Bataillone nachahmt und allen Zu¬
2038 2998 3009 3052 hörern sehr gefiel. Ein prachtvolles Lied, „Südmark
2064 3045 3019 3100 uf", dessen Text von Herrn Julius Sickint¬
2041 3091 3019 3146 Schwarz herrührt und das der Komponist Herr
2034 3138 3026 3198 Leopold Welleba vertont hat, fand stürmischen
2041 3182 3019 3270 Beifall, daß es sofort vom ganzen Publikum mit¬
2033 3234 2358 3301 gesungen wurde:
2156 3263 2905 3353 Es geht ein Schrei durchs ganze Land,
2145 3331 2846 3380 So heiß wie Glut und Feuersbrand!
2145 3371 2837 3428 Von Berg zu Berg, von Tal zu Tal,
2148 3411 2864 3491 Von ärmsten Hütten zum Kaisersaal!
2152 3465 2754 3509 Der Meeresstrand ist in Gefahr
2145 3499 2741 3566 Und unser schönes Land Tirol!
2132 3541 3013 3611 Gleich die erste Strophe des kraftvollen und
2034 3595 3013 3655 klangschönen Liedes weckte rauschenden Applaus.
2041 3641 3019 3737 Dasselbe wurde auch bereits den Marschkompagnien
2031 3699 2576 3777 nach dem Süden mitgegeben.
