3392 4352
1310 195 1674 304 box 8/4
195 195 777 315 4.9. Anatol
654 198 1035 327 Zyk
115 954 467 1049 pisode und wirst
490 969 754 1052 Dramaturgen
805 954 1625 1058 und Schauspieldirektoren unmittelbar
1660 992 2792 1066 so hat es ihn doch einmal gegeben. Nicht zur Zeit seiner
126 1032 439 1095 das heißt zum
502 1038 2792 1112 imponieren, weil ihre Stücke voll von dem konventionellen Geburt allerdings, sondern bedeutend früher. Der Anatol
493 1083 691 1146 Bumbum
118 1081 439 1144 puer, das heiß
722 1089 1625 1167 und Trara des antiquierten Theaters sind:
1657 1098 2797 1167 ist der lebenslustige Hausherrnsohn der älteren Wiener
120 1126 447 1195 rgtheater hatten
490 1135 1622 1192 und solche, die wirkliche dramatische Dichter sind und
1662 1144 2795 1210 Posse. Er ist der burgtheaterfähig gewordene Haus¬
490 1172 760 1232 die man in
138 1178 450 1238 hört aus dieser
794 1178 1551 1253 ihren Anfängen infolgedessen meist
1648 1184 2786 1261 herrnsohn, wie Raimunds Valentin etwa der literaturfähig
493 1221 1622 1284 Novellisten hält. In diese Kategorie gehört Artur
120 1218 439 1293 enthals heraus,
1662 1238 2792 1304 gewordene Hanswurst. Ein Hausherrnsohn plus einem
487 1270 714 1330 Schnitzler;
768 1267 1468 1347 seine Stücke, obwohl oft lyrisch
129 1270 441 1339 noch die Lieb¬
1525 1281 1622 1341 oder
1657 1290 2474 1353 Dichter, das ist der Schnitzlersche Anatol.
484 1310 963 1376 novellistisch anmutend,
158 1318 441 1384 im „Hochzeits¬
1009 1316 1622 1382 sind doch alle mit der
1740 1324 2789 1402 Es liegt eine anmutige Ironie darin, daß diese
493 1361 1617 1427 sympathetischen Tinte des echten Dramatikers geschrieben,
112 1364 439 1427 eit bei Anatol
1662 1361 2786 1442 Figur, über deren krasse Modernität man sich vor
482 1416 1614 1473 deren Schrift erst bei künstlichem Licht lesbar wird. Man
112 1407 441 1479 Farbe die Toilette
1654 1436 2789 1493 zwanzig Jahren entsetzte, heute eher durch eine gewisse
479 1459 1617 1516 braucht sie nur aufzuführen, und sie wirken. Das hat
123 1459 436 1528 sich als Kranzel¬
1654 1485 2783 1539 altmodische Naivität vergessen läßt, daß sie so gar nicht
484 1508 1617 1562 man dieser Tage erst beim Anatol gesehen. Wie eigen
126 1511 439 1574 uß — ist das
1654 1531 2783 1585 modern ist. Denn, täuschen wir uns nicht, der Anatol als
479 1551 1611 1608 ist doch das Schicksal dieses Werkes. Seinerzeit, als es
115 1554 441 1625 Rotivierung wie
1648 1568 2777 1631 Typus, Anatol als soziale Erscheinung, gehört einer ent¬
479 1605 1611 1657 erschien, hat man die Einaktersammlung nicht einmal als
120 1602 436 1671 billet, an andere
1665 1619 2780 1677 schwundenen Epoche an. Er setzt ein anderes Wien vor¬
479 1639 1608 1705 Buch gelten lassen wollen. Jetzt, hinterher, bemerkt man,
115 1648 441 1720 nert denn auch
1648 1677 2783 1728 aus, ein Wien der Linienwälle, des offenen Wiental¬
479 1691 1574 1757 daß sie sogar ein bühnenwirksames Drama enthält...
152 1700 441 1766 diesem seiner¬
1651 1714 2780 1774 bettes, der klingelnden Pferdebahn und matten Gas¬
149 1748 444 1811 uns heute der
559 1740 1617 1820 Nun, wir wollen nicht übertreiben. Ein wirkliches
1642 1766 2780 1823 beleuchtung. Dieses Wien ist versunken, und mit ihm der
152 1791 436 1857 darin lebt wie
1651 1811 2783 1872 elegische Bummler Anatol. Aber gerade diese Entrücktheit
473 1806 1611 1863 Drama sind diese fünf kleinen Lustspiele nicht, aber jedes
120 1837 436 1918 in, mit denen
470 1860 1602 1912 von den fünfen ist ein kleines dramatisches Kunstwerk
1645 1860 2780 1915 kommt der Gestalt als solcher zu statten; der Kontrolle
120 1889 364 1969 licken liebte.
1642 1903 2775 1961 der Wirklichkeit entzogen, die ihr wohl niemals besonders
470 1903 1608 1963 das erheiternd wirkt. So ergibt sich am Ende ein äußerst
470 1952 1614 2015 vergnüglicher Lustspielabend, wenn auch nur durch
1660 1949 2775 2012 förderlich war, wirkt sie heute nur noch als Kunstwerk;
123 1946 436 2038 diese hübschen
1642 2004 2775 2058 wirkt wie ein zart gemaltes, schon ein wenig nachgedunkeltes
473 1998 1608 2058 Addition. Das ausschlaggebende Element, auch auf dem
120 2012 439 2069 an den sieben
479 2047 1614 2101 Theater, ist die Figur des Anatol. Daß er ein Dichter
1642 2047 2775 2107 Bildnis aus der Zeit. Darum war es ein hübscher
126 2067 439 2121 hen Volkstheater
473 2095 1608 2155 ist und die Atmosphäre des alten Burgtheaters passiert
1642 2089 2777 2147 Regieeinfall, wenn anders es nicht bloß Zufall war, die
120 2112 433 2173 der anmutigsten
467 2138 2772 2204 hat, haben wir schon festgestellt; aber zu diesen beiden ersten vier dieser fünf Einakter zwischen altmodisch
120 2155 441 2221 irdigen Helden
473 2190 1605 2244 Voraussetzungen seines Wesens mußte sich eine dritte
1637 2187 2803 2247 dunklen Coulissen spielen zu lassen. Diese kaffeebraunen
120 2198 436 2270 und Max, der
473 2241 1602 2293 gesellen, die wichtiger ist als die beiden anderen, und
1648 2239 2800 2293 Tapeten, diese Plüschgarnituren, Sophakissen, rosa
120 2244 427 2313 aufgehoben
473 2284 1611 2345 worin zugleich die Originalität des Dichters und die
1639 2282 2786 2345 Lampenschirme und bunten Ampeln gehören entschieden
123 2293 430 2365 me; die Müller
467 2330 1605 2385 Allgemeingiltigkeit der Figur beruht, die ihrerseits wieder
1631 2333 2803 2393 dazu. Schattengleich und ein bißchen phantastisch gleitet
115 2342 436 2408 Glöckner eine
1642 2382 2772 2448 der Träumer Anatol durch das dämmerige Interieur der
464 2382 1594 2442 ihre Wirkung auf dem Theater erklärt. Anatol ist nämlich
120 2388 433 2459 erhält sich vor¬
461 2431 1605 2488 ein Wiener; trotz seines französischen Namens, seiner
1637 2425 2766 2491 Neunzigerjahre, bei dessen Anblick den Zuschauer Erinne¬
123 2436 436 2511 man ihm diese
1637 2474 2766 2528 rungen an die eigene Jugend beschleichen. Ein feiner anti¬
470 2474 1602 2534 französischer Abstammung und französischen Manieren
129 2482 430 2557 hat. Zwar die
461 2517 1605 2585 durch und durch ein Wiener Kind, dem heimischen Grund
1645 2522 2769 2585 quarischer Duft, wie ihn erst die Jahre einer Dichtung
186 2525 430 2594 dort gespiel
1645 2568 2766 2625 geben — aber nur die echten duften - strömt von der
467 2574 1602 2628 entsprossen, eine Frucht, ein Früchte unserer lieben alten
175 2568 430 2648 ihre Bühnen¬
467 2617 1588 2674 Kaiserstadt. Nicht Anatol aus irgend einer gleichgiltigen
1639 2620 2769 2680 Bühne aus und dem rückschauenden Betrachter in die
118 2617 430 2694 Anfang die
1634 2663 2763 2717 Nase. Heiter gerührt sieht er dem Spiele zu und sieht den
464 2668 1608 2723 weil charakterlosen französischen Komödie ist er, sondern
123 2668 424 2732 ben wollten
464 2714 1602 2766 der Anatol, wie man in Wien gemütlich sagt, der
1631 2711 2769 2769 Vorhang nur höchst ungern fallen. Kein Wunder, daß
120 2714 433 2780 wir noch nicht
1637 2757 2769 2818 wir uns so schwer von diesen zierlichen, lachhaften und bei
467 2760 1597 2820 Anatol, den wir alle kennen — obwohl er gar nicht
112 2763 430 2840 als Ganzes be¬
461 2803 1594 2863 existiert, was freilich ein bißchen verwunderlich ist. Aber
1631 2806 2775 2866 aller Heiterkeit doch auch ein bißchen wehmütigen Stücken
158 2812 430 2872 Nur hat das
459 2858 1602 2918 wenngleich es ihn in Wirklichkeit nicht gibt, weil er eben
1628 2849 2694 2941 trennen unsere eigene Jugend war darin beschäftigt.
115 2838 427 2935 herausgefunden.
2585 2898 2726 2984 B. A.
120 2883 1651 2981 che, die den ein Dichter ist und weil die Dichter heute anders sind,
