3484 4256
183 56 1841 189 -
1122 139 1861 206 nam, som på ett helt anant satt fram
178 144 1094 233 rbeten. icke bara gestalterna, som Schnitzler
172 186 1875 292 r icke förstått at blasa livi, det är ocksa häver verket en någon vanlig inte¬
2450 200 2847 314 Engelska
181 244 1644 319 juare, i alla högste grad miljon. Vad unsägande titel skulle gra.
1167 250 1869 350 Det ha antagligen de företagsam
356 300 1097 356 der da, om han snart kommer in pe¬
172 306 328 381 et var
1122 328 1872 394 ma amerikanere kommt under und
361 339 1097 417 Wienförhållanden! Donau och Rin
175 358 333 433 ng med
1125 375 1878 453 med, som tagit sig fore att filma Ana¬
364 383 1097 453 gen, das tote Viertel med rådhuset
2091 289 3219 481 Regnrockar
169 417 1886 492 et har vad man en gang happats och vad tol. Ty nagon annan grund for det
194 456 1886 550 Det er som blivit, med några hastiga me foretaget kan knappast tänkas, da
2075 453 3233 564 från Kr. 15.- 25.- 28. o. s. v.
1130 503 1883 569 Anatol med sin finmeislade orda-
211 517 1105 597 61 år ningar har forfattaren blotta siin
1128 556 1886 614 konst är sa fjärran filmkamerans
172 561 1100 642 digt pa-samhörighet med och sin kärlek til
181 594 1889 672 Arta ha- den stad, vars människor han på ett krav som något litterart verk kan
2111 597 3208 700 Förstklassig Beställningsavdelning
178 647 1236 733 vinterns bade älskärit och karhaande stara
1175 661 1886 769 — Jag har ej sett filmen, omtalar
367 694 905 767 dissekerat upp i sina verk.
181 711 336 767 di, nej
458 733 1889 792 Det er dock så svart, fortsatter Schnitzler, men man har sendt
186 753 342 811 alljän
2111 733 3200 858 Storsta urval i HATTAR Wilkes modell
1136 789 1889 847 mig några fotografier av scener ur¬
181 780 1108 844 från der Schnitzler, ty ja har alltid af
2397 811 2944 880 Engelska Sportmössor
1139 822 1886 889 densamma. Och vad fick jag vil se?
181 828 1111 897 ra koneelle
1139 867 1889 933 Massener med ett sextiotal personer
181 861 1111 961 ne irongon kassa tän. När Leut
2086 900 3250 986 Fullständig Herrekipering
369 911 1108 983 nat Gustl salunda kom ut, stötte ja
1142 917 1900 997 pa, amerikanska operettdivor och
178 950 1497 1025 oblemen, mig med den österrikiska militären der Statiste.
378 1003 1111 1061 och ett slags hedersdomstol samman
1175 986 1897 1072 Det er nästan med en underton av
178 1019 350 1075 tressere
1139 1044 1894 1111 indignation, som dr Schnitzler berät-
178 1047 1114 1111 na, för¬ radde och resolverade, at den öster
2661 969 3236 1158 eksen
1144 1089 1897 1169 tar detta. Och det kan man så vil
181 1092 1117 1153 tar, att rikkaansa var kränkt i dette
2086 978 2600 1161 A.-B.
1139 1139 1903 1208 förstä, när man erinrar sig den
178 1133 1114 1197 örfatta arbete. Men ved skall man väl gra¬
2422 1142 2947 1230 7 Götgatan 7
172 1178 1114 1264 etta. Ja Tyroll kommer omkring
1139 1178 1761 1261 schnitzlerska miniaturkosten.
383 1222 1122 1280 dock föd till denna värden for at
1180 1205 1891 1280 — Kanske ni skulle vilja se filmen
172 1239 358 1311 re och
1147 1267 1900 1350 herr doktor, den har givits här i
192 1261 1111 1330 särki kränka varon, avrundard Schnitz
383 1308 1133 1369 ler med en spetsig vändning och
1147 1305 1897 1383 Stockholm och kanske filmbyrån
183 1328 358 1383 varelser¬
1144 1353 1903 1453 skulle befinnas villig rulla den i sitt
194 1347 1122 1425 har han klämmer fast monokeln i gonvan
2950 1375 3183 1444 Extra fin
1919 1364 2669 1458 ten har ocks skadespelet "Professor
422 1400 1117 1467 Se sa, nu är det den riktige Anatol
1144 1417 1503 1480 laboratorium.
175 1419 361 1480 g, män
1919 1433 2516 1505 Bernhardi" sin egen historia.
1250 1422 1897 1525 Ah, nej, bevare mig, utbrister
172 1442 1122 1525 e framst som för ordet! Nu mäste samtalet in
2716 1417 3327 1564 BLANDAD FRU
2011 1461 2678 1533 Det skulle ja kunna skriva en
1144 1489 1900 1555 författaren och slår ifrån sig med
178 1494 914 1583 ga kuin de hermanakana.
444 1511 2672 1619 — Ja, "Anatol, eager Schnitzler, bada händern, har jagen gang kom- el bok om, säger di Schnitzler på
2886 1514 3250 1617 Kr. 1.— pro
1925 1558 2672 1625 interviuarens fraga daron. När skä-
1147 1578 1894 1664 mit till Stockholm, så vill jag sanner
1919 1608 2666 1675 despelet lag färdigt, förbjöds det ge¬
1144 1619 1778 1705 ligen inte se amerikansk film.
1192 1655 2672 1741 Inom parentes sagt, är di Schnitz nast av censuren i Wien, och ett för¬
1925 1691 2686 1753 sök att spela det i Pressburg, som da
2750 1678 3330 1786 dann Johan
1150 1719 1894 1789 ler inte videre nädig i sitt omdom¬
1147 1739 2683 1825 om filmregissörern. Man müste lag i Ungern, avioppiika illa. Etter re¬
2883 1755 3216 1855 to
1153 1783 2672 1869 var behäftad med en mula skamlös-volutionen förklarades teatercensuren
1144 1825 2672 1916 het för att vara filmregissör", pastari Österrike upphävä, vilket jag doch
1930 1872 2669 1928 vill understryka icke är med sannin
1150 1897 1903 1958 han. Kanske ha hans egna erfaren¬
1930 1916 2683 1975 gen overensstämmande, fortsätter dr
1153 1936 1903 2003 heter av filmen icke varit ynnsam¬
2730 1933 3327 2025 Anvand vid resor, à la
1153 1953 2675 2055 ma för hans omme om filmregissö- Schnitzler, och da uppfördes omedel¬
1930 2005 2678 2083 bart Professor Bernhardi med my¬
2733 2005 3327 2111 och i hushället vår välkä
1155 2030 1905 2089 rerna. Han uppräknar nämligen er
1155 2041 2683 2136 hel rad filmer med namn efter hans ken framgang. Men nu skulle det,
1155 2091 2689 2180 romaner och skadespel, vilka enligt som sagt, icke kunne gå langre med
1155 2136 2683 2244 hans uppgift ingenting ha med de lit- den radande antisemistiska stämmin-
1930 2191 2194 2253 gen i Wien.
1155 2211 1661 2275 terra verken att skaffa,
1975 2211 2686 2319 Teatercensuren har nu kommit på
1192 2214 1908 2336 — Men jag har sett en svensk film
1155 2280 1905 2364 Erotikon, elätar forfattaren over
3041 2266 3333 2383 Tilauk-
1978 2294 2689 2394 — Jag har ingenting mot teater¬
1155 2333 1908 2397 och den måste jag medgive var ut
3097 2341 3322 2425 und
1933 2378 2694 2444 censur, säger den av censuren jäl-
1161 2372 1911 2475 märkt. Den var alldeles förträftlig
1933 2425 2697 2483 misshandlede dramaturgen, men ja
1167 2430 1555 2505 spelad och uppsatt
2941 2414 3244 2503 Fabrikanter:
1941 2469 2691 2530 hatar desto mera dumma censorer.
1203 2461 1911 2541 Dr Schnitzler har egentligen aldrig
1941 2511 2697 2569 Om jag bleve teatercensor, skulle det
1164 2522 1908 2594 haft sa roligt i sin hemstad som för
2789 2497 3341 2597 KIEBOLAGET M. MAN
1164 2561 2694 2630 fattare, ett öde, som han torde dela bli en utomordentlig censur, tilligger
2775 2566 3341 2636 FERG, & FERNISSFAB¬
1947 2603 2700 2664 han derefter med humores glimt i
1169 2603 1908 2683 med flere av sina österrikiska kolle
2744 2614 3325 2680 R. 621. Stockholm 18. N.
1167 2641 2700 2733 ger. Det var ikke vidare rekommen gat och berätter som exempel på
1169 2683 2689 2769 derande i det gamla keyserliga Wien teatercensuren i praktiken en histo¬
1169 2728 2697 2811 att ha semitiskt blod i drorna och ria från det gamla Wien. Schnitzler
1944 2778 2700 2839 hade skrivit en av sina jäser och
1169 2794 1919 2864 har knappast blivit det mera i det re
319 2672 742 2883 CKE
1175 2819 2705 2900 publikanska Österrike, dar de una den teaterdirektor, som antagit den
1947 2872 2703 2930 för uppförande, fick den ter från
1178 2886 1919 2950 herrana av hakkorset allt som oftas
172 2866 894 2975 tecknande för Florodol-Tva¬
1178 2908 2700 2989 sätta sina antisemistiska kansleri censor med en verhör mäng stryk-
2894 2891 3322 3016 -
186 2950 897 3030 rangställning är det mången
1175 2955 2703 3036 svalling. Det är icke manga mana ningar. Den kvicke författaren viste
1953 2997 2708 3075 emellertid råd. Vi vänta litet, sade
1175 3011 1925 3072 der sedan di Schnitzler vid en upp
186 3008 894 3083 forekommande argumentet,
2897 3008 3283 3127 KODO
1950 3044 2711 3105 han och så skicka vi in den en gång
1180 3064 1925 3116 läsningsturné genom Teckoslovakie
189 3066 897 3136 äldre och nyare medvare
1950 3089 2703 3152 till. De skola de ha glömt vad de
1180 3102 1930 3164 fick ett stormigt mottagande i Teplitz
175 3116 900 3186 anda, att deras vara a "lika
1953 3130 2705 3202 struit, och ni skall fa se, at de kom¬
2936 3119 3275 3222 an
1183 3147 1864 3205 och han försäkrar, att skulle
1955 3175 2708 3241 ma att stryka helt andra saker. Sagt
183 3175 903 3261 som Florodol-Tvalen". Det
1180 3191 1930 3261 fessor Bernhardi, hans kanske star¬
2944 3202 3277 3277 diga, bution
1955 3222 2705 3280 och gjort, och när pjäsen efter en tid
1183 3230 1905 3297 kaste dédrama, ter tagas upp
186 3233 905 3319 dock uppenbart, att den
2944 3255 3275 3341 Staten
1197 3269 2711 3350 Wien, skulle det bli stora skandalen. Anyo passerade censuren, kom den
181 3294 900 3377 mesille köparen foredrager
1955 3305 2703 3394 tilbaka — utan en enda strykning
1186 3322 1925 3389 All ovesendet kring "Reigen" härom
2475 3352 2675 3430 Sir Guy.
200 3350 897 3419 välkända originalet framför
1183 3366 1936 3430 ret förklarer han oksa utelutande
1186 3408 1939 3489 ha haft sin grund i politiska skä.
175 3394 908 3486 proved efterapning, even om
1197 3455 1947 3525 Man ville stampla "Reigen" som et
169 3464 905 3539 a skulle til det yttre, t. exi
1189 3497 1941 3575 utslag av den judiska osedligheten.
2019 3486 2664 3594 Tyska jakten Ellida
178 3516 897 3608 noch fürg, erinna om före
1194 3552 1778 3614 säger dialogernas forfattare.
2183 3572 2489 3655 flottagen.
172 3577 905 3664 den. Den för Florodol-Tvälen
1225 3583 1947 3686 Liksom manga av Schnitzlers arbe¬
2000 3605 2672 3727 (Frän var enskide korrespondent.
172 3639 905 3722 tärkunde sammansättningen
1217 3680 1347 3769 ne
2819 3675 3339 3789 KONSUMTIONSEREN
178 3694 905 3783 inne aldrig hos imitatio¬
2275 3700 2675 3766 VISY den 17 mai.
2972 3752 3264 3827 STOCKHOLM
2008 3736 2711 3816 Den pa Scharlakansgrundet stran
169 3747 256 3841 a.
1972 3794 2722 3861 dade tyska lustjakten Ellida tog på
3061 3802 3169 3861 M.
172 3780 905 3875 en dang användningen av
1972 3841 2719 3916 onsdagseftermiddagen av grundet av
161 3861 911 3944 rodol-Tal utövar ett sådant
1978 3880 2716 3941 Visby. Besättningen, de förut om¬
1966 3925 2716 3994 fördes till Visby. Bärgningen ble
167 3919 917 4008 örande inflytande på Eder
3055 3925 3258 4013 —
1969 3972 2711 4033 rätt svar enär sjön kastat uppar
167 3980 919 4052 och hy, att den ungdomliga
1372 3980 1511 4052 225
2894 3980 3272 4083 Decker,
1980 4016 2719 4075 tyget så at det endast lag på vå
139 4050 925 4127 heten bevaras. Sammanstall¬
1969 4061 2725 4130 fots vatten. Vid undersökning på
2902 4058 3316 4172 am not me
172 4091 928 4163 gen ung och vacker äger da
1969 4105 2719 4166 torsdagen befanns skadorna icke sy
2486 4152 2694 4213 reparer
775 4150 903 4233 Mars
239 4155 683 4233 and
