3344 4256
470 66 1235 109 militaris against its antagonists why,
472 99 1240 151 then the battleground is often in the heart
475 150 1237 196 and mind and family of the young fellow
472 182 1241 243 himself. It is no longer a question of
464 228 1231 285 yielding to contagion. It becomes a mat-
464 268 1238 326 ter of heart searching, bitter conflict in
467 312 1234 366 the home, in the workshop, in the circle of
472 354 1233 414 friends where formerly you found only
470 401 1230 449 the problem of what to play. Strikes and
472 453 1233 500 election campaigns, mass demonstrations
470 486 1234 534 and repression, military abuse and the
470 534 1238 586 hatred they bred these were the matters
470 576 1234 630 that soon took up the time and thoughts
464 615 1234 665 and emotions of our young people. Oh,
467 668 1233 714 they kept on playing, too, of course. They
464 706 1234 745 will never stop playing. That is in the
464 745 1228 806 bone and blood of the Viennes. But they
467 788 954 858 no longer played with life.
509 826 1234 887 "You see, the city itself developed like
460 885 1234 934 a too fast growing child. In 1850 it was
464 928 1228 984 a comparatively small affair surrounded
464 975 1226 1031 by a fortress. The Ring, which is now the
470 1015 1230 1072 main artery of the city, was then only
464 1065 1238 1121 country, a free place, a road. Why, as
464 1108 1231 1156 late as 1890 Marianifestrasse was a sub¬
467 1136 1228 1198 urb. Today it is one of the busiest of
472 1184 1234 1244 Vienna's business streets. The city grew
467 1231 1228 1275 too fast for its small clothes. New de¬
467 1272 1238 1329 mands were made on hearts to young to
464 1316 1234 1364 meet them. The result was worry, con¬
464 1360 1228 1416 fusion, the punishments of life on all mis¬
464 1403 1234 1466 takes of immaturity. From much of this
470 1446 1231 1504 Vienna has recovered. But it has not re¬
467 1486 1231 1543 covered its unthinking youth, its untroub¬
467 1533 683 1600 led gayety.
502 1588 1241 1648 "You must remember that to begin with
472 1620 1234 1681 Vienna was not quite se light as the world
470 1676 1234 1722 imagines it." Dr. Schnitzler had con¬
465 1718 1234 1773 stantly to retrace his characterizations. It
468 1761 1231 1814 was interesting to see in him the impulse
464 1808 1231 1860 to skich a character or a situation with
470 1845 1241 1899 a striking figure of speech, and to see that
467 1896 1228 1950 impulse overtaken, checked and corrected
464 1938 1234 1980 by the equally strong passion to present
467 1979 1234 2031 the same subject in all its fullness and
464 2018 1234 2074 complexity. Along with Strauss waltzes
472 2064 1240 2114 Vienna has produced steel and surgery
464 2110 1231 2170 and contributions to the science of crimi¬
467 2155 1231 2204 nology and many other things the world
470 2195 1231 2249 would expect of our neighbors, the Ger¬
467 2240 1244 2292 mans. We are always being compared to
472 2285 1234 2334 the Germans, or contrasted rather. Of
464 2328 1231 2380 course there is quite a striking difference
470 2370 1234 2420 but not between us and the Germans as a
472 2415 1234 2467 whole as between us and Prussia. Our
470 2453 1241 2516 immediate neighbors, the Germans of the
467 2499 1231 2556 south, of course blend in with our char¬
472 2545 577 2612 acter.
506 2553 1231 2644 In one respect Vienna has had a har¬
467 2641 1244 2693 time growing up. It finds it hard to take
464 2682 1238 2740 itself or others seriously, particularly
470 2732 1244 2782 itself. North Germany, for example, has
464 2773 1245 2831 always found Vienna amusing. Well, our
464 2815 1228 2866 people took that as their cue too. It be¬
464 2851 1241 2921 came the fashion for our correspondents
472 2898 1233 2953 to foreign newspapers to poke fun at
472 2943 1234 2992 everything Viennese. The result was
472 2982 1241 3040 that no native talent was prophetic among
467 3026 1238 3094 our people. Now there is a great deal of
470 3072 1231 3125 fine talent among them. But it has a hard
472 3118 1234 3172 time getting itself appreciated here until
464 3163 1234 3216 it has received approval abroad. Gustave
464 3203 1234 3251 Mahler found it so hundreds of others
467 3245 1241 3301 have had the same experience. Look at
472 3293 823 3358 this, for example !"
509 3332 1241 3393 He took up from the desk a sketch in
470 3381 1234 3435 sepia crayon of a young woman's relaxed
464 3422 1241 3476 body. It seemed to me an astounding
472 3474 1234 3540 achievement. It was a matter of lines of
472 3511 1249 3566 crayon on paper. But they did not seem
470 3559 1238 3614 Immobile. Almost I looked for those lines
478 3600 1241 3652 to move lazily, flexing and turning with
478 3642 1245 3715 the half asleep comfort of that young per¬
478 3691 558 3756 son.
514 3709 1245 3796 Is the work of a young artist of the
472 3776 1241 3842 first order," he went on enthusiastically.
481 3829 1248 3872 Yet Vienna has not opened its eyes to
472 3868 1240 3923 him; and will not, I suppose, until he re¬
470 3909 1241 3970 turns a foreign celebrity. And this dis¬
1284 39 2052 92 demie, ons oder das
1287 89 2047 143 sire for the best in thought and art. Re¬
1287 134 2059 176 luctance to accept a prophet of their own
1290 182 2052 231 people and the quick appreciation of the
1287 226 2047 275 talent and genius of other lands, I sup¬
1286 263 2043 313 pose Vienna is adolescent still; its char¬
1284 309 2053 355 acter is not yet formed; its inconsistencies
1290 349 2053 405 still lie side by side, intact and unmodified,
1287 397 2047 451 Or rather I should say that was the con¬
1290 430 2054 488 dition of affairs with us in 1914. Since
1287 481 2056 524 then there have been fiery years, years in
1287 525 2056 588 which the character of Vienna has aged
1290 563 1705 629 many times six years.
1329 612 2050 669 "The Crown Prince, Franz Ferdinand.
1290 655 2053 707 was not very much liked in Vienna, Dr.
1284 703 2056 766 Schnitzler went on, his tone changing un¬
1282 739 2059 790 consciously as he came to the war. But
1284 783 2052 838 his murder produced a genuine shock. Be¬
1290 830 2053 873 fore Vienna could recover from it and to
1287 868 2050 928 think clearly events came rushing like a
1284 918 2046 968 mountainside. Of course they were largely
1287 960 2050 1008 manipulated and still more they had their
1284 1003 2053 1057 momentum in great economic and political
1287 1043 2054 1103 movements of hostility over which not
1287 1087 2059 1150 only Vienna had no control, but even the
1284 1129 1649 1192 rulers of the world.
1321 1143 2060 1228 I feel that our people have no love for
1290 1216 2057 1263 militarism and that, left to themselves,
1290 1266 2060 1321 they would have sought a solution les
1282 1302 2052 1357 zavage than war; but events and insti¬
1287 1343 2056 1403 tutions dragooned them into it and Aus¬
1287 1391 2059 1437 tria was one of the very first countries to
1284 1437 2059 1488 feel the shock of war. In September and
1287 1480 2056 1534 November of 1914 the Russian armies
1277 1512 2061 1575 swept into Austria like a tidal Wave and
1290 1558 2053 1622 it seemed as though it would go all the
1287 1609 2056 1663 way. In Vienna there was quite a flutter.
1290 1650 2053 1704 To fly or not? Some people, notably the
1287 1701 2056 1755 very rich their very wealth seems to
1287 1736 2054 1806 breed a cowardice did fly in their autos.
1287 1783 2056 1838 But in the main Vienna stayed. Some out
1290 1817 2050 1873 of pride; others because of fatalism; many
1288 1866 2057 1937 because leaving Vienna would be a dis¬
1282 1916 2053 1969 comfort and a strangeness worse than any
1287 1968 2063 2029 evil they could picture of occupation by a
1290 2011 1505 2067 foreign foe.
1323 2022 2063 2100 "The Russians did not come to Vienna,
1290 2086 2059 2141 but a terrible measure of war came to the
1297 2127 2059 2190 Viennes. Every engagement in the field
1284 2179 2054 2229 sent us back a flood of dead and wounded.
1297 2214 2059 2281 Those who had stayed behind to work
1287 2258 2059 2318 staggered under unremitting overwhelming
1287 2309 2052 2376 burdens. But of actual physical want in
1287 2346 2061 2405 the city there was little until 1915, when
1287 2391 2061 2448 bread cards were first given out. Even
1293 2429 2056 2490 then the prices did not rise badly. So that
1286 2476 2059 2545 while our people had superimposed on
1290 2511 2059 2570 them the weight of war, they still had
1290 2570 2054 2645 their old Vienna to help them forget a
1287 2622 1381 2675 little.
1321 2640 2057 2707 "Then in 1917 Vienna began to lose its
1290 2689 2063 2752 lights. That was bad. Theatres began to
1287 2735 2056 2803 close early. Even to-day performances
1287 2781 2056 2838 must close at eight. And Vienna without
1290 2817 2059 2876 its lights at night and without a good long
1290 2863 2057 2924 evening at the theatre is not itself. Worse
1290 2908 2061 2968 still was the early closing hour for our
1287 2964 2056 3010 street railways. Our people are tremen¬
1293 3006 2057 3054 dously social, gregarious. Send them to
1290 3041 2059 3093 bed early and you make them suffer, as
1297 3093 2059 3153 the young always suffer when they are
1282 3128 2060 3189 sent to bed early. Then on top of that
1282 3174 2056 3223 came the endless mounting of carfare,
1290 3207 2057 3266 until to-day it costs something like many
1290 3260 2057 3313 times what it used to cost. Our people can
1290 3295 2059 3365 no longer afford to visit their friends at
1284 3346 2003 3399 any distance, to go to theatres, to cafés.
1326 3390 2053 3445 Deprived of their familiar escape from
1287 3442 2059 3488 the crushing realities of life the Viennese
1297 3467 2059 3537 became a changed people confused, heavy,
1290 3520 2060 3586 spiritless, pondering. A new and terrible
1290 3557 2059 3613 experience crept in on them hunger. One
1287 3601 2059 3670 after another food stocks of every kind
1276 3645 2059 3701 became exhausted on the other hand,
1287 3694 2059 3754 prices went souring so high that thinking
1293 3736 2060 3791 in terms of money took on a kind of crazi¬
1297 3782 2059 3838 ness. The familiar world assumed fau¬
1300 3828 2068 3882 tastic proportions. One saw everywhere
1297 3864 2061 3916 the giudiness that comes of slow starva¬
1287 3910 2061 3983 tion. Great events came to mean little;
2109 57 2858 119 that the
2105 110 2858 159 life are dispensed with at such times.
2912 115 3238 175 great modern city
2102 152 2858 201 know that the families of even physicians
2914 151 3253 215 a city indomitably
2105 200 2865 246 go hungering today. And this class of
2912 198 3259 256 tured by great ex¬
2099 236 2866 289 people have not the hardihood to take up
2914 246 3266 300 fire and made wis¬
2102 295 2866 341 cobblestones and help themselves. But
2917 292 3260 347 Vienna of the mere
2102 321 2862 376 among the desperately poor and others
2915 330 3246 389 thoughtless youth,
2105 373 2862 422 there has come a new point of view in
2914 366 3269 430 the hands of the AI
2102 415 2865 465 morality or unmorality. You hear people
2919 415 3259 474 there develops an
2102 451 2760 502 saying. Since it is permitted to steal¬
2907 461 3246 520 stead of being ab
2137 495 2855 572 He finished with a shrug of the shoul¬
2912 503 3244 559 to itself, becomes
2099 538 2190 601 ders.
2911 542 3246 605 beautiful cities of
2469 591 3262 679 ASKYOUR BOOKSELLER TO
2145 674 3267 776 LEONARD MERRICKS irresistibly ch
2260 741 2763 826 The Worldlings
2256 801 3262 896 As an artist depicting the finest shades of huma¬
2258 869 3272 939 telling a thrilling story, Mr. Merrick is sin¬
2257 913 2356 981 able.
2149 946 3245 1047 RICHARD WASHEURN CHILDS new
2267 1031 2905 1124 The Vanishing Men
2260 1077 3270 1171 A mystery ingeniously conceived, a solution hi
2257 1150 2884 1207 end, and delightfully related.
2149 1186 3262 1288 Dr. FRANCIS BRETT YOUNGS new
2270 1269 2957 1350 The Young Physician
2254 1325 3259 1391 The story of a youth at the critical years which
2257 1391 3259 1455 coming man is told with the delicacy and fi-
2260 1435 3007 1502 distinguished "The Crescent Moon.
2149 1490 3199 1582 SHEILA RAYE-SMITH new novel
2260 1551 2785 1643 Tamarisk Town
2260 1616 3252 1688 When a man's whole soul is in one undertaking
2253 1674 3249 1726 love passionately a woman who hates it
2257 1723 2826 1794 strongly worked out story.
2151 1792 3255 1866 MARIORIE DOUIES Burmese mystery
2267 1850 2859 1933 The Pointing Man
2264 1889 3256 1973 Has in it the fascinating color of an Eastern
2254 1969 3256 2025 Oriental intrigue, and a web of cross purpos
2265 2008 2673 2085 curiosity provoking.
2152 2057 3252 2158 ALBERT PAYSONTERUNES new
2260 2133 3097 2222 Bruce By the Author of LAD
2267 2190 3252 2253 There is a thin this story of arres¬
2254 2242 3256 2311 some dog lovers consider it an even better boo
2267 2299 2657 2376 predecessor, LAD.
2717 2325 3059 2416 Published by
2147 2391 3246 2476 E. P. DUTTON & COMPANY, 681 A
2427 2588 3273 2669 A New Sort of Loves
2281 2673 2535 2850 HE
2567 2671 3100 2848 STRA
2594 2858 3179 2953 By ARTHUR BULLARD
2152 2971 3248 3041 In this new novel Mr. Bullard opposes to Western materia
2158 3030 3241 3097 the East and weaves the whole into an intensely interesting
2152 3087 3249 3158 ful story of life and love in New Yorks Bohemian Quarter
2152 3154 3259 3224 Recently it has become known that Albert Edwards, the
2155 3217 3231 3294 markable novels. A Man's World" and "Comrade Yetta.
2152 3286 3241 3337 are one and the same person, and this new story comes a
2149 3329 3241 3414 demands of the many readers who have been wishing for
2151 3385 2360 3473 Edwards.
2179 3446 3249 3524 Unusual and striking in conception, the book is no less un
2155 3515 3230 3592 execution. A really worth while novel, Y. Times.
2478 3608 3252 3713 Other Novels by Arthur Bulla
2162 3709 3244 3783 THE BARBARY COST II. 82.50. AMAN
2162 3832 3189 3909 THE MAMILLIAN COMPANY, Publisher
