3484 4256
1408 173 1763 261 box 9/3
295 178 813 270 4.9. Anatol
856 170 1235 273 Zyklus
540 1494 1471 1578 ADOLF SCHUSTERMANN
468 1586 1536 1667 ZEITUNGSNACHRICHTEN-BUREAU
678 1656 1347 1741 BERLIN SO 16, RUNGESTR. 22-24.
534 1749 1482 1855 zeitung. Frankfurter Nachrichten
529 1875 740 1945 Adresse:
824 1852 1482 1991 Frankfurt a. M.
1166 1950 1368 2019 A
528 1978 720 2058 Datum:
501 2034 1667 2106 Frankfurter Kammerspiele. Den bevorstehenden 50. Verlag
426 2086 1667 2153 Arthur Schnitzlers (15. Mai 1922) ehrte die kleine Zeilbühne durch
423 2137 1667 2201 seine Wiege des Anatolzyklus, die sich von der im vorigen Jahr¬
426 2180 1667 2226 am Neuenter erfolgten durch eine in den Hauptrollen ver¬
423 2212 1674 2261 änderte Besetzung sowie durch die diesem Theater eigentümlichen
432 2256 1680 2298 dekorativen Mängel der Inszenierung unterschied. Diese Dialoge voll
436 2297 1671 2340 Schlendrian, Anmut und Empfindsamkeit sind immer dankbare¬
432 2334 1674 2378 Repertoire. Denn sie sind gegossen in eine geistige Form, die neben
432 2375 1680 2425 dem duftigen Inhalt und der tänzerischen Grazie ihrer Stilisierung
432 2412 1672 2465 jenes Trio besitzt, das die Garantie der Wirkung ist: Witz, Fronie
429 2446 1674 2492 und Erotik. Es ist durchaus zu begrüßen, wenn man mit einem
436 2487 1675 2532 Schauspieler wie Hennings, da er hochbegabt ist, Experimente
432 2529 1677 2579 macht, die seiner Entwicklung nur forderlich sein können. Er bringt
432 2568 1672 2620 vieles mit für die Rolle des Anatol. Ein lockeres Temperament, eine
432 2607 1674 2654 besinnliche Sensibilität, Hang zur Melancholie, Neigung zum Träu¬
423 2646 1678 2690 merischen und jene gewisse Atmosphäre des unwiderstehlichen Mannes,
429 2687 1678 2728 dem die Frauen zufliegen wie die Bienen. Er erledigte seine Rolle
432 2723 1680 2765 mit einer gewandten und lässig sich gebenden Intelligenz, ohne sie
432 2762 1681 2813 jedoch bis in die letzten Möglichkeiten auszuschöpfen. Was ihm fehlt,
439 2802 1678 2846 und das ist bei seiner Jugend natürlich, ist jener leichte und letzte
439 2840 1688 2885 Hauch eines überreifen Lebens, das schon halb in den Schatten der
432 2881 1680 2929 Dekadenze sich bewegt, und der zur vollendeten Charakterisierung
436 2916 1675 2960 dieses Wiener Elegants unumgänglich ist. Ihm zur Seite stand duld¬
436 2955 1675 3002 sam, heiter und gemütlich sein Freund Max des Herrn Sellnick
439 2994 1678 3044 geschickt und sicher gespielt mit beständigem Gelächter. Marion
436 3038 1678 3085 Heiden zeigte während des Abschiedssoupers eine übertriebene
437 3076 1678 3130 Lustigkeit. Grete Klee füllte ihre kleine Episode hinreichend aus¬
442 3113 1681 3152 Alice Rohde gab der Gabriele mit ihrem warmen und dunkel¬
439 3147 1686 3199 schönen Organ die verhaltenen und wehmütigen Töne und stattete die
445 3193 1692 3243 zähverliebte Ilona mit vollem Temperament, Eigensinn und drasti¬
442 3232 1681 3291 schen Zärtlichkeiten aus. Der Beifall war verdientermaßen stark und
436 3268 570 3319 kandi¬
1928 1363 2854 1471 ADOLF SCHUSTERMANN
1852 1466 2918 1560 ZEITUNGSNACHRICHTEN-BUREAU
2064 1535 2735 1627 BARLIN SO 16, RUNGESTR. 22-24.
1914 1611 2759 1744 zeitung: Volksstimme
1922 1727 2640 1845 Adresse: Frankfurt
2514 1770 2913 1888 MAT
1922 1858 2125 1939 Datum:
2101 1975 2826 2072 Kleines Feuilleton.
2131 2089 2765 2175 Frankfurter Kammerspiele.
1942 2144 3058 2215 Der „Anator von Schnitzler ist vom Neuen Theater nach den
1872 2198 3062 2250 Kammerspielen umgezogen, um hier den 60. Geburtstag des Dich¬
1872 2244 3058 2292 ters zu feiern.“ Arthur Lengbachs echtestes Wienertum vermißte
1872 2279 3062 2331 man. Hennings, der den Anatol gab, spielt ihn melancholischer
1872 2318 3058 2365 als Lengbach, Besinnlicher, weniger sinnlich. Ein ganz anderer
1869 2357 3069 2403 Anatol als im Neuen Theater stand vor uns, ohne daß seine Zeich¬
1869 2393 3054 2440 nung verzeichnet gewesen wäre. Er verlieh ihm mehr als Lengbach,
1863 2432 3063 2475 der ihn als tändelnden Lebemann mit viel Gefühl auffaßte, das
1869 2471 3058 2521 Tragische des Mannes, der den Begriff Weib nie zu Ende studiert
1878 2512 3058 2557 und im Streit von Geschlecht zu Geschlecht nie zur Ruhe kommt.
1878 2551 3055 2590 Selbst die Ehe bildet für einen Anatol keinen Abschluß. Das letzte
1869 2582 3062 2637 der fünf Bilder, das den Morgen vor Anatols Hochzeit schildert,
1875 2629 3062 2670 läßt in eine nicht einseitige Zukunft blicken. Beide Auffassungen
1877 2670 3063 2731 haben ihre Berechtigung. Durch die angestellten vergleichenden
1880 2707 3065 2754 Betrachtungen gewann der Abend an Interesse. Die Darstellung
1883 2743 3062 2785 des Max durch Kurt Sellnick war gut, aber im Stil nicht ein¬
1875 2781 3062 2823 heitlich. Er sprach meist hochdeutsch und streute ab und zu in
1880 2816 3058 2870 schlechtem Dialekt ein paar Wiener Brocken hinein, die dem Ohr
1880 2852 3058 2902 wehe taten. Otto Wallburg, der die Rolle im Neuen Theater
1883 2896 3060 2943 spielte, sprach den Max in weiser Selbsterkenntnis nur in Schrift¬
1878 2932 3065 2984 deutsch, was der Einheit des Spiels nichts schadete. Von den ver¬
1883 2969 3068 3027 schiedenen, vom Dichter linsenscharf geschauten Frauentypen über¬
1880 3009 3068 3055 ragte Marion Heiden besonders in der Szene des „Abschieds¬
1880 3052 3065 3098 souper" durch eine glänzend lärmende Realistik, die sich sogar auf
1883 3090 3065 3130 die Requisiten übertrug. Von feinster Diskretion war Alice
1886 3129 3068 3174 Rohde als Gabriele und voll randalierender Eifersucht als
1892 3165 3065 3213 Ilona. Wären noch Grete Klee als Bianca und die schönen
1886 3205 3073 3268 Bühnenbilder Loe Dahls zu erwähnen. Der Beifall war nach jeder
2863 3241 3043 3299 M. E.-
1878 3246 2109 3304 Szene stark.
