3484 4352
276 189 800 297 4.9. Anatol
1396 179 1746 270 box 8/4
966 189 1193 293 klu-
1024 1274 1777 1381 401.1910 Die Zeit, Wien
1270 1453 2000 1571 Theater und Kunst.
1210 1541 1750 1639 Anatol.
1160 1594 2103 1677 Fünf Einakter von Arthur Schnitzler. Erst¬
1154 1674 2103 1731 aufführung im Deutschen Volkstheater am 3. Dezember.
1198 1715 2102 1777 c. h. Heute ist es natürlich kein Verdienst
1158 1764 2094 1814 mehr, den „Anatol“ zu spielen. Vor etwa
1158 1809 2098 1866 zwanzig Jahren, als Schnitzler noch am Anfang
1166 1854 2102 1912 stand und unberühmt war, hätte man es tun
1160 1895 2094 1947 sollen. Diese kleinen, seinen Szenen waren da¬
1158 1941 2092 1986 mals nicht schlechter als sie jetzt sind. Vielleicht
1154 1980 2090 2038 waren sie, was allerdings paradox klingt, sogar
1153 2031 2086 2080 besser. Denn sie waren damals wundervoll neu
1154 2064 2092 2119 Ihr anmutiges Getändel und Philosophieren,
1154 2117 2094 2171 ihr Leichtsinn und ihre Schwermut, ihr Ton und
1152 2152 2086 2210 Parfüm, waren damals noch unverbraucht, un¬
1154 2204 2089 2253 angetastet, bestrickend. Seitdem hat man sie
1163 2246 2086 2294 so unzählige Male nachzumachen versucht, hat
1160 2288 2089 2345 sie bestohlen und geplündert, hat sie gefälscht
1160 2340 2086 2385 und verwässert, daß man Schnitzlers Gestalten
1163 2382 2089 2428 wie durch einen Schleier sieht. Es liegt ja nicht
1163 2427 2089 2473 an ihnen selbst, gewiß, aber der Unmittelbarkeit
1154 2467 2089 2519 des Genusses steht eine ganze unerquickliche
1154 2512 2089 2566 Literatur im Wege. Und Schnitzler ist ja auch
1154 2555 2086 2622 inzwischen ganz anderswo angelangt. Gründ¬
1154 2594 2092 2648 liche Leute mögen die Linie ziehen vom
1158 2640 1941 2697 „Anatol“ zum „Jungen Medardus...
1195 2683 2090 2742 Sie werden wohl Verwandtheiten entdecken in
1152 2734 2094 2781 allen Schnitzlerschen Helden. In allen diesen
1154 2780 2080 2823 Menschen, die vor den Verbindlichkeiten des
1152 2821 2083 2872 Lebens eine namenlose Scheu haben. Anatol,
1148 2865 2086 2922 der Erotiker, erlebt aus diesem Seelenzustand
1154 2911 2089 2964 nur Episoden. Darum liebt er das Flüchtige,
1158 2949 2083 3004 das Vergängliche. Er ist aber Dichter genug,
1154 2998 2086 3048 sich irgend etwas Ewiges hinzuzuträumen.
1160 3043 2086 3095 Diese Figur konnte man Schnitzler doch nicht
1158 3087 2086 3140 nachpfuschen; nur die Stimmungen, die Ironien
1154 3132 2086 3180 des Dialogs, das Gemisch mancher Sentimente
1154 3177 2086 3224 kopierte man. Aber Anatol ist jung und neu wie
1158 3213 2086 3274 am ersten Tag. Anatol ist der Don Juan von
1160 3263 2086 3312 Wien geblieben. Es mag sein, daß er im Leben
1158 3310 2080 3363 besser nachgemacht wird als in den Büchern,
1148 3348 2080 3405 daß ihn die reichen Wiener Jünglinge besser
1158 3392 1453 3453 nachempfinden,
1507 3390 2080 3442 weil er aus demselben
1160 3442 2086 3487 lebendigen Stoff geschaffen ist wie sie und er
1158 3486 2083 3533 ihnen bloß die Form angibt. Man spielt jetzt
1154 3527 2050 3580 fünf von den sieben Szenen des „Anatol
1146 3568 2089 3627 mehrere nicht zum erstenmal. Daß man die
1142 3618 2080 3684 Episode zwischen das „Abschiedssouver" und
2136 1456 3059 1507 „Anatols Hochzeitsmorgen einschiebt, stört den
2137 1503 3059 1554 Konner. Herr Kramer ist der leichtfertige
2131 1547 3062 1601 Melancholiker, scharmant, ironisch, sentimental,
2133 1597 3059 1641 und nur nicht jugendlich genug. Den Freund
2133 1637 3059 1686 Max, den praktischeren und weniger philosophi¬
2145 1680 3066 1738 schen Genießer, gibt Herr Lackner. In die
2137 1723 3059 1771 amüsanten süßen Mädchen und Frauen teilen
2143 1769 3056 1818 sich die Damen Hannemann, Reinau,
2131 1812 3059 1868 Müller, Glöckner und Galafrés, und
2137 1854 3062 1906 so ist viel Munterkeit und Koketterie auf der
2128 1895 3062 1979 Bühne versammelt. Man rief den Autor
2128 1936 2301 2007 stürmisch
2312 1969 2760 2056 Die eine Re¬
