3344 4256
207 204 744 316 4.9. Anatol
858 229 1155 311 Zyklus
1324 196 1668 319 box 9/1
1864 428 3052 512 NEW YORK HERALD, TUESDAY.
1349 542 2725 741 S IN THE THEATE
891 771 2834 899 Why Get Married? Is Question Raised in the
1177 894 3060 1003 Affairs of Anatol, Staged at Little theatre
1466 2673 1597 2763 .
970 2744 2981 2856 Son los portio R E F E R
1139 2807 2725 2875 ISABELLE LEE IN THE WEDDING MORNING SCENE FROME AFFAIRS OF ANATO
902 2872 3087 2989 Mr. John Barrymore is at His Best point of vantage (or disadvantage) he pleased the audience most. In the former
2365 2938 3090 2981 Miss Keane, as a young woman from the
1681 2946 2215 3003 ewed the scene, and remarked
2365 2962 3090 3017 opera, who had come to break her af¬
1676 2984 2014 3036 "Why get married?
1030 2959 1518 3049 in Play Imported from
1662 2981 3082 3052 That was the clima of the fifth and fair, played the light comedy exceedingly
1638 3027 3093 3087 last episode in Mr. Arthur Schnitzlers well. The fourth scene, which takes place
1194 3027 1349 3106 London.
1638 3066 3087 3123 comedy, "The Affairs of Anatol," which outside a florist's shop, and in which Miss
1643 3096 3087 3153 was presented in America for the first Emmet and Mr. Barrymore only appear,
913 3109 1627 3188 LITTLE THEATRETAS AFFAIRE
935 3134 2801 3221 ANATOI," a sequence of episodes by Mr. line last night at Mr. Winthrop Ames was delightfully cynical.
2395 3142 3087 3207 Each of the four sets was perfect in its
1654 3177 2360 3226 Little Theatre. It proved to be all that its
1643 3191 3093 3259 advance notices had termed ita distinct appointments and regard for detail. There
935 3196 1616 3273 Arthur Schnitzler, adapted to the Eng
937 3235 1452 3292 lish by Mr. Granville Barker.
910 3229 3090 3311 Anatol. Mr. John Barrymore novelty. Furthermore, there appears to is a charming atmosphere about the Little
918 3265 3079 3338 Max............................... Oswald York be no question that it is exactly suited Theatre. It makes one feel as if he be¬
913 3295 2488 3368 Hilda Marguerite,
918 3341 2363 3395 Bianca
2423 3341 3047 3436 SOCIETY SEES THE PLAY.
916 3368 2344 3420 Mimoseen.
924 3401 1632 3447 Gabrillemme
1668 3409 2360 3466 The version used last night was prepared
921 3436 1635 3496 Lon¬
1654 3439 2360 3491 by Mr. Granville Barker, the, London
2398 3434 3093 3510 Society was well represented in the audi¬
937 3472 2368 3540 Poor Anatol! The evening preceding actor-manager, who produced it in the
918 3499 3096 3578 his wedding day he was a guest at the English capital. In its original form it is ence that filled the Little Theatre for the
1654 3534 2360 3586 in seven episodes. Each portrays a love
2384 3542 3096 3592 opening of its season last night. Among
918 3567 2360 3619 home of his fiancée. Everybody was there, fair in the life of a young man, who con¬
918 3581 3085 3673 and everybody drank a great deal of fesses that as he grows older he grows those who gathered in the coffee room dur
924 3624 3096 3711 champagne. So did Anatol, and on leaving wiser. Reprimanded by his friend, Anatol ing the intermission were Mr. and Mrs.
1651 3657 3096 3720 remarks that while others swallow life as Ernest Iselin, Mr. Egerton L. Winthrop,
2382 3695 3101 3736 Jr.; Mrs. August Belmont, Mr. and Mrs.
929 3692 1635 3750 the house he became very lonesome. There¬
1657 3709 1967 3760 a whole ne sins it.
1676 3714 3098 3780 A different young woman appears in Thomas Hastings, Mr. and Mrs. Elbert
921 3736 1635 3796 fore he went to the opera ball, met an erst¬
924 3755 3090 3845 while sweetheart, took her to his lodgings each of the five episodes, and herein rests H. Gary, Professor and Mr. Brander Mat
1660 3790 3087 3845 much of the charm of the work as it was thews, Mr. Robert B. Van Cortlandt, Mr
929 3823 3096 3872 and there she was found on the wedding presented last night. The young woman Bertram de N. Cruger, Mr. and Mrs. Sam¬
1657 3856 3098 3910 who took part in the successive scenes uel Untermyer, Mr. and Mrs. Robert
921 3872 1027 3924 morn.
2390 3891 3096 3927 Erskine Ely. Mr. and Mrs. Sydney S.
954 3891 2363 3951 The poor boy tried his best to sit away were Misses Marguerite Clark, Gall Kan¬
929 3916 3096 4000 that he might be married, but his secret Doris Keane, Katherine Emmet and Isa-Bresse, Mr. and Mrs. Percy R. Turnure
1654 3954 3101 4003 belle Lee. Mr. John Barrymore appeared Mr. Thomas F. Clark, Mr. Nathan Straus,
921 3987 3096 4044 would out, and Lont, of the theatre, flew at his very best as Anatol and Mr. Oswald Jr.; Mr. and Mrs. William W. Caswell
924 4017 3101 4098 into a rage, smashed bric-a-bras and Yorke was a sympathetic and resourceful Mr. Robert Underwood Johnson, Professor
2387 4052 3098 4112 and Mrs. Edward Robinson and Mr.
921 4060 1940 4109 drove the bridegroom to the piano where Max, his friend.
1681 4082 2880 4145 Probably the third and fourth scenes Francis Burrall Hoffman, Jr.
918 4098 1646 4169 a vos que armaron
