3392 4256
260 163 812 285 4.9. Anatol
1380 149 1740 246 box 8/5
849 155 1190 258 Zyklus
1064 806 2682 910 228 Paul Oskar Höcker: Die Berliner Bühnen.
1060 879 1864 965 ungern dafür. Und der zweite Rang
1891 887 2694 965 zert“ von Hermann Bahr veranlaßte Lin¬
1058 942 1854 1018 und die Galerie ist selbst mit Freibillettlern
1891 956 2686 1020 dau außerdem, desselben Verfassers „Kram¬
1060 989 1549 1056 nicht mehr recht zu füllen.
1891 1007 2692 1062 pus“ für den urkomischen Vollmer aus
1105 1030 1856 1113 In diesem Zustand des Übergangs, da
1891 1052 2684 1111 der Kanzlei herüberzuholen. Das Bühnen¬
1048 1079 1852 1150 die Jungen alt und altmodisch geworden
1891 1099 2680 1156 haus, das im letzten Menschenalter Mat¬
1060 1131 2684 1215 sind und die neuen, temperamentvollen kowsky, Mitterwurzer und Kainz gesehen,
1050 1195 1854 1256 Talente, derer es jetzt bedarf, noch fehlen,
1891 1199 2686 1254 gehört nun einmal einen Winter lang den
1048 1243 1854 1300 machen die Bühnenleiter die komischsten
1886 1252 2684 1304 beliebtesten komischen Kräften Berlins.
1050 1286 1848 1341 Verrenkungen. Mit zärtlicher Behutsam¬
1886 1294 2680 1357 Da daneben für die Bildung unseres Nach¬
1050 1335 1852 1394 keit buddeln sie dramatische Leichen und
1878 1339 2684 1412 wuchses reichlich Klassikervorstellungen in
1048 1388 2680 1451 Scheintote aus den Gräbern aus, an denen rechtschaffener Einstudierung heraus¬
1054 1429 1852 1520 sie selbst vor zwanzig, dreißig und vierzig
1884 1445 2686 1498 gebracht werden, müssen wir uns zufrieden
1247 2849 2450 2926 Paul Wegener als Odipus. Photographie von Zander & Labisch in Berlin.
1036 2928 1829 2998 Jahren die Grabreden gehalten haben.
1860 2932 2664 3004 geben. Große Ehrgeize haben den Gen¬
1036 2989 1829 3057 Das muß ausgerechnet Paul Lindau pas¬
1862 2996 2475 3065 darmenmarkt ja nie beunruhigt.
1034 3036 1829 3093 sieren, daß er Roderich Benedir wieder zu
1903 3042 2666 3112 übrigens — sie schlafen auch am Fried¬
1038 3091 1829 3142 Ehren verhilft! Benedix ward an seinem
1864 3083 2660 3154 rich=Karl=Ufer, wo einst die Revolutions¬
1034 3132 1829 3205 hundertsten Geburtstag wieder spring¬
1872 3142 2660 3199 schlachten der Freien Bühne geschlagen
1026 3177 1823 3248 lebendig. Die köstliche Anna Schramm,
1856 3195 2658 3268 wurden. Denn die „große Tat" des Lessing¬
1028 3236 1829 3289 di ehemals so furchtbar nette, gab den
1860 3242 2611 3313 theaters war bis zum Weihnachtsfest
1028 3284 1821 3337 „Störenfried, das Urbild aller deutschen
1856 3287 2648 3339 die Verführung des guten alten „Anatol“
1030 3333 1821 3398 Lustspielschwiegermutter, von dem sich
1897 3335 2656 3409 Arthur Schnitzlers „Frage an das Schick¬
1030 3374 1817 3437 Generationen von Schwankfabrikanten er
1866 3380 2652 3443 sal", „Weihnachtseinkäufe", „Abschieds¬
1026 3433 1815 3490 nährt haben. Der vorjährige Erfolg der
1866 3431 2652 3502 souper", „Episode" und „Anatols Hoch¬
1022 3474 1815 3559 harmlos trefflichen Komödie „Das Kon
1860 3488 2652 3553 zeitsmorgen zeigen das gemütvolle Lebe¬
