3484 4224
1421 146 1581 234 box
966 150 1254 253 Zyklus
301 144 803 245 4.9. Anato
749 420 1221 510 uenenangabe ohne Gewalt.)
432 476 1553 576 Ausschnitt der Volkszeitung
432 603 582 661 vor:
456 682 1512 778 )( Stadttheater. Frei den 30. Juli:
370 742 1509 824 Bunter Kleinkunstabend. Scherz und Ernst moder¬
370 816 1512 876 ner Autoren. Dem Zuge der Zeit und dem Ge¬
370 860 1512 929 schmacke des Publikums nach Abwechslung Rechnung
370 912 1512 970 tragend gab es Freitag im Stadttheater einen Bun¬
370 966 1512 1022 ten Kleinkunstabend, welcher dem Ernst der Tage, wie
365 1010 1509 1066 dem Scherze gleichmäßig gerecht zu werden bestrebt
365 1064 1509 1125 war und in dessen Mittelpunkte der Einakter Nr. 5
365 1112 1503 1167 auf Arthur Schnitzlers Anatol=Zyklus", „Anatol¬
366 1162 1506 1225 Hochzeitsmorgen stand. Aus dem Zyklus dieser fünf
358 1212 1506 1261 Einakter haben wir bereits den dritten, „Abschieds¬
366 1261 1501 1316 souper", kennen gelernt, weshalb der Wunsch, die Büh¬
358 1308 1506 1364 nenleitung möchte doch einmal den gesamten Zyklus
352 1362 1498 1413 an einem Abend herausbringen, gewiß einige Be¬
361 1404 1509 1470 rechtigkeit hat. „Anatol“, welcher einen Teil, nämlich
358 1458 1506 1511 den leichtlebigen Teil jener Jugend darstellt, der im
361 1512 1499 1561 lustigen Dreivierteltakt die Freuden des Lebens ge¬
358 1552 1506 1622 nießt, der so wehmütig lustig durchs Dasein schreitet,
352 1612 1499 1661 nimmt in diesem Einakter Abschied von seiner Jung¬
352 1658 1498 1715 gesellenherrlichkeit, während im Nebenzimmer seine
352 1705 1499 1767 ahnungslose Freundin Ilona weilt. Und wenn Max
355 1753 1499 1820 dieser zur Tröstung zuflüstert, daß die Verheiratung
355 1803 1499 1861 Anatols gar nicht so tragisch zu nehmen sei, da man
352 1856 1499 1915 zur Geliebten ja jederzeit zurückkehren könne, weshalb
348 1908 1499 1960 auch Ilona nur mit einem „Auf Wiedersehen“ von
348 1951 1499 2011 den Räumen, in denen Anatol haust, Abschied nimmt,
355 2000 1489 2057 so glauben wir dieser Versicherung nicht nur aufs
347 2050 1498 2114 Wort, sondern sind sogar fest davon überzeugt, daß
348 2101 1494 2160 dieser Hochzeitstag im Leben Anatols nur ganz ge¬
347 2152 1494 2207 ringe Aenderungen bewirken werde. Gegeben wurde
347 2202 1489 2253 der Einakter von Frl. Kadelburg (Ilona) und den
340 2246 1489 2309 Herren Hartmann-Haase (Anatol) und Karma (Max)
343 2299 1488 2359 ganz flott und fand daher auch eine freundliche Auf¬
347 2351 1491 2402 nahme. Umrankt war der Einakter von allerlei kaba¬
347 2402 1491 2456 rettistisch gefärbten und zugespitzten Kleinigkeiten.
343 2449 1488 2510 Herr Karma brachte als Einleitung des ersten Teiles
340 2500 1488 2557 zeitgemäße Kriegsgedichte; Frl. Grete Schulz er¬
337 2546 1485 2613 probte ihre geschmackvolle Gesangskunst an Schubert¬
340 2598 1485 2654 liedern: „Ave Maria", „Es war, als hätte der Him¬
340 2647 1485 2703 mel die Erde geküßt, und „Lotosblume“, während
334 2701 1485 2750 Herr Schnepf sich uns erstmalig als im Besitze eines
334 2748 1481 2806 angenehm klingenden Baritons vorstellte und mit
340 2793 1476 2847 dem „Doppelgänger" und „Ich hab' im Traum ge¬
337 2843 1480 2897 weint, beim Publikum einen ganz guten Eindruck
330 2896 1481 2954 hinterließ. Frl. Brahm erschien als Karlchen Mies¬
329 2945 1480 3003 nick auf der Bühne und brachte zwei Schularbeiten
335 2999 1473 3059 zur Verlesung, Herr Walter Renee schloß darauf die
329 3035 1481 3093 erste Abteilung des Bunten Teils mit scherzhaften Lie¬
329 3089 1476 3149 dern, die nur in Kabarettluft gut gedeihen. Die
330 3142 1470 3206 zweite Abteilung des Bunten Teiles eröffnete Frl.
329 3185 1472 3237 Scarron wieder mit kunstvoll gesungenen Schubert¬
325 3231 1470 3301 liedern, darunter „Liebesbotschaft“ und „Heideröslein",
330 3278 1470 3347 denen Herr Hans Trostli einige kleine Scherzlieder
329 3337 1467 3391 folgen ließ, worauf ein Menuett, von vier Paaren
329 3386 1472 3448 zierlich getanzt, so mächtig einschlug, daß es wieder¬
325 3432 1470 3487 holt werden mußte. Den Beschluß bildete Herr Al¬
324 3484 1470 3543 fred Felden mit zwei Liedern: „Jessas, nur net fort
322 3533 1465 3589 von Wien“ und „Gott strafe England“ aus der Ope¬
316 3571 1488 3640 rette „Rund um die Liebe". Die Klavierbegleitung.
316 3633 1463 3687 der Gesangsvorträge wurde bis auf Herrn Walter
322 3674 1467 3738 Rettee, der dies selbst besorgte, vom Herrn Kapell¬
316 3731 1465 3790 meister Bruno Pleier durchgeführt, die, diskret und
312 3782 1463 3839 kunstverständig in ihrer ganz besonderen Art, die
322 3828 1485 3909 vollste Anerkennung verdient. Das Haus war leider
309 3867 734 3944 nur schwach besucht.
1617 137 1758 239 9/1
1919 85 3201 137 an welchen Operetten zur Aufführung gelangen. Die Damen
1916 128 3198 183 Münchow, eine stimmprächtige, geschmackvolle Sängerin, Lord,
1919 177 3205 239 eine allerliebste, sehr patschierliche Soubrette, Nunner, eine
1931 224 3208 284 strebsame, sehr verwendbare, junge Kunstkraft, die Herren Otto
1916 273 3208 327 Glaser, ein famoser jugendlicher Gesangskomiker mit Humor und
1923 324 3200 381 hübscher Simme und obendrein ein brillanter Tänzer, Frossard,
1924 366 3206 432 ein mit den einfachsten Mitteln erfolgsicher wirkender Komiker,
1921 420 3205 489 sind die verläßlichen Stützen des Operettenspielplans. Das Schau¬
1919 479 3216 530 und Lustspiel verfügt gleichfalls über gediegene Kräfte, von denen
1919 513 3218 572 die Damen Claire Wolff, Dell Armi, Hoppe, die Herren
1916 571 3218 634 Götz, Felix Stärk und Spielleiter Hoppe ganz besondere
1916 615 3214 679 Anerkennung verdienen. — Der kreuzfidele, fesche und allgemein
1916 662 3211 731 beliebte Fritz Werner gastierte mit gewohnt durchschlagendem
1924 706 3188 772 Erfolge in einer seiner vielen Glanzvollen, als „lachender Ehemann
1924 757 3211 822 und versetzte das überaus zahlreich erschienene Publikum, die
1916 801 3206 873 Theaterkassierin und den Direktor in die beste Laune. Als Heloise
1923 860 3213 919 trat — über Einladung der Direktion — die anmutige, pikant¬
1916 907 3208 974 graziöse Operettensängerin Frl. Betty Myra, vom wiener Bürger¬
1924 952 3211 1022 theater, a. G. auf und fand mit ihrer gesanglich wie darstellerisch
1924 1004 3214 1071 gleich hervorragenden Leistung den verdienten rauschenden Beifall
1924 1053 3208 1112 und die rückhaltlose Anerkennung der Zuhörerschaft. — Cordy
1923 1112 3210 1166 Millowitsch, die stimmbegabte, sympathische und temperament¬
1916 1154 3223 1220 volle, neuengagierte Operettensängerin des Theaters a. d. Wien,
1924 1197 3214 1264 spielte a. G. die Adele („Fledermaus") und wurde für ihre in
1931 1251 3216 1324 jeder Hinsicht gelungene Leistung durch stürmischen Beifall ausge¬
1923 1298 3214 1364 zeichnet. — Heute eröffnet die populäre Hansi Niese als „Bot¬
1934 1344 3211 1414 schafterin Leni", assistiert von Frau Josefine Joseffy, ein mehr¬
1924 1404 2341 1472 abendliches Gastspiel.
2036 1431 3214 1507 Die Nachricht vom Falle Warschaus und Iwangorods wurde
1924 1496 3216 1561 mit Jubel aufgenommen; sämtliche Häuser legten Flaggengala
1924 1540 3224 1604 an, ein Fackelzug, an dem viele hier zur Rekonvaleszenz weilende
1923 1586 3221 1658 Soldaten teilnahmen, mit dem verdienstvollen Bürgermeister
1923 1637 3216 1707 kaiserl. Rat Leithner und dem rührigen Vizebürgermeister
1924 1686 3214 1753 Berkovits an der Spitze, begleitet von vielen hundert lampion¬
1916 1735 3223 1794 tragenden Kurgästen, und Konzerte der k. k. Salinenkapelle und
1924 1787 3223 1852 des Tonkünstlerorchesters (Dirigent Kapellmeister Hummer)
1919 1838 3224 1897 brachten die freudige Genugtuung über die gloriosen Taten der
1923 1887 3224 1944 tapferen verbündeten deutschen österreichisch=ungarischen Heere zum
1923 1929 3224 2006 Ausdruck. Der Himmel lachte dazu und der Zar aller Reußen
1923 1982 3219 2042 mußte auf die Frage „Was sagen Sie zu Warschau antworten:
2997 2029 3178 2099 Quidam.
1923 2040 2332 2104 „I wan grod!"
2134 2124 3018 2246 Karlsbader Sprudelbrief.
2889 2196 3193 2278 (Nachdruck verboten.)
2044 2282 3229 2341 Lieber Humorist! Nach einem altbeliebten lateinischen Zitat
1921 2322 3216 2387 ist es bekanntlich schwer, keine Satyre zu schreiben. Der freund¬
1928 2369 3219 2436 liche Leser wird es mir aufs Wort glauben, daß es in der furcht¬
1931 2420 3223 2485 bar ernsten Zeit, in welcher wir leben und die jedem Einzelnen
1924 2472 3224 2542 die schwersten Sorgen bringt, auch nicht gerade leicht ist, eine
1931 2516 3216 2580 Satyre zu schreiben, daß es selbst dann nicht leicht wäre, wenn
1928 2567 3226 2629 kein allgemeiner „Burgfriede, dagegen aber noch so viel zur
1923 2621 3236 2681 Satyre herausfordernder Stoff vorläge. Begreiflicherweise ist das
1934 2662 3227 2737 Publikum in diesen Zeitläuften voll Waffengeklirr, Blut und Tod
1931 2711 3221 2780 auch wenig empfänglich für Scherze, Satyre und Humor, und es
1931 2758 3229 2832 gehört schon eine recht große Portion angeborener Lebenslust dazu,
1928 2809 3223 2886 die Ereignisse der großen wie der kleinen Welt von der komischen
1937 2856 3231 2922 Seite zu betrachten und sie derart zu beleuchten, daß sie den
1926 2900 3227 2974 wertgeschätzten Zeitgenossen wenigstens zu einem Lächeln verleiten.
1941 2956 3234 3033 Hie und da gelingt es zwar einem Herren Mitmenschen dennoch,
1928 3000 3231 3080 er bringt dieses Kunststück wirklich zuwege! Freilich unwillkürlich,
1926 3054 3234 3116 aber die Hauptsache ist ja doch erreicht und — „man lacht". Für
1934 3100 3241 3165 die große Allgemeinheit hat dieses Erheiterungsgeschäft bisher der
1937 3151 3227 3219 italienische Laubfrosch=Generalissimus Cadorna besorgt und für uns
1936 3193 3236 3267 Sprudelstädter übernimmt diese jetzt eigentlich zu doppeltem Dank
1937 3249 3237 3316 verpflichtende Aufgabe zumeist irgendein geehrter Herr Kollege
1928 3308 3232 3360 von der Feder. Insbesondere was die Theaterverhältnisse an¬
1934 3339 3231 3414 langt. Da ist vor allem z. B. der liebe Branchengenosse, der sich
1934 3391 3242 3466 in lächerlicher Eitelkeit seit langen Jahren mit einer rührenden
1937 3445 3237 3510 Dauerhaftigkeit den „Dr."Titel taxfrei selbst verleiht. Ueber die
1937 3501 3229 3558 kritischen Fähigkeiten des betreffenden Herrn ein Urteil abzugeben,
1936 3541 3237 3623 liegt mir gänzlich ferne. Kritisieren ist, abgesehen von Verständnis
