<?xml version="1.0" encoding="UTF-8" standalone="yes"?>
<PcGts xmlns="http://schema.primaresearch.org/PAGE/gts/pagecontent/2013-07-15" xmlns:xsi="http://www.w3.org/2001/XMLSchema-instance" xsi:schemaLocation="http://schema.primaresearch.org/PAGE/gts/pagecontent/2013-07-15 http://schema.primaresearch.org/PAGE/gts/pagecontent/2013-07-15/pagecontent.xsd">
    <Metadata>
        <Creator>prov=READ-COOP:name=PyLaia@TranskribusPlatform:version=2.12.1:model_id=39995:lm=provided:date=29_03_2024_01:47</Creator>
        <Created>2019-10-07T11:50:14.862+02:00</Created>
        <LastChange>2024-03-29T01:47:08.038+01:00</LastChange>
        <TranskribusMetadata docId="223994" pageId="9504889" pageNr="202" tsid="156430255" status="IN_PROGRESS" userId="40391" imgUrl="https://files.transkribus.eu/Get?id=JGBGBRQFUVDHQIKXIYPAYSBH&amp;fileType=view" xmlUrl="https://files.transkribus.eu/Get?id=KHOKTZJLCQHROOOCOYGVVJAH" imageId="6195103"/>
    </Metadata>
    <Page imageFilename="223994_0202.jpeg" imageWidth="3296" imageHeight="4224">
        <ReadingOrder>
            <OrderedGroup id="ro_1712662523945" caption="Regions reading order">
                <RegionRefIndexed index="0" regionRef="tr_1"/>
                <RegionRefIndexed index="1" regionRef="tr_2"/>
            </OrderedGroup>
        </ReadingOrder>
        <TextRegion orientation="0.0" id="tr_1" custom="readingOrder {index:0;}">
            <Coords points="149,132 149,198 815,198 815,132"/>
            <TextLine id="tr_1_tl_1" custom="readingOrder {index:0;}">
                <Coords points="140,173 665,173 648,87 578,122 550,99 509,117 426,85 335,133 245,84 181,102 139,90"/>
                <Baseline points="149,152 176,154 203,156 230,157 258,159 285,161 312,163 340,164 367,164 394,164 422,165 449,170 476,173 504,172 531,165 558,162 586,161 613,163 640,163 668,161"/>
                <TextEquiv>
                    <Unicode>4.9. Anatol</Unicode>
                </TextEquiv>
            </TextLine>
            <TextLine id="tr_1_tl_2" custom="readingOrder {index:1;}">
                <Coords points="493,196 612,191 629,202 650,191 671,211 698,200 729,217 757,200 814,212 813,157 756,176 738,166 702,175 686,158 642,176 589,176 493,155"/>
                <Baseline points="501,173 527,180 553,185 579,185 605,185 631,185 658,187 684,188 710,188 736,187 762,186 788,182 815,178"/>
                <TextEquiv>
                    <Unicode></Unicode>
                </TextEquiv>
            </TextLine>
            <TextEquiv>
                <Unicode></Unicode>
            </TextEquiv>
        </TextRegion>
        <TextRegion orientation="0.0" id="tr_2" custom="readingOrder {index:1;}">
            <Coords points="889,151 889,3399 2125,3399 2125,151"/>
            <TextLine id="tr_2_tl_1" custom="readingOrder {index:0;}">
                <Coords points="1247,178 1367,185 1391,206 1450,178 1536,205 1612,187 1610,99 1564,125 1495,109 1422,139 1246,112"/>
                <Baseline points="1256,173 1281,173 1307,173 1332,175 1358,177 1383,178 1409,179 1435,179 1460,181 1486,182 1511,180 1537,178 1562,177 1588,177 1614,179"/>
                <TextEquiv>
                    <Unicode>box 8/6</Unicode>
                </TextEquiv>
            </TextLine>
            <TextLine id="tr_2_tl_2" custom="readingOrder {index:1;}">
                <Coords points="959,179 975,178 978,181 987,175 992,179 1044,178 1046,127 1032,130 1002,121 990,122 974,112 960,115"/>
                <Baseline points="967,182 994,173 1021,174 1048,181"/>
                <TextEquiv>
                    <Unicode>lu</Unicode>
                </TextEquiv>
            </TextLine>
            <TextLine id="tr_2_tl_3" custom="readingOrder {index:2;}">
                <Coords points="959,199 974,199 998,214 1007,209 1017,220 1044,218 1044,175 1004,179 989,172 986,175 959,172"/>
                <Baseline points="967,182 994,189 1021,187 1048,181"/>
                <TextEquiv>
                    <Unicode></Unicode>
                </TextEquiv>
            </TextLine>
            <TextLine id="tr_2_tl_4" custom="readingOrder {index:3;}">
                <Coords points="1624,911 1990,913 1991,825 1958,850 1919,839 1875,857 1837,842 1728,851 1686,874 1624,869"/>
                <Baseline points="1632,904 1657,904 1683,904 1709,904 1735,903 1761,902 1787,901 1813,901 1838,901 1864,901 1890,901 1916,900 1942,898 1968,899 1994,901"/>
                <TextEquiv>
                    <Unicode>, ,</Unicode>
                </TextEquiv>
            </TextLine>
            <TextLine id="tr_2_tl_5" custom="readingOrder {index:4;}">
                <Coords points="1433,955 1982,971 1984,913 1488,899 1433,926"/>
                <Baseline points="1441,946 1468,943 1495,943 1523,943 1550,943 1577,943 1605,943 1632,943 1659,943 1687,942 1714,940 1741,941 1769,943 1796,941 1823,940 1851,940 1878,940 1905,940 1933,940 1960,939 1988,937"/>
                <TextEquiv>
                    <Unicode>ancisco, Stockholm, St. Peters¬</Unicode>
                </TextEquiv>
            </TextLine>
            <TextLine id="tr_2_tl_6" custom="readingOrder {index:5;}">
                <Coords points="1326,996 1383,989 1413,1004 1444,990 1470,1004 1488,989 1527,999 1554,990 1597,995 1597,957 1482,957 1326,940"/>
                <Baseline points="1334,979 1360,981 1387,983 1413,984 1440,984 1467,982 1493,982 1520,982 1546,982 1573,981 1600,979"/>
                <TextEquiv>
                    <Unicode>purg, Toronto.</Unicode>
                </TextEquiv>
            </TextLine>
            <TextLine id="tr_2_tl_7" custom="readingOrder {index:6;}">
                <Coords points="1286,1023 1337,1037 1425,1023 1456,1040 1539,1026 1558,1043 1601,1047 1646,1035 1646,993 1619,998 1601,984 1582,996 1443,992 1412,1005 1286,995"/>
                <Baseline points="1295,1020 1320,1018 1345,1017 1371,1017 1396,1017 1421,1017 1447,1018 1472,1020 1497,1020 1523,1020 1548,1018 1573,1017 1599,1017 1624,1016 1650,1014"/>
                <TextEquiv>
                    <Unicode>alienangabe ohne Gewähr.</Unicode>
                </TextEquiv>
            </TextLine>
            <TextLine id="tr_2_tl_8" custom="readingOrder {index:7;}">
                <Coords points="929,1104 1577,1129 2121,1070 2124,989 1981,978 1672,1061 1401,1023 1285,1067 1086,1026 931,1055"/>
                <Baseline points="937,1092 996,1095 1055,1092 1115,1092 1174,1090 1234,1092 1293,1093 1352,1095 1412,1098 1471,1099 1531,1101 1590,1098 1649,1100 1709,1096 1768,1089 1828,1081 1887,1075 1946,1068 2006,1061 2065,1055 2125,1050"/>
                <TextEquiv>
                    <Unicode>Aussen aus Bühnen Roland</Unicode>
                </TextEquiv>
            </TextLine>
            <TextLine id="tr_2_tl_9" custom="readingOrder {index:8;}">
                <Coords points="938,1217 1551,1208 1624,1238 1879,1207 1879,1141 1790,1120 1421,1150 1108,1122 1019,1179 938,1168"/>
                <Baseline points="946,1211 992,1211 1039,1210 1086,1202 1133,1200 1180,1200 1227,1201 1273,1204 1320,1207 1367,1208 1414,1208 1461,1208 1508,1210 1555,1211 1601,1211 1648,1209 1695,1206 1742,1201 1789,1200 1836,1197 1883,1194"/>
                <TextEquiv>
                    <Unicode>vom SEPTIER 1911 eben</Unicode>
                </TextEquiv>
            </TextLine>
            <TextLine id="tr_2_tl_10" custom="readingOrder {index:9;}">
                <Coords points="919,1340 1050,1285 1748,1288 1746,1252 1549,1259 1406,1216 917,1225"/>
                <Baseline points="925,1259 966,1262 1007,1262 1049,1264 1090,1265 1131,1265 1173,1265 1214,1265 1255,1265 1297,1265 1338,1266 1379,1268 1421,1268 1462,1271 1503,1271 1545,1271 1586,1276 1627,1279 1669,1280 1710,1282 1752,1283"/>
                <TextEquiv>
                    <Unicode></Unicode>
                </TextEquiv>
            </TextLine>
            <TextLine id="tr_2_tl_11" custom="readingOrder {index:10;}">
                <Coords points="1312,1326 2043,1347 2055,1285 1827,1255 1692,1300 1310,1280"/>
                <Baseline points="1319,1313 1356,1315 1393,1318 1430,1319 1467,1319 1504,1319 1541,1322 1578,1322 1615,1324 1652,1325 1689,1325 1726,1325 1763,1328 1800,1328 1837,1328 1874,1329 1911,1331 1948,1331 1985,1331 2022,1333 2059,1334"/>
                <TextEquiv>
                    <Unicode>Gustav M. Hartung (Bern,</Unicode>
                </TextEquiv>
            </TextLine>
            <TextLine id="tr_2_tl_12" custom="readingOrder {index:11;}">
                <Coords points="977,1358 2097,1388 2069,1334 977,1312"/>
                <Baseline points="985,1349 1040,1355 1096,1356 1152,1358 1208,1361 1264,1362 1319,1364 1375,1366 1431,1367 1487,1368 1543,1370 1598,1372 1654,1373 1710,1373 1766,1374 1822,1376 1877,1379 1933,1377 1989,1379 2045,1379 2101,1373"/>
                <TextEquiv>
                    <Unicode>Stuttgart. Die erste Premiere im Hof¬</Unicode>
                </TextEquiv>
            </TextLine>
            <TextLine id="tr_2_tl_13" custom="readingOrder {index:12;}">
                <Coords points="893,1409 2093,1449 2091,1404 1958,1382 893,1382"/>
                <Baseline points="901,1397 960,1401 1020,1405 1080,1406 1139,1408 1199,1410 1259,1411 1318,1412 1378,1414 1438,1414 1498,1417 1557,1419 1617,1417 1677,1418 1736,1422 1796,1423 1856,1423 1915,1425 1975,1426 2035,1427 2095,1429"/>
                <TextEquiv>
                    <Unicode>theater bildete am 4. September Schnitzlers köstlicher</Unicode>
                </TextEquiv>
            </TextLine>
            <TextLine id="tr_2_tl_14" custom="readingOrder {index:13;}">
                <Coords points="911,1456 2091,1483 1991,1431 911,1410"/>
                <Baseline points="919,1450 977,1451 1036,1453 1095,1456 1154,1457 1213,1459 1271,1462 1330,1462 1389,1464 1448,1465 1507,1465 1565,1468 1624,1470 1683,1471 1742,1471 1801,1471 1859,1471 1918,1472 1977,1476 2036,1477 2095,1477"/>
                <TextEquiv>
                    <Unicode>Einakterzyklus „Anatol". Ein Leckerbissen für Fein¬</Unicode>
                </TextEquiv>
            </TextLine>
            <TextLine id="tr_2_tl_15" custom="readingOrder {index:14;}">
                <Coords points="920,1518 2093,1555 2091,1480 919,1464"/>
                <Baseline points="928,1501 986,1501 1044,1503 1103,1504 1161,1507 1219,1508 1278,1510 1336,1513 1394,1513 1453,1513 1511,1516 1569,1516 1628,1518 1686,1519 1744,1520 1803,1522 1861,1522 1919,1519 1978,1523 2036,1525 2095,1528"/>
                <TextEquiv>
                    <Unicode>schmecken! Nicht alle gleichwertig, aber sämtliche treffliche</Unicode>
                </TextEquiv>
            </TextLine>
            <TextLine id="tr_2_tl_16" custom="readingOrder {index:15;}">
                <Coords points="914,1554 2087,1597 2061,1539 914,1522"/>
                <Baseline points="922,1546 980,1550 1038,1552 1097,1552 1155,1554 1213,1555 1272,1558 1330,1558 1388,1561 1447,1563 1505,1564 1563,1567 1622,1567 1680,1567 1738,1568 1797,1570 1855,1573 1913,1570 1972,1573 2030,1575 2089,1576"/>
                <TextEquiv>
                    <Unicode>Genre=Bilder aus dem Leben eines rechten Wieners.</Unicode>
                </TextEquiv>
            </TextLine>
            <TextLine id="tr_2_tl_17" custom="readingOrder {index:16;}">
                <Coords points="914,1606 1887,1643 2088,1636 2088,1597 913,1551"/>
                <Baseline points="922,1597 980,1598 1039,1600 1097,1603 1156,1604 1214,1606 1273,1606 1331,1606 1390,1609 1448,1611 1507,1611 1565,1614 1624,1614 1682,1617 1741,1617 1799,1617 1858,1617 1916,1617 1975,1619 2033,1622 2092,1623"/>
                <TextEquiv>
                    <Unicode>Die Szene „Weihnachtseinkäufe" ist ein Meisterwerk von</Unicode>
                </TextEquiv>
            </TextLine>
            <TextLine id="tr_2_tl_18" custom="readingOrder {index:17;}">
                <Coords points="911,1654 2091,1680 2090,1636 1988,1627 911,1616"/>
                <Baseline points="919,1647 977,1645 1036,1649 1095,1650 1154,1650 1213,1652 1271,1653 1330,1656 1389,1658 1448,1659 1507,1662 1565,1662 1624,1662 1683,1665 1742,1668 1801,1668 1859,1665 1918,1668 1977,1670 2036,1671 2095,1674"/>
                <TextEquiv>
                    <Unicode>unvergleichlicher psychologischer Feinheit. Herr Aslan</Unicode>
                </TextEquiv>
            </TextLine>
            <TextLine id="tr_2_tl_19" custom="readingOrder {index:18;}">
                <Coords points="914,1710 2084,1740 2072,1680 913,1649"/>
                <Baseline points="922,1695 980,1698 1038,1698 1096,1698 1154,1701 1213,1701 1271,1701 1329,1704 1387,1707 1445,1709 1504,1710 1562,1713 1620,1713 1678,1713 1736,1715 1795,1714 1853,1716 1911,1719 1969,1716 2027,1720 2086,1725"/>
                <TextEquiv>
                    <Unicode>traf in der Verkörperung des Anatol ins Schwarze. Das</Unicode>
                </TextEquiv>
            </TextLine>
            <TextLine id="tr_2_tl_20" custom="readingOrder {index:19;}">
                <Coords points="905,1758 2075,1782 2073,1734 2009,1725 904,1706"/>
                <Baseline points="913,1746 971,1746 1029,1748 1087,1746 1145,1749 1204,1750 1262,1754 1320,1755 1378,1756 1436,1758 1495,1758 1553,1759 1611,1763 1669,1764 1727,1765 1786,1767 1844,1767 1902,1767 1960,1768 2018,1768 2077,1767"/>
                <TextEquiv>
                    <Unicode>war der ewig Verliebte, der Blasierte, der naive Lebe¬</Unicode>
                </TextEquiv>
            </TextLine>
            <TextLine id="tr_2_tl_21" custom="readingOrder {index:20;}">
                <Coords points="905,1800 2079,1840 2055,1778 905,1760"/>
                <Baseline points="913,1794 971,1797 1030,1797 1088,1797 1147,1800 1205,1802 1264,1803 1322,1803 1381,1806 1439,1806 1498,1806 1556,1808 1615,1811 1673,1811 1732,1812 1790,1814 1849,1814 1907,1815 1966,1815 2024,1816 2083,1820"/>
                <TextEquiv>
                    <Unicode>mann. Den Max hätte Herr Blank etwas überlegener</Unicode>
                </TextEquiv>
            </TextLine>
            <TextLine id="tr_2_tl_22" custom="readingOrder {index:21;}">
                <Coords points="908,1861 2003,1891 2076,1876 2076,1836 907,1807"/>
                <Baseline points="916,1847 974,1844 1032,1844 1090,1847 1148,1848 1207,1850 1265,1850 1323,1850 1381,1853 1439,1853 1498,1853 1556,1857 1614,1859 1672,1859 1730,1862 1789,1862 1847,1862 1905,1862 1963,1864 2021,1868 2080,1871"/>
                <TextEquiv>
                    <Unicode>geben dürfen. Max sieht die Welt, und vor allem die</Unicode>
                </TextEquiv>
            </TextLine>
            <TextLine id="tr_2_tl_23" custom="readingOrder {index:22;}">
                <Coords points="905,1899 2070,1930 2069,1887 1981,1873 905,1864"/>
                <Baseline points="913,1892 971,1892 1029,1892 1087,1895 1145,1894 1203,1892 1261,1897 1319,1901 1377,1901 1435,1903 1493,1904 1551,1907 1609,1907 1667,1907 1725,1910 1783,1910 1841,1910 1899,1913 1957,1914 2015,1916 2074,1913"/>
                <TextEquiv>
                    <Unicode>Frauen nüchterner an, als sein Freund. Die Frauen</Unicode>
                </TextEquiv>
            </TextLine>
            <TextLine id="tr_2_tl_24" custom="readingOrder {index:23;}">
                <Coords points="905,1952 1984,1990 2064,1976 2064,1937 904,1896"/>
                <Baseline points="913,1940 970,1941 1028,1943 1086,1943 1144,1946 1201,1945 1259,1947 1317,1949 1375,1949 1432,1951 1490,1952 1548,1955 1606,1956 1663,1958 1721,1961 1779,1958 1837,1960 1894,1961 1952,1961 2010,1964 2068,1964"/>
                <TextEquiv>
                    <Unicode>typen fanden in den Damen Künniger, Feldhofen</Unicode>
                </TextEquiv>
            </TextLine>
            <TextLine id="tr_2_tl_25" custom="readingOrder {index:24;}">
                <Coords points="910,2000 2066,2024 2036,1970 908,1951"/>
                <Baseline points="916,1991 973,1989 1031,1991 1088,1991 1146,1991 1204,1995 1261,1997 1319,1997 1376,2000 1434,2000 1492,2003 1549,2003 1607,2003 1664,2005 1722,2006 1780,2009 1837,2009 1895,2009 1952,2011 2010,2014 2068,2014"/>
                <TextEquiv>
                    <Unicode>Lorma, Pfeiffer, Remolt wirkungsvolle Vertretung. Frl.</Unicode>
                </TextEquiv>
            </TextLine>
            <TextLine id="tr_2_tl_26" custom="readingOrder {index:25;}">
                <Coords points="911,2049 1970,2096 2076,2073 2075,2021 910,1999"/>
                <Baseline points="919,2041 976,2038 1034,2038 1092,2038 1150,2041 1208,2044 1266,2044 1324,2047 1382,2050 1440,2050 1498,2050 1555,2053 1613,2053 1671,2053 1729,2053 1787,2055 1845,2059 1903,2059 1961,2061 2019,2065 2077,2062"/>
                <TextEquiv>
                    <Unicode>Feldhofen brachte die feinen Pointen ihrer Rolle zur</Unicode>
                </TextEquiv>
            </TextLine>
            <TextLine id="tr_2_tl_27" custom="readingOrder {index:26;}">
                <Coords points="905,2097 2078,2127 2076,2072 905,2052"/>
                <Baseline points="913,2089 971,2087 1029,2089 1088,2086 1146,2090 1204,2094 1263,2097 1321,2095 1379,2095 1438,2099 1496,2101 1554,2101 1613,2103 1671,2101 1729,2104 1788,2104 1846,2107 1904,2110 1963,2108 2021,2112 2080,2116"/>
                <TextEquiv>
                    <Unicode>schönen Geltung. Das Publikum amüsterte sich und</Unicode>
                </TextEquiv>
            </TextLine>
            <TextLine id="tr_2_tl_28" custom="readingOrder {index:27;}">
                <Coords points="905,2152 2066,2173 2064,2126 2006,2114 904,2102"/>
                <Baseline points="913,2137 970,2139 1028,2137 1086,2137 1144,2140 1201,2141 1259,2143 1317,2146 1375,2143 1432,2145 1490,2149 1548,2150 1606,2152 1663,2152 1721,2155 1779,2153 1837,2155 1894,2155 1952,2157 2010,2158 2068,2158"/>
                <TextEquiv>
                    <Unicode>dankte durch lebhaften Beifall. — Gelegentlich der Erst</Unicode>
                </TextEquiv>
            </TextLine>
            <TextLine id="tr_2_tl_29" custom="readingOrder {index:28;}">
                <Coords points="908,2193 1890,2232 2061,2220 2061,2175 907,2151"/>
                <Baseline points="916,2185 973,2183 1030,2185 1088,2188 1145,2188 1203,2191 1260,2193 1318,2194 1375,2196 1433,2196 1490,2199 1547,2200 1605,2200 1662,2200 1720,2203 1777,2206 1835,2206 1892,2206 1950,2206 2007,2207 2065,2212"/>
                <TextEquiv>
                    <Unicode>aufführung am 9. September von „König Dagobert</Unicode>
                </TextEquiv>
            </TextLine>
            <TextLine id="tr_2_tl_30" custom="readingOrder {index:29;}">
                <Coords points="911,2239 2070,2279 2069,2217 910,2193"/>
                <Baseline points="919,2229 976,2232 1034,2232 1092,2235 1150,2235 1207,2238 1265,2240 1323,2241 1381,2242 1438,2244 1496,2247 1554,2248 1612,2250 1669,2250 1727,2250 1785,2251 1843,2253 1900,2256 1958,2256 2016,2258 2074,2259"/>
                <TextEquiv>
                    <Unicode>Lustspiel in 4 Aufzügen von Andre Rivoire, deutsch von</Unicode>
                </TextEquiv>
            </TextLine>
            <TextLine id="tr_2_tl_31" custom="readingOrder {index:30;}">
                <Coords points="905,2293 2072,2323 2070,2279 1990,2262 904,2236"/>
                <Baseline points="913,2283 971,2281 1029,2285 1087,2286 1145,2286 1203,2287 1261,2289 1319,2289 1377,2292 1435,2294 1493,2295 1551,2296 1609,2298 1667,2298 1725,2301 1783,2301 1841,2301 1899,2304 1957,2305 2015,2307 2074,2310"/>
                <TextEquiv>
                    <Unicode>Felix Salten wurde gelacht. Man kann sehr verschieben</Unicode>
                </TextEquiv>
            </TextLine>
            <TextLine id="tr_2_tl_32" custom="readingOrder {index:31;}">
                <Coords points="899,2332 1936,2374 2073,2365 2073,2323 898,2300"/>
                <Baseline points="907,2328 965,2331 1024,2333 1082,2334 1141,2334 1199,2336 1258,2337 1316,2340 1375,2341 1433,2343 1492,2343 1550,2346 1609,2346 1667,2346 1726,2349 1784,2349 1843,2349 1901,2353 1960,2353 2018,2354 2077,2358"/>
                <TextEquiv>
                    <Unicode>lachen. Ob die infolge der herrlichen Witterung recht</Unicode>
                </TextEquiv>
            </TextLine>
            <TextLine id="tr_2_tl_33" custom="readingOrder {index:32;}">
                <Coords points="902,2393 2075,2424 2058,2362 901,2333"/>
                <Baseline points="910,2382 968,2379 1026,2381 1085,2382 1143,2383 1201,2385 1260,2387 1318,2385 1376,2389 1435,2391 1493,2394 1551,2393 1610,2397 1668,2397 1726,2398 1785,2402 1843,2400 1901,2403 1960,2406 2018,2404 2077,2406"/>
                <TextEquiv>
                    <Unicode>spärlichen Theaterbesucher aus Vergnügen an dem Spiel</Unicode>
                </TextEquiv>
            </TextLine>
            <TextLine id="tr_2_tl_34" custom="readingOrder {index:33;}">
                <Coords points="896,2439 2070,2472 2058,2414 896,2390"/>
                <Baseline points="904,2429 962,2427 1021,2429 1079,2429 1138,2430 1196,2434 1255,2432 1313,2438 1372,2436 1430,2438 1489,2441 1547,2441 1606,2441 1664,2444 1723,2445 1781,2447 1840,2447 1898,2451 1957,2453 2015,2453 2074,2450"/>
                <TextEquiv>
                    <Unicode>lachten, oder ob es ein Verlegenheitslachen war, sind</Unicode>
                </TextEquiv>
            </TextLine>
            <TextLine id="tr_2_tl_35" custom="readingOrder {index:34;}">
                <Coords points="893,2492 2066,2527 2030,2468 892,2436"/>
                <Baseline points="901,2477 959,2477 1017,2479 1076,2477 1134,2480 1192,2480 1251,2482 1309,2483 1367,2484 1426,2486 1484,2489 1542,2490 1601,2492 1659,2495 1717,2496 1776,2498 1834,2498 1892,2501 1951,2502 2009,2502 2068,2501"/>
                <TextEquiv>
                    <Unicode>wir uns nicht recht klar. Dieser König Dagobert, de¬</Unicode>
                </TextEquiv>
            </TextLine>
            <TextLine id="tr_2_tl_36" custom="readingOrder {index:35;}">
                <Coords points="896,2538 2030,2569 2061,2527 895,2492"/>
                <Baseline points="904,2528 962,2526 1020,2528 1078,2528 1136,2528 1194,2529 1252,2533 1310,2534 1368,2535 1426,2537 1484,2540 1542,2540 1600,2542 1658,2543 1716,2546 1774,2544 1832,2548 1890,2549 1948,2552 2006,2550 2065,2546"/>
                <TextEquiv>
                    <Unicode>seiner angetrauten Frau nach der zweiten Nacht über</Unicode>
                </TextEquiv>
            </TextLine>
            <TextLine id="tr_2_tl_37" custom="readingOrder {index:36;}">
                <Coords points="893,2584 2066,2616 2064,2571 1954,2551 892,2539"/>
                <Baseline points="901,2576 959,2574 1017,2576 1076,2579 1134,2579 1192,2580 1251,2582 1309,2582 1367,2583 1426,2585 1484,2588 1542,2589 1601,2591 1659,2591 1717,2593 1776,2593 1834,2597 1892,2597 1951,2600 2009,2600 2068,2600"/>
                <TextEquiv>
                    <Unicode>drüssig zu sein und sie davonzujagen pflegt, an der</Unicode>
                </TextEquiv>
            </TextLine>
            <TextLine id="tr_2_tl_38" custom="readingOrder {index:37;}">
                <Coords points="896,2639 2034,2660 2061,2616 895,2586"/>
                <Baseline points="904,2623 962,2623 1020,2625 1078,2626 1136,2626 1194,2627 1252,2629 1310,2632 1368,2632 1426,2632 1484,2635 1542,2635 1600,2637 1658,2641 1716,2641 1774,2642 1832,2644 1890,2647 1948,2647 2006,2647 2065,2653"/>
                <TextEquiv>
                    <Unicode>Sklaven, die ihm anstelle der Gattin unterschoben wird</Unicode>
                </TextEquiv>
            </TextLine>
            <TextLine id="tr_2_tl_39" custom="readingOrder {index:38;}">
                <Coords points="896,2680 2061,2711 2031,2653 1825,2681 896,2639"/>
                <Baseline points="904,2674 962,2673 1020,2673 1078,2674 1136,2676 1194,2675 1252,2679 1310,2680 1368,2681 1426,2683 1484,2686 1542,2687 1600,2689 1658,2689 1716,2689 1774,2692 1832,2692 1890,2698 1948,2698 2006,2698 2065,2695"/>
                <TextEquiv>
                    <Unicode>aber sich nicht satt küssen und riechen kann, ist jeden¬</Unicode>
                </TextEquiv>
            </TextLine>
            <TextLine id="tr_2_tl_40" custom="readingOrder {index:39;}">
                <Coords points="893,2734 1996,2766 2058,2753 2058,2711 892,2686"/>
                <Baseline points="901,2722 959,2719 1017,2721 1075,2725 1133,2727 1191,2725 1249,2727 1307,2728 1365,2731 1423,2733 1481,2731 1539,2737 1597,2737 1655,2737 1713,2737 1771,2740 1829,2742 1887,2740 1945,2743 2003,2745 2062,2746"/>
                <TextEquiv>
                    <Unicode>falls ein sonderbarer König, der furchtbar lächerlich wir</Unicode>
                </TextEquiv>
            </TextLine>
            <TextLine id="tr_2_tl_41" custom="readingOrder {index:40;}">
                <Coords points="887,2780 2039,2819 2024,2756 886,2738"/>
                <Baseline points="895,2767 952,2770 1009,2770 1066,2772 1124,2773 1181,2776 1238,2778 1296,2779 1353,2780 1410,2782 1468,2782 1525,2785 1582,2785 1639,2787 1697,2788 1754,2789 1811,2791 1869,2791 1926,2791 1983,2792 2041,2797"/>
                <TextEquiv>
                    <Unicode>ken müßte, wenn er nicht, wie hier durch Herr G.</Unicode>
                </TextEquiv>
            </TextLine>
            <TextLine id="tr_2_tl_42" custom="readingOrder {index:41;}">
                <Coords points="893,2837 2039,2862 2037,2817 1942,2798 892,2781"/>
                <Baseline points="901,2815 958,2818 1015,2820 1072,2820 1129,2823 1186,2824 1243,2826 1300,2826 1357,2826 1414,2827 1471,2831 1528,2835 1585,2835 1642,2835 1699,2835 1756,2838 1813,2840 1870,2842 1927,2841 1984,2841 2041,2841"/>
                <TextEquiv>
                    <Unicode>Schnell, mit aller Feinheit gegeben wird Allerding</Unicode>
                </TextEquiv>
            </TextLine>
            <TextLine id="tr_2_tl_43" custom="readingOrder {index:42;}">
                <Coords points="887,2880 2031,2905 2030,2865 1667,2834 887,2832"/>
                <Baseline points="895,2868 952,2868 1009,2870 1066,2871 1123,2871 1180,2872 1237,2876 1294,2874 1351,2876 1408,2875 1465,2879 1522,2880 1579,2883 1636,2883 1693,2885 1750,2886 1807,2889 1864,2889 1921,2892 1978,2890 2035,2892"/>
                <TextEquiv>
                    <Unicode>die nasalen Töne, die Herr Schnell liebt, paßten re¬</Unicode>
                </TextEquiv>
            </TextLine>
            <TextLine id="tr_2_tl_44" custom="readingOrder {index:43;}">
                <Coords points="890,2928 2060,2961 2058,2910 1988,2899 889,2880"/>
                <Baseline points="898,2913 956,2916 1014,2918 1072,2922 1130,2922 1189,2922 1247,2924 1305,2922 1363,2925 1421,2927 1480,2931 1538,2931 1596,2933 1654,2934 1712,2934 1771,2935 1829,2939 1887,2940 1945,2940 2003,2942 2062,2943"/>
                <TextEquiv>
                    <Unicode>wenig zu dem angebeteten Fürsten. Die Königin (Frl.</Unicode>
                </TextEquiv>
            </TextLine>
            <TextLine id="tr_2_tl_45" custom="readingOrder {index:44;}">
                <Coords points="884,2977 2058,3002 2045,2956 884,2926"/>
                <Baseline points="892,2964 950,2965 1009,2967 1067,2970 1126,2969 1184,2969 1243,2970 1301,2970 1360,2974 1418,2976 1477,2976 1535,2980 1594,2982 1652,2982 1711,2982 1769,2982 1828,2985 1886,2988 1945,2990 2003,2993 2062,2988"/>
                <TextEquiv>
                    <Unicode>Hansen), ihre Stellvertreterin (Frl. von Schlettingen) ent¬</Unicode>
                </TextEquiv>
            </TextLine>
            <TextLine id="tr_2_tl_46" custom="readingOrder {index:45;}">
                <Coords points="890,3038 2040,3061 2058,3002 889,2979"/>
                <Baseline points="898,3017 956,3015 1014,3016 1072,3017 1130,3020 1189,3020 1247,3020 1305,3023 1363,3024 1421,3026 1480,3026 1538,3029 1596,3029 1654,3032 1712,3032 1771,3033 1829,3035 1887,3038 1945,3038 2003,3040 2062,3038"/>
                <TextEquiv>
                    <Unicode>falteten allen erdenkbaren Liebreiz, waren voll Innigkeit</Unicode>
                </TextEquiv>
            </TextLine>
            <TextLine id="tr_2_tl_47" custom="readingOrder {index:46;}">
                <Coords points="887,3073 1837,3107 2055,3101 2054,3056 886,3035"/>
                <Baseline points="895,3062 953,3062 1011,3064 1069,3065 1127,3066 1186,3068 1244,3070 1302,3071 1360,3074 1418,3074 1477,3077 1535,3077 1593,3079 1651,3080 1709,3080 1768,3080 1826,3082 1884,3086 1942,3088 2000,3088 2059,3089"/>
                <TextEquiv>
                    <Unicode>und Leidenschaft, Herr Menzinger verlieh seinem un¬</Unicode>
                </TextEquiv>
            </TextLine>
            <TextLine id="tr_2_tl_48" custom="readingOrder {index:47;}">
                <Coords points="883,3123 1924,3161 1922,3106 881,3076"/>
                <Baseline points="889,3113 943,3113 998,3113 1053,3113 1107,3116 1162,3116 1217,3119 1271,3119 1326,3121 1381,3125 1435,3123 1490,3127 1545,3127 1599,3128 1654,3128 1709,3128 1763,3130 1818,3131 1873,3134 1928,3134"/>
                <TextEquiv>
                    <Unicode>möglichen Minister eine oft hinreißende Komik.</Unicode>
                </TextEquiv>
            </TextLine>
            <TextLine id="tr_2_tl_49" custom="readingOrder {index:48;}">
                <Coords points="1982,3147 1997,3149 2003,3155 2020,3155 2027,3147 2040,3155 2046,3150 2058,3153 2060,3103 2036,3097 2030,3101 2023,3097 2012,3104 2006,3100 2000,3104 1984,3098"/>
                <Baseline points="1991,3140 2026,3139 2062,3137"/>
                <TextEquiv>
                    <Unicode>Im</Unicode>
                </TextEquiv>
            </TextLine>
            <TextLine id="tr_2_tl_50" custom="readingOrder {index:49;}">
                <Coords points="884,3174 2049,3210 2049,3153 883,3126"/>
                <Baseline points="892,3167 950,3164 1008,3164 1066,3164 1124,3167 1182,3167 1240,3167 1298,3167 1356,3171 1414,3173 1472,3173 1530,3176 1588,3176 1646,3179 1704,3179 1762,3182 1820,3182 1878,3185 1936,3185 1994,3187 2053,3185"/>
                <TextEquiv>
                    <Unicode>großen Ganzen machte die Aufführung einen etwas ge¬</Unicode>
                </TextEquiv>
            </TextLine>
            <TextLine id="tr_2_tl_51" custom="readingOrder {index:50;}">
                <Coords points="887,3219 2046,3243 2000,3192 887,3177"/>
                <Baseline points="895,3209 952,3212 1010,3210 1068,3212 1126,3215 1183,3216 1241,3218 1299,3218 1357,3220 1414,3222 1472,3223 1530,3223 1588,3224 1645,3226 1703,3226 1761,3227 1819,3231 1876,3232 1934,3235 1992,3236 2050,3238"/>
                <TextEquiv>
                    <Unicode>lichen Eindruck. Die Kostüme waren für einen Königs</Unicode>
                </TextEquiv>
            </TextLine>
            <TextLine id="tr_2_tl_52" custom="readingOrder {index:51;}">
                <Coords points="887,3274 2009,3313 2023,3267 886,3219"/>
                <Baseline points="895,3262 951,3259 1008,3261 1064,3262 1121,3265 1177,3266 1234,3266 1290,3267 1347,3268 1403,3271 1460,3273 1517,3277 1573,3277 1630,3278 1686,3280 1743,3280 1799,3281 1856,3284 1912,3286 1969,3286 2026,3286"/>
                <TextEquiv>
                    <Unicode>hof doch zu armselig. Wir sind vom Schauspie¬</Unicode>
                </TextEquiv>
            </TextLine>
            <TextLine id="tr_2_tl_53" custom="readingOrder {index:52;}">
                <Coords points="881,3336 960,3319 1043,3343 1092,3318 1177,3347 1403,3325 1403,3274 1368,3270 1325,3286 1020,3273 953,3292 881,3267"/>
                <Baseline points="889,3316 914,3314 940,3313 966,3313 992,3313 1018,3313 1044,3314 1069,3316 1095,3316 1121,3316 1147,3316 1173,3317 1199,3319 1225,3319 1250,3319 1276,3317 1302,3316 1328,3316 1354,3317 1380,3319 1406,3319"/>
                <TextEquiv>
                    <Unicode>haus besseres gewöhnt.</Unicode>
                </TextEquiv>
            </TextLine>
            <TextLine id="tr_2_tl_54" custom="readingOrder {index:53;}">
                <Coords points="1291,3395 1346,3413 1412,3385 1521,3436 1887,3401 1979,3424 2031,3416 2030,3350 1289,3330"/>
                <Baseline points="1298,3370 1334,3370 1371,3372 1408,3374 1445,3376 1482,3376 1519,3376 1555,3376 1592,3376 1629,3376 1666,3377 1703,3382 1740,3382 1777,3382 1813,3384 1850,3385 1887,3385 1924,3385 1961,3387 1998,3386 2035,3388"/>
                <TextEquiv>
                    <Unicode>Mar herberg Berato¬</Unicode>
                </TextEquiv>
            </TextLine>
            <TextEquiv>
                <Unicode></Unicode>
            </TextEquiv>
        </TextRegion>
    </Page>
</PcGts>
