3248 4224
116 183 600 277 4.9. Anato
1232 178 1589 274 box 9/4
1295 778 1633 861 erfolgt mit der
1041 812 2042 917 nigung in den meisten Verkehrsbeziehungen erspe¬
1054 876 2130 979 Zustellung beim Empfänger schon am nächsten Tage
1036 943 1436 1013 nach der Abholung.
1077 1034 2095 1122 Zum ersten Male „Anatole von Artur Schnitzler.
1126 1083 2130 1160 Mit einer reizenden, sein empfundenen Aufführung seines
1041 1139 2126 1212 Erstlingswerkes gedenkt das Akademietheater des toten Dichters.
1047 1191 2134 1254 Stimmung ist das Hauptmoment dieser graziösen, locker ge¬
1044 1246 2124 1300 fügten Szenen, in denen die subtile Psychologie, der heiter wei¬
1041 1277 2127 1336 mütige Geist dieses liebenswürdigsten aller Naturalisten lebt,
1041 1323 2121 1382 Unverrückbar wurzeln sie in ihrer Zeit, und in richtiger An¬
1051 1365 2117 1429 passung beließ man ihnen die Kleidung, das Kolorit, die welche
1047 1411 2126 1471 heitere Wiener Luft der Neunzigerjahre, von man noch spieleri¬
1041 1455 2124 1527 sche Sensationen empfinden konnte, wo men noch Zeit fand,
1041 1506 1334 1573 geistreich zu sein,
1126 1546 2124 1613 Ein riesigen Strauß gelber Rosen vor dem Vorhang,
1055 1604 2126 1657 Geige und Klavier schlingen Schubertweisen wie ein Band um
1047 1635 2124 1703 diese fünf Bilder, die Raoul Alan mit der verträumten Pision
1051 1695 2130 1750 der „Einleitung eröffnet. Anatol, der analysierende Genießer
935 1719 1018 1780 nen
1051 1731 2122 1791 mit den vielen Geliebten und der Unfähigkeit zur rechten Liebe
936 1772 2127 1816 wagt nicht die „Frage an das Schicksal zu stellen, die momen¬
1047 1809 2124 1878 tan geliebte Cora in der Hypnose zu fragen, ob sie ihm auch
1047 1866 2121 1925 treu sei. Er schreckt vor der Wahrheit zurück, und auch vor der
1062 1900 2130 1972 Peinlichkeit, seiner Annie den im voraus vereinbarten Laufpaß
943 1909 1020 1967 dem
1054 1944 2129 2010 zu geben, sobald er sie satt hat. Er belügt sich und die An¬
940 1956 1024 2015 te
1054 1984 2121 2059 deren in phantastischer Sentimentalikt mit seinen „Episoden
1054 2031 2129 2090 und nach der verliebten Tändelei in der letzten Nacht seiner
917 2039 1018 2111 aver
1062 2078 2130 2147 Junggesellenfreiheit bleibt ihm als trüber Bodensatz der Krach
923 2099 1026 2166 hlen¬
1054 2129 2132 2183 mit einer wiederaufgeklaubten Geliebten an seinem Hochzeits¬
943 2147 1023 2205 per¬
1055 2165 2127 2240 morgen, und das drohende Ende seines sorglosen Schmetter¬
938 2194 1024 2256 Be¬
1055 2214 1279 2287 lings daseins.
1137 2227 2132 2321 Herr Aslan beherrscht die reiche Klaviatur dieses, philoso¬
931 2274 1024 2349 ge
1062 2274 2137 2372 phischen Erotikers und bringt die einzelnen, dem Leben ab¬
935 2334 1024 2396 dar¬
1062 2347 2130 2411 gelauschten Züge, zu vollendeten Geltung, Köstlich, Emmerich
933 2387 1036 2444 me
1060 2393 2130 2458 Reimers als sein Widerpart, der nüchtern, unkomplizierte Max,
1059 2435 2135 2496 der die Ueberspanntheiten des Freundes mit Humor richtigstellt.
1065 2493 2142 2546 Frau Seidler als Annie von zündender Laune und hinreißen¬
935 2489 2243 2579 voll dem Uebermut verschaffte dem Abschiedssouper einen durck, bere
1068 2572 2137 2631 schlagenden Erfolg. Sehr temperamentvoll die Ilona der Frau
1072 2610 2243 2670 Johannsen, die nicht mit sich spaßen läßt. Die entzückende, nicht
938 2617 1029 2682 ung.
1059 2654 2142 2719 leicht zu spielende Szene „Weihnachtseinkauf war, vielleicht
946 2669 1031 2729 Ta¬
1065 2692 2134 2758 durch die immer in beschränkten Raumverhältnisse, ein wenig
944 2716 1033 2794 dig
1065 2749 2135 2811 leblos und winterlich frostig. Die Damen Dreger, Mayen und
1062 2791 1527 2864 Marburg gaben der Bestes.
951 2806 1034 2868 ung
2168 2806 2248 2881 rant
1147 2819 2135 2897 Der vom Publikum nach den Aktschüssen sichtlich gewünschte
953 2861 1037 2918 holt
1072 2882 2077 2969 Kontakt one Vorhang, äußerte sich in überreichem Beifall,
953 2905 1037 2971 den
1804 3179 1936 3315 2
928 883 1003 966 den
