3436 4320
1381 226 1728 339 box 8/7
257 230 1212 337 4.9. Anatol - Zyklus
2512 697 3066 819 19.
2016 796 3076 883 It is significant of the trend of the time that two
2086 850 3057 911 the plays non running have been published. The
2006 874 3070 963 series of Viennes playets by Arthur Schnitzler, which
595 949 792 1023 use on
2012 949 3051 1018 Mr. Barker las paraphrased, which he is now playing
2309 998 3051 1072 at the Palace Theatre just think of
2315 1051 3055 1107 it, appear from the press of Sidwick
2311 1107 3055 1165 and Jackson under the generic name
2309 1150 3057 1216 Anatoland excellent reading
2311 1204 3051 1261 they make in their conical, came style,
2309 1249 3062 1315 for they have a philosophy far beyond
2309 1296 3057 1368 the outlook of the ordinary musi¬
2311 1344 3055 1424 all habitur. They are difficult to act,
2311 1395 3055 1459 and truth compels ont to say that
2315 1448 3055 1510 Mr. Barker is not seen at his
2309 1498 3051 1580 best as a Viennes Rome. Then
2309 1543 3057 1619 Mr. Treich has had the good
2311 1601 3051 1685 sense to issue at a shilling
2311 1648 3060 1718 Mr. MEvoy's rambling comedy,
2335 1699 3055 1767 All that Matters There is a
2315 1743 3057 1815 peculiar appropriateness in such a
2311 1809 3051 1858 publication in this majority year, for
2337 1850 3051 1909 All that Matters is not unlike
2335 1893 3053 1965 A Doll's House." Both of them
2304 1944 3053 2004 stand for the rights of a woman as an
2309 2008 3049 2068 individual in the case of Nora Helmer
1739 2045 1953 2111 THE EMPIRE
2302 2055 3051 2109 in spite of her husband ; in the case of
2302 2099 3006 2171 Olive Kimber in spite of her parents.
2352 2152 3049 2212 Those who believe in national
2309 2210 3060 2259 theatres, and other missionary ideals,
2302 2249 3045 2315 are still the butt of the box-office and
2304 2298 3045 2368 all that sound sense which the man of
2302 2360 3055 2422 business is supposed to stand for. But
2309 2403 3043 2465 the man of business has hardly
2302 2450 3051 2504 reckoned on the fact that the plays he
2302 2504 3045 2568 despises are slipping into print, and are,
2298 2551 3047 2615 in consequence, making his possible
2304 2603 3045 2671 public increasingly dissatisfied with
2302 2652 2716 2718 what he has to offer.
2350 2687 3047 2759 This fact, as much as the competition
2298 2755 3043 2806 of the music-halls, is militating against
2304 2802 3045 2854 the success of the theatre. One need
2296 2856 3045 2905 not blame the managers, because the
2294 2897 3045 2973 audience for advanced drama is not big
2304 2955 3043 3022 enough to support a theatre on orthodox
2304 3012 3045 3072 West End lines Mr. Charles Frohman's
2302 3055 3045 3136 experiment at the Duke of Yorks
2304 3097 3045 3166 clearly showed this. On the other
2296 3146 3045 3220 hand, that little leavening is affecting
2304 3206 3045 3257 the old type of audience by making it
2300 3251 3051 3315 diss tisfied. The truth seems to be
2302 3308 3051 3380 that the theatre is in a transition stage,
749 3327 2090 3393 A VIENNESE VIGNETTE A FAREVELL SUPPER, PLAYE AT THE PALACE
2309 3354 3047 3413 which the average manager does not
607 3358 2228 3426 In this playlet, Anatol (Mr. Granville Barker, a young man about town, has invited his friend Max (Mr. Nigel Playfair
601 3411 2251 3469 on the left), to help him to get rid of Mimi (Miss Lilah McCarth), ct whom he has become tired. Before he can tell her
2296 3389 3045 3463 in the least understand. At the
872 3438 1961 3494 that, however, she tells him that she has found another object for her affections.
2304 3452 3045 3520 present moment Londoners have an
504 3479 1656 3578 with "Saints and For example, "The Madras Haus
1992 3490 3045 3566 excellent opportunity of seeing what a repertory theatre
1992 3557 3039 3615 can do in the visit of Miss Horniman's company at the
1998 3605 3045 3671 Coronet, where it played Mr. Galsworthy's fine
1992 3644 2741 3736 play. The Silver Box," on Monday.
