3484 4256
290 285 1254 369 4.9. Anatol - Zyklus
788 1676 1107 1744 Kammerspiele.
776 1732 1114 1806 Schnitzler: Anatol.
502 1749 1374 1845 Auch die haben kein Programm
506 1839 1372 1899 mehr. Unverständlich ist mir, warum sie plötzlich
516 1866 1374 1935 in der Hochaison wo man doch immerhin einmal
500 1920 1376 1968 etwas erwarten dürfte, von dem man sagen kann,
502 1942 1380 1998 es sei eine Leistung, mit diesem halbverstäubten Erst¬
504 1990 1377 2048 lingswerk des Dichters der Wiener Lebewelt auf¬
502 2030 1378 2074 warten. Das Stück ist doch wirklich in Berlin aus¬
504 2062 1374 2128 gespielt oder ist Schertzler wieder Konjunktur
504 2103 1382 2174 Wenn natürlich die Kasse dauernd den Spielplan
514 2142 1376 2222 bestimmt, denn mag für die Kunst und das neue
502 2174 1128 2240 Wollen in ihr wenig übrig bleiben.
536 2206 1380 2278 Für Schnitzlers beladene und kraftlose Weichheit
504 2248 1378 2332 hoben wir heute nicht viel mehr übrig. Nach dem
500 2292 1377 2356 Krieg ist uns die Weit fremd geworden. Jener
496 2349 1376 2403 Anatol, der die Tage an das Schicksal nicht stellt,
496 2384 1376 2434 weil die Antwort in aus seiner Illusionswelt her¬
506 2420 1377 2484 ausreißen könnte, der im Abschiedssouper die Maske
500 2454 1374 2514 der Heuchelei fallen läßt und sich als einen gemein¬
496 2500 1374 2574 widerlicher Kerl encupet, der in der Episode vom
504 2535 1371 2602 gischen Weltschmerz befallen wird, ein solcher
510 2574 1372 2640 halb pathologischer Mensch vermag uns heute nicht
496 2613 1371 2670 mehr zu führen. Wir sind keine Analytiker mehr.
478 2660 1398 2732 Außer den angedeuteten Szenen wurden nach
536 2700 1398 2780 „Weihnachtseinkäufe" und „Anats Hochzeits¬
536 2770 1396 2810 morgen aufgeführt, beide mit wenig Durchschlags¬
532 2800 1392 2852 kraft. Höchstens des Spiel der Lossen (Ga¬
532 2842 1389 2892 briele) fesselte einige Augenblicke während Stelle
532 2884 1386 2932 Arbenina (Ilona) ein an der Orska geschultes
532 2924 1395 2972 aber dafür um so unselbständigeres Spiel bot. Den
534 2952 1396 3015 Anatol spielte Anton Edthofer, gut, wo er
530 2991 1394 3052 poltern und lebhaft sein konnte, aber die kribbende
528 3036 1392 3093 Sensibilität der Schnitzlerschen Gestalt fehlte in
536 3072 1396 3124 Wenn nicht Hermann Thimig den Max als
526 3117 1392 3170 einen gesunden Naturburschen gespielt hätte, wäre
530 3146 1392 3202 der Abend ganz verloren gewesen. Aber so hatte
520 3196 1396 3249 man Muße, sich seiner natürlichen frischen Art (die
520 3238 1386 3282 nicht der wurde) hinzugeben. Das einzige Schu¬
520 3273 1383 3334 lersche an ihm war die Brille, die er ab und
524 3310 1392 3362 aufsetzte. Meinem Gefühl nach nicht besonders vor¬
514 3350 1390 3394 teilhaft, da hierdurch der Gegensatz zu Anatol ver¬
520 3390 1383 3447 wischt wird. Mehr aus Höflichkeit nenne ich noch
514 3430 1383 3478 die Damen Erika von Thellmann, Mar¬
520 3472 1392 3518 garethe Christians, Margarethe von
514 3508 1383 3562 Bukovics. Nur Fraulein Christians bot etwas
508 3549 1242 3597 mehr als man sonst von ihr gewohnt ist.
562 3574 1389 3638 Für die Regie zeichnete Iwan Schmith, der
512 3612 1383 3682 in der Wiedergabe der Stimmungen worauf es hier
506 3670 1366 3746 nur ankommt, nicht besonders glücklich war. Sp.
1414 266 1768 360 box 9/3
1848 1509 2836 1623 Kammerspiele des Deutschen Theaters,
1942 1596 2768 1677 Erstaufführung: „Anator von Schnitzler.
1800 1632 2954 1713 Jn der Schumannstraße gab es gestern abend eine liebens¬
1758 1713 2952 1764 würdige Auferstehung von fünf „Anatolzenen, jenen teil¬
1755 1746 2952 1798 melancholischen, teils graziös heiteren Dialogen zu zweien und
1758 1784 2954 1833 zu dreien über das beliebte Thems Liebe, das heißt, was man in
1761 1821 2952 1874 der Welt der Wiener Delabenz=Salons „Liebe nennt. Doch ob¬
1762 1857 2948 1922 schon die Luft parfümierter Salons und ihrer Geistgewichte den
1758 1899 2956 1947 Forderungen und Erwartungen unserer Tage keinen Wert be¬
1758 1938 2954 1988 deuter, so muß doch gesagt werden, daß Schnitzler in der Hand¬
1760 1976 2944 2043 habung flüchtiger Farben, zarter Streiche, in der Darstellung nach¬
1758 2013 2940 2074 denklich ironischen Schlanzustände Meister ist und mit durch¬
1754 2056 2938 2114 scheinen andeutenden Worten mehr sagt, als kampfiges Wallen
1755 2098 2942 2154 unserer Zeit mit viel Lärm nicht sagt. Und es muß ferner ohne
1740 2144 2922 2248 ebengedanken gesagt werden, daß es bei dieser Aufführung
1743 2220 2916 2282 heiteren Herzens und auf eine ungemein feine Art zu lachen gab.
1738 2259 2811 2331 Und das ist immerhin Kunst, und keine keine oder leichte.
1803 2307 2922 2366 Dafür sorgte in erster Linie die Regie Iwan Schmiths,
1734 2332 2912 2409 die den luftigsten Reigen von entzückenden Wiener Mädels vor
1731 2380 2918 2442 unsern Augen durch Anatole Leben gleiten ließ, von der nicht¬
1732 2416 2907 2475 ausgesprochenen „Frage an das Schicksal, über das Straßenbild
1732 2452 2918 2526 der „Weihnachtseinkauf hin, über „Abschiedsouner" und „Epi¬
1728 2488 2913 2564 sode (es sind ja alles nur Episoden!) bis zum „Hochzeitsmargen
1734 2535 2914 2598 — Von den beiden Freunden bot nicht Anatol, sondern Max das
1714 2562 2914 2644 beglückendste Geschenk des Abends. Und Max war Hermann
1722 2602 2918 2673 Thimig. Man muß sehen, wie dieser Spieler nicht spielt, wenn
1714 2650 2912 2710 er zu der Emphase Anatols seine Stirn in skeptische Falten legt,
1720 2682 2908 2760 sein Mund von sarkastischen Lichtern umzückt wird. Man muß
1718 2722 2916 2798 hören, wenn er trocken und ironischen Geistes, liebevoll und gütig,
1714 2757 2912 2836 klug und sicher, die Ideologie seines weltfremden Freundes zer¬
1722 2798 2908 2877 sprengt. Unendlich viel Komik, Heiterkeit und Gold=Humor quillt
1714 2850 2907 2901 aus diesem gesunden, reinen Herzensmenschen. — Anton Ent¬
1719 2876 2906 2944 hofer als Anatol schien um einige Atemzüge zu schwer, um
1720 2924 2908 2988 einige Töne zu fremd in seiner Rolle; sein Plauderton ist nicht
1716 2952 2901 3032 selbstvergessen genug, sein Traumton nicht träumerisch genug,
1713 2998 2901 3072 weder seine Hyversensibilität, noch sein Dichtertum, noch sein
1714 3034 2912 3106 tänzelndes, nippendes Genießertum ward recht glaubhaft, wogegen
1710 3068 2902 3148 ihm sein Skeptizismus allzu norddeutsch melancholisch geriet.
1712 3108 2904 3180 Prächtig aber war der Kranz der Frauen der Mädchengestalten.
1712 3147 2900 3218 Gab auch Lina Lossen keine „böse Mondaine Gabriele, son¬
1701 3183 2906 3258 dern eine nach tiefer Liebeshingabe sich sehnende Frau, so bot
1712 3222 2900 3303 Erika von Thellmann als Lora das herzliebste „füße
1704 3267 2898 3345 Mädel“, Margarethe Christians eine prachtvoll natür¬
1710 3304 2895 3381 liche und burschikose Ballettratte Annie, Margarethe von
1706 3342 2894 3414 Bukowics eine etwas lyrisch weich geratene Zinsdame und
1704 3382 2892 3459 Stella Arbenine eine elegante und temperamentvolle Ilona.
1702 3418 2888 3501 — John Heartfield hatte für sein abgetönte und geschmack¬
1700 3454 2895 3534 volle Dekorationen gesorgt. Man dankte, wenn auch nicht stür¬
1696 3494 2892 3591 misch, doch man dankte; es war ein amüsanter, auch leise nach¬
1690 3530 2022 3614 deutsamer Abend.
2566 3560 2866 3639 Albert Peters.
