3436 4256
239 156 645 260 4.9. Ana
680 158 774 237 1
810 161 978 236 Z
1364 156 1714 240 box 8/7
2067 97 2967 152 is a clever amateur hypnotist and, suggests
2072 134 2958 189 Max, could easily find out what he wants to
2071 176 2958 225 know by putting her to sleep and asking
2077 214 2958 265 straight questions. But when she is asleep
2080 253 2963 292 Anatol cannot ask the question of questions.
2073 289 2963 340 For one thing, he is a gentleman. For another,
2077 328 2963 378 he dare not risk the loss of his illusions. Cupid,
2076 375 2953 414 with the bandage off his eyes, would be
2071 409 2963 457 an ugly little monster. Hilda, reawakened,
2068 448 2960 494 is obviously afraid that she may have been made
2073 488 2960 533 to say too much obviously to all but Anatol,
2080 521 2961 563 who has saved his ideals. Max remarks cheer¬
2068 561 2968 620 fully that momen toll lies just as well when
2073 594 2345 654 they're asleep.
2118 635 2963 683 Anatol, as methodical as his great prototype,
2073 674 2963 721 who kept an accurate list of the thousand and
2073 711 2967 757 three, has all his old lovo-letters tied up in
2070 755 2960 809 assorted bundles, and goes through them all
2076 797 2967 851 with Max. The impudent little liar, the one
2068 834 2960 873 who married a milkman, the one who always
2068 870 2960 914 carried her curling tongs, and the rest. Phantom
2073 911 2951 961 now, all of them save Bianca. Bianca really
2068 947 2963 995 did love him and, he is sure, will never forget
2073 988 2955 1036 him. The lady-killer cannot help being sorry
2067 1026 2960 1082 for that poor little victim, Bianca. At that
2068 1068 2960 1109 moment Bianca arrives on a visit to Max.
2073 1107 2958 1147 She has clean forgotten Anatol. Thus does
2071 1147 2958 1202 your idealist inhabit a world of illusion, and
2064 1183 2936 1228 see in others what is only the externalization¬
2071 1224 2960 1264 as the pedants say of his own amorism.
2068 1264 2961 1310 Then there is Mimi, of the corps de ballet, fond of
2068 1302 2960 1343 champagne-suppers at Sacher's. She doesn't
2068 1338 2958 1384 know it, but this is to be her last supper there
2071 1377 2958 1425 with Anatol, who has formed another attachent
2071 1419 2952 1471 and cannot abide deceit. The humour of it is
2071 1451 2953 1507 that she, too, has formed another attachment,
2067 1508 2958 1547 and also cannot abide deceit, so that she gets in
2077 1534 2952 1582 first with the breaking-off speech. The would¬
2076 1574 2954 1618 be biter bit! Anatol, furious and forgetting the
2077 1615 2952 1664 proprieties, tells Mimi that his new attach¬
2070 1649 2958 1699 ment has gone to greater length than she
2068 1693 2960 1744 may have supposed. Mimi retorts. Only a
2068 1723 2405 1790 man could be so
2444 1729 2951 1780 unpleasant ! After
2068 1768 2958 1822 all . . . I never told you that." Then she
2063 1806 2695 1867 settles down with gusto to an ice.
2104 1835 2951 1897 At last, of course, Anatol must settle down,
2071 1888 2952 1932 too to marriage. But the night before the
2068 1931 2951 1970 wedding he turned in out of the snow into the
2068 1955 2949 2016 Opera Ball, and oh ! that wish of a silk petti-
2068 2000 2949 2054 coat ! He met Lona, one of his anciennes,
2062 2044 2958 2104 wishing, and now Lona is in the next room,
2071 2080 2960 2125 asleep. How on earth is he to get rid of her ?
2071 2123 2949 2174 Max helps him in his distress, but not before
2068 2158 2951 2204 hysteries and much smashing of crockery.
2073 2191 2945 2242 Anatol has got safely off to the wedding, but
2071 2234 2954 2281 after all, says the consoling Max, Jonas turn
2064 2278 2958 2324 may come again later. And you feel that it
2071 2326 2960 2374 will. The Anatos of this world remain
2067 2353 2495 2408 Anatolians to the end.
2109 2382 2960 2443 Probably, however, as he grows older, he will
2068 2435 2954 2476 seek less facile loves. Before his marriage you
2062 2471 2949 2524 see him once, only once, in amorous parley
2062 2507 2958 2555 with a lady not of the Bohemian world. As
2071 2550 2941 2598 she is married she tactfully ignores his daring.
2062 2586 2958 2635 He tells her of his present little girl
2068 2622 2960 2672 lady sighs, but sentiment goes no further,
2062 2669 2958 2718 for they are standing under a boarding out of
2068 2704 2954 2748 the rain, and she is merely waiting while he
2068 2745 2951 2799 tries to get her a taxi, & sende her bouquet,
2068 2785 2958 2830 however, to the little girl, with a message
2062 2823 2963 2864 which says much, From some one who might
2062 2861 2645 2909 have been as happy as you
2831 2862 2954 2912 if she
2064 2900 2958 2949 hadn't been quite such a coward! If the
2064 2935 2951 2988 cynical Max had been there he would, perhaps,
2062 2976 2951 3022 have hinted to Anatol that, in the years to
2062 3020 2951 3068 come, ladies might be encountered who would
2064 3054 2951 3102 not be quite such cowards. Or they might not.
2071 3095 2952 3145 Vienna is a long way off, and you never can
2107 3173 2955 3217 This edifying biography of Anatol is re¬
2063 3216 2923 3267 lated amid the most modern surroundings¬
2062 3249 2951 3304 Post-impressionists on the walls, and at the
2062 3295 2945 3333 footlights a fireplace of which you can see
2062 3327 2951 3393 the fender and have to imagine the grate.
2062 3361 2951 3418 Mr. Granville Barker plays Anatol with
2064 3408 2951 3454 delightful tact and finish, and with a certain
2059 3450 2949 3495 freshness which, agréable as it is in itself, is
2064 3487 2951 3532 so far out of the character as to be almost
2064 3518 2951 3572 cherubic. In fact he misses the difference
2055 3559 2951 3605 between a cherub and Cherubino. Perhaps a
2059 3598 2954 3648 little more fervour is what is wanted; this
2064 3636 2924 3684 Anatol's amorism is just a shade too cerebral.
2062 3676 2945 3730 Mr. Nige Playfair is pleasantly stolid and
2054 3730 2949 3770 terre-à-terre as Max. The ladies who present the
2055 3760 2951 3802 soveral light-o-loves certainly demonstrate
2055 3798 2954 3848 that Anatol was no bad judge. But they rather
2059 3831 2954 3894 overdo the what shall we call it the
2050 3870 2331 3941 Bohemianism.
