3344 4256
225 154 570 247 4.9. An
1885 66 3289 134 charakteristischen der Grafen
2875 110 3245 159 in der Luft strampelt,
1883 110 2831 171 gründete, andererseits aber auch das Wiener „füße Mä
1892 147 3279 203 del“, das durch Schnitzler eigentlich erst für die Bühnenes und jeder Geste un
1345 127 1697 232 box 9/1
753 139 1147 249 Zyklu-
2924 178 3271 232 Das Publikum, das
1890 188 2844 237 entdeckt wurde, dort heimisch gemacht hat. Die in ihrer
2875 205 3281 269 Pausen aus der Stimm¬
1890 215 2841 274 ganzen Gestaltung merkwürdig reife Jugend Dichtung
2885 252 3289 313 freundlich für den Aben
1902 257 2844 296 — sie ist bereits im Jahre 1902 erschienen und
1892 293 2834 340 jetzt also zwanzig Jahre alt — trägt schon all
1890 325 2841 372 Züge von Schnitzlers literarischem Charakter
1897 357 2841 408 scharf ausgeprägt an sich: seine sichere Beobachtung der
1892 399 2844 443 Wirklichkeit, seinen ausgesprochenen, aber durch ein wei¬
1892 433 2844 477 ches Stimmungselement gemilderten Naturalismus,
1897 467 2853 516 seine Vorliebe für das rauschende Großstadtleben Wiens
1890 501 2856 550 mit seiner sinnenfreudigen, schwülen Atmosphäre und
1890 533 2853 582 endlich seinen geistvollen Feuilletonismus, der sich am
1890 565 2853 621 liebsten in den kleinen Formen der dramatischen Skizze,
1892 606 2856 653 ausgibt. Der Zyklus besteht aus einer glänzenden Folge
1888 638 2851 685 von in sich abgeschlossenen Augenblicksbildern aus dem
1885 672 2851 719 Dasein eines Lebemannes, dessen Widersprüche und in¬
1892 709 2856 758 nere Unwahrheit er mit sprühendem Humor ans Licht
1897 743 2851 792 bringt. Ohne von allzu viel Handlung belastet zu sein,
1900 782 2851 831 sind es fast mehr Dialoge, in denen zwei Freunde über
1890 814 2846 861 das Thema „Liebe" disputierten, und jedesmal eine Frau
1892 851 2856 900 durch Haltung und Benehmen den Streit entscheidet.
1892 885 2856 941 Aber die Dichtung geht nicht auf in der komischen Spie¬
1890 924 2853 976 gelung des großstädtischen high life. Ihre Lustigkeit
1890 966 2856 1012 hat einen ernsteren Hintergrund, denn die Szenenreihe
1890 995 2853 1051 entwirft das Bild einer unter der Herrschaft der Mo¬
1897 1029 2856 1081 derne weit verbreiteten Krankheit, die darin besteht, daß
1888 1064 2853 1112 man in einer Sensibilität, die wehrlos jedem Eindruck
1897 1100 2848 1154 preisgegeben ist, das Kennzeichen einer vornehmen Na¬
1890 1134 2853 1183 tur und die Garantie eines verfeinerten Lebensgenusses
1897 1171 2856 1220 sieht. Schnitzlers Anatole ist ein Schwächling dieser
1890 1208 2853 1252 Art, der stolz auf seine Schwäche ist. Nicht stark genug,
1900 1242 2853 1293 seine Leidenschaft zu zügeln, als Zögling einer hohen
1890 1276 2853 1335 Kultur zu reich und zu sein organisiert, die Liebe
1890 1306 2853 1359 obenhin in gedankenlosem Genießersinn, wie sein Freund
1900 1347 2853 1399 Max, zu genießen, läßt er sich durch ein gesteigertes Be¬
1897 1381 2856 1430 dürfnis nach immer neuen farbigen Eindrücken vom
1890 1418 2853 1469 Leben in verzehrender Hast von einer Liebe in die an¬
1900 1450 2851 1504 dere treiben, bis er, was uns die heutige Auswahl aus
1892 1491 2858 1543 den sieben Einzelbildern des „Anatole leider
1900 1518 2856 1577 vorenthielt, im letzten Stücke sich mühsam in den Armen
1897 1560 2856 1616 eines leidenschaftlichen Weibes anträgt, um, erschöpft
1897 1597 2856 1643 und kraftlos geworden, im Fühlen und Wollen, in eine
1902 1628 2853 1682 konventionelle, von vornherein zerrüttete Ehe zu wanken.
1897 1667 2856 1716 Es ist schade, daß man nicht noch oder wenigstens statt einem
1897 1702 2861 1751 der aufgeführten Einakter den „Hochzeitsmorgen" uns ge¬
1897 1741 2851 1792 boten hat, der ganze Abend hätte dadurch eine schärfer
1895 1770 2856 1844 ausgeprägte Note, ein Ziel, seine eigentliche Pointe be¬
1897 1804 2861 1866 kommen. Immerhin waren es auch so genußreiche
1897 1846 2853 1897 Stunden, ein Schmaus für Auge und Ohr, denn es
1905 1885 2858 1934 lebt in den Stücken eine Weichheit der Empfindung,
1905 1914 2858 1963 eine Grazie des Ausdrucks, eine Ungezwungenheit und
1897 1941 2856 2000 Nonchalance und nicht zuletzt eine Echtheit des Kolorits,
1831 1985 2851 2027 wie wir sie vordem nur den Franzosen zutrauten
1900 2020 2856 2081 Und die Aufführung mühte sich, mit sehr gutem Erfolg,
1890 2054 2856 2105 ein Spiegel dieser Stimmung zu sein, sowie äußerlich
1897 2095 2858 2152 das Kolorit so echt wie möglich wiederzugeben. Herrn
1905 2122 2856 2183 Müller=Heintz als Spielleiter gebührt dafür
804 2098 1369 2213 Klose & Seidel
1897 2159 2853 2213 vollste Anerkennung. Die Interieurs hatten alle einen
1902 2191 2856 2247 so feinen, intimen Reiz, boten so glänzende Rahmen
655 2188 1462 2276 Bureau für Zeitungsausschnitte.
1905 2227 2858 2286 für die geistreichen Plaudereien und amüsanten Ge¬
1905 2259 2858 2325 schehnisse, daß eins das andere hob. Das Lob trifft
648 2245 1501 2330 Berlin NO. 43, Georgenkirchplatz 21
1897 2303 2856 2352 noch viel mehr für die äußere Herrichtung des zweiten
1902 2337 2856 2396 Bildes zu, ein Straßenbild mit Gassen und Gäßchen,
1900 2377 2853 2423 mit rieselnden Flocken und haftig eilenden Passan
719 2367 1452 2435 (Lest die meisten Zeitungen und hat das
1900 2408 2853 2467 ten voll Winterstimmung und Weihnachtswonne, und
726 2423 1452 2499 besterganisierteste Bureau Deutschland)
1902 2443 2856 2499 — mit einem eleganten, veritablen Auto, in das
1897 2474 2856 2535 mit elegantem Schwung Lotte Horst verschwand, wäh¬
1905 2526 2506 2582 rend der Chauffeur ankurbelte...
1949 2528 2863 2597 In einem Punkte freilich haperte es etwas: Der
980 2550 1438 2636 Landesztg.
1902 2587 2856 2648 Anatol Zyklus wurzelt so tief in wienerischer Erde, daß
499 2587 716 2667 Zeitung
1902 2623 2853 2672 er eigentlich nur von echten Wienern — wobei nicht nur
1905 2655 2856 2709 der Dialekt, sondern auch die ganze leichte Wiener Le¬
1015 2650 1477 2746 Braunschweig
1905 2690 2856 2746 bensauffassung zu verstehen ist — gegeben werden kann.
506 2697 641 2773 Ort:
1905 2729 2856 2782 Ist das bei uns in Norddeutschland aus leicht verständ¬
1902 2763 2858 2814 lichen Ursachen nicht möglich, so geht die weiche Melodie
1905 2800 2856 2848 des Wienertums verloren, und es entstehen schärfer¬
511 2804 707 2880 Datura:
1905 2844 2858 2890 Linien. Darunter litt die Aufführung etwas, wenn
1027 2802 1342 2936 a
1914 2870 2853 2922 gleich sich alle Mitwirkenden mit mehr oder minder Er
1902 2902 2858 2958 folg auch um den leichten Wiener Dialekt mühten. Aber
1902 2941 2856 2993 nur Robert Schneeweiß gelang restlos die Durch¬
1910 2976 2863 3027 führung. Aber nicht das allein sicherte ihm einen Vor¬
1912 3015 2858 3061 sprung vor den übrigen Mitspielern, auch die ganze
1902 3049 2858 3100 leichte Auffassung war so echt, so wienerisch, so Schnitz¬
1039 3010 1765 3130 Herzogliches Hoftheater.
1902 3083 2853 3139 lerisch, daß sie schlechthin unübertreffli¬
1902 3117 2856 3174 war. Eugen Marlow hatte demgegenüber einen
968 3100 1875 3174 Braunschweig, 18. Mai. Aus „Anatol": „Die
1912 3154 2863 3205 schweren Stand. Der Wiener Lebemann Anatol ist kein
917 3149 1880 3198 Frage an das Schicksal“, „Weihnachtsein¬
1912 3188 2853 3237 Don Juan im gewöhnlichen Wortsinne, kein Dutzendlieb
922 3201 1866 3245 käufe", „Episode" und „Abschiedssouper
1905 3225 2858 3276 haber, sondern ein Liebender, wie er für die verfeinerte
922 3227 1379 3281 von Arthur Schnitzler.
1910 3259 2856 3308 Sinnenkultur des Wieneriums charakteristisch ist. Dazu
968 3245 1873 3308 Die dankenswerte Anregung des Deutschen Bühnen¬
1902 3301 2861 3350 ist Eugen Marlow aber von Natur nicht dis oniert, er
922 3293 1873 3345 vereins, die Geburtstage der deutschen Bühnenschriftstel¬
2364 3333 2856 3379 So vermochte er weder in
1905 3337 2308 3391 ist dazu zu — gesund
924 3342 1878 3381 ler — natürlich nicht jeden, sondern den 50., 60., 70. usw.
1902 3369 2858 3418 Sprache, noch in Maske, noch in der Darstellung die
917 3377 1873 3418 Geburtstag — durch Aufführung ihrer Bühnenwerke zu
1907 3408 2856 3455 verfeinerte Geistigkeit so ganz zum Ausdruck zu bringen
924 3413 1870 3450 begehen, ist bei der Leitung unseres Hoftheaters au
1912 3440 2858 3491 wenn er andererseits auch seine umfangreiche Rolle mit
924 3445 1878 3484 fruchtbaren Boden gefallen, denn im Laufe der letzten
1912 3474 2853 3523 großer Frische und glücklichem Humor durchführte. Ne
927 3479 1878 3526 Monate haben wir mehrfach solche Autorentage gefeiert,
1912 3511 2858 3557 ben den zwei Herrenrollen, die das Stück verlangt, tre¬
927 3521 1878 3560 und voraussichtlich — das Jahr 1912 ist besonders reich
1912 3545 2866 3597 ten als bescheidene, aber charakteristische Auswahl der
924 3557 1875 3599 an Gedenktagen — harren unserer solche Gedenktage noch
1910 3577 2856 3626 vielen Frauen, die in Anatols Armen lagen, in den
927 3584 1873 3628 mehr. Feiert doch, um nur an das Nächstliegende zu er¬
1910 3611 2856 3660 Einaktern vier Frauengestalten auf: ein süßes Mädel“
924 3623 1875 3663 innern, am 15. September Heinrich Heinemann, seit
1902 3645 2856 3694 das an Stelle der leider erkrankten Paula de Bruyn
924 3660 1870 3702 mehr als einem Menschenalter Mitglied unserer Hof¬
1914 3677 2858 3731 Fräulein Kley, etwas schülerhaft in der Sprache aber
927 3690 1870 3736 bühne und nebenbei ein fleißiger und, was die Haupt¬
1910 3719 2856 3765 sonst recht nett spielte, eine junge Frau in schmerzlicher
924 3731 1875 3778 sache ist, erfolgreicher, anderswo, nach dem Sprichwort
1912 3758 2863 3804 Resignation, von Lotte Horst treffend dargestellt, eine
929 3768 1880 3809 von dem im eigenen Lande nichts geltenden Propheten,
2726 3795 2853 3834 namen¬
2377 3790 2660 3839 Zirkusreiterin
1912 3792 2345 3851 polnisch-russisch=ungarische
929 3797 1873 3841 freilich mehr als hier aufgeführter Bühnenschriftsteller
1912 3814 2858 3873 Bianca, der J. von Hansen in Ton und Toilette
929 3839 1880 3888 seinen 70. Geburtstag, der sicherlich nicht sang- und
1912 3861 2866 3910 charakteristische Züge verlieh, und schließlich die sesche
922 3870 1445 3932 klanglos vorübergehen wird.
1910 3892 2863 3944 Annie der Clarissa Linden, ihr — und mit ihr dem
976 3885 1878 3949 Der heutige Abend galt dem 50. Geburtstage Arthur
1917 3929 2856 3980 Publikum — bereitete es eine sichtliche Lust, mit ausge¬
929 3932 1880 3985 Schnitzlers, den man durch eine Aufführung einiger
1914 3963 2866 4017 lassenem Humor in die Eigenart eines solchen kindlich¬
927 3973 1880 4027 Stiegen aus dem „Anatol"Zyklus ehrte, jener Szenen¬
927 4000 2892 4061 reihe, die für die literarische Wesensart des Dichters so naiven Wiener Mädels, das wie ein ungezogens Kind
606 132 726 222 to
