3344 4256
739 53 1516 144 Theater und Kunst.
1633 99 2645 144 ernsten menschlicher Probleme dienstbar zu machen,
1635 129 2640 197 wie dies im „Weiten Land“ geschieht, nimmt
1640 175 2640 248 Schnitzler eine führende Stelle ein, und deshalb ist
901 175 1342 281 Schauspielhaus.
1643 230 2650 294 es, auch wenn man ihn im Sinne des Gesagten
620 258 1610 354 Schnitzler-Feier anläßlich des 50. Geburtstages de¬
1645 276 2638 342 nicht als deutschen Dichter gelten lassen kann und
840 311 1392 380 Dichters am 15. Mai 1912.
1640 332 2643 390 will, erfreulich gewesen, daß sein fünfzigster Ge¬
686 347 1615 440 Artur Schnitzler ist vielleicht noch weniger als
1640 372 2653 440 burtstag an fast allen deutschen Bühnen und auch
620 415 1610 486 Heinrich Heine im eigentlichen Sinne ein Deutscher
1645 433 2354 516 bei uns würdig gefeiert worden ist.
618 466 1617 532 aber er ist ein großer jüdischer Dichter mit allen
1709 456 2638 534 Den gestrigen Abend füllten die vier Einakter
625 511 1617 577 Eigentümlichkeiten seiner Rasse und vor allem ist
1648 519 2640 587 „Die Frage an das Schicksal“, „Weihnachtsein¬
618 554 1610 630 er auch ein Wiener Dichter. Denn er hat die „Lie
1645 567 2648 635 käufe", „Abschiedssouper" und „Anatols Hochzeits¬
618 620 1623 678 belei“ geschrieben. Wenn einmal jemand daran
1648 618 2648 686 morgen" aus der Anatolserie. Sie sind für Graz
625 668 1620 729 gehen will, eine Psychologie Wiens an der Wende
1645 663 2638 732 nicht neu, doch aber ist diese Wahl als eine glück¬
618 709 1617 790 des 19. und 20. Jahrhunderts zu arbeiten, so wird
1653 714 2655 780 liche zu bezeichnen, denn neben der „Liebelei“ zählen
620 754 1617 838 er neben Weininger an Schnitzler wohl die er¬
1650 767 2645 838 sie zu Schnitzlers charakteristischesten Werken. Auch
628 805 1620 876 giebigste Quelle zur Darlegung der Pathogenie der
1653 807 2650 876 hier klingen echt wienerische Akkorde an, bald im
620 856 1623 932 Wiener Volksseele finden. Schnitzler reflektiert in
1653 863 2653 924 Moll des sentimentalen Volksliedes, bald im
630 904 1628 972 seinem Schaffen das absterbende Wienertum und
1653 906 2650 972 hüpfenden Walzertakt; man atmet Praterduft, steht
628 957 1623 1018 die Ursachen dieses Absterbens klarer, überzeugen¬
1653 962 2650 1020 im Schatten des Stephansturmes und aus dem
625 1007 1625 1063 der, schleierloser als irgend ein anderer, und er
1653 1005 2650 1073 Dunst der Großstadt lächeln die entzückenden Wiener
628 1056 1628 1134 gescheint hiezu prädestiniert, weil er Jude und
1650 1058 2653 1142 Grisetten, die ja erst Schnitzler literarisch typisiert
613 1111 1625 1182 doch auch bodenständiger Wiener ist. Hierin liegt
1653 1106 2653 1174 hat. Oberflächliche Kritik könnte diese kleinen
643 1144 1628 1215 sein Konflikt und hierin liegt auch der Schlüssel zu
1660 1157 2653 1225 Dinger unbedeutend nennen, aber sie täte damit
630 1200 1623 1266 all dem scheinbar Rätselhaften in seiner menschlicher
1650 1205 2660 1268 unrecht, denn jedes von ihnen liefert ein liebevoll
630 1250 1628 1314 und künstlerischen Persönlichkeit. Denn an diesem
1650 1253 2660 1316 beobachtetes Genrebild, und der neben einigen
633 1299 1630 1362 bodenständig gewordenen Wiener Judentum hat
1663 1309 2653 1390 Franzosen nur noch von Bahr erreichte glitzernde
635 1352 1633 1415 Wien sich selbst verloren, und niemand vermag
1660 1357 2569 1428 Plauderstil gleicht an Grazie jenen Grisetten.
630 1397 1628 1461 diesen Verlust treffender zu kennzeichnen als jemand
1724 1387 2658 1463 Die Aufführung verdient bis auf einige Ein¬
633 1443 1623 1504 der ihn unbewußt so energisch fördern half wie
1666 1450 2663 1516 gelheiten alles Lob. Sie war zunächst nicht nur für
635 1491 1628 1562 Artur Schnitzler. Gleich vielen anderen seiner
1663 1498 2665 1569 Artur Schnitzler, sondern auch für Lori Weiser
638 1547 1633 1615 literarisch tätigen Stammesgenossen hat er das
1663 1547 2665 1607 ein wahrer Ehrenabend, die in den drei „süßen
635 1590 1635 1663 ganze ehemalige Wienertum in sich eingesogen
1666 1597 2668 1666 Mädeln“ Kora, Annie und Ilona wieder einmal
643 1650 2665 1711 und er gibt es wieder als ein Zwitterding, das ein gutes Stück ihres ureigensten Wesens ausleben
645 1696 1635 1764 nur einmal anders als rein äußerlich an die zeu¬
1658 1696 2658 1757 konnte. Und wenn sie das kann, strömt die sichtliche
645 1734 1633 1810 gende Scholle mahnt; an diese Scholle, die inzwischen
1663 1749 2665 1812 Freude an ihrer fröhlichen Kunst auf das ganze
635 1787 1635 1855 unfruchtbar geworden ist und von der fast nur
1673 1797 2665 1863 Haus über, sie freut sich in ausgelassenster Laune
638 1843 2663 1898 mehr an Grünzeugständen und in Hausmeister an dem Publikum, das sie in ihrer Macht weiß, und
638 1896 1638 1949 wohnungen ein paar letzte, auch ohne fremden
1666 1891 2665 1954 das Publikum freut sich mit ihr Vorsteller und
645 1941 2670 1997 Dünger noch tragfähige Krumen übrig geblieben Zuhörer fließen da sozusagen zu gemeinsamem
645 1979 1638 2050 sind. Es liegt eine seltsame Ironie darin, daß ge¬
1668 1987 2665 2048 Wirken ineinander, und das schafft erst den wirk¬
635 2035 2670 2098 rade ein Jude diese letzten Reste treulich ge¬ lichen Theatergenuß. Vor allem war die Annie
653 2078 1643 2144 sammelt und daß gerade er es verstanden hat, ihre
1668 2078 2668 2144 im „Abschiedssouper, die sie zu ihren besten Rollen
635 2126 1645 2187 Keime der Kunst dienstbar zu machen. Schnitzler hat
1668 2139 2668 2200 zählen darf, ein kleines Kabinettstück, welches auch
651 2184 2665 2248 ja die „Liebelei“ geschrieben, er hat sie geschrieben, die Niese in ihrer glücklichsten Zeit nicht lebens¬
645 2230 2673 2291 während Lueger und Konsorten das gefeierte frischer zu geben hatte. In den „Weihnachtsein¬
643 2281 1640 2339 Wiener Herz an Kerzelweiber männlichen und
1668 2286 2668 2346 käufen", spielte Alice Gerald die Gabriele.
643 2334 1364 2402 weiblichen Geschlechtes verschacherten
1559 2329 2670 2387 Und Naturgemäß mangelte ihr die hier unerläßliche
648 2374 1640 2433 noch etwas gibt es, das ihn fast allen anderen Mit¬
1678 2384 2665 2443 Wiener Note, die noch kein norddeutscher Dar¬
648 2430 1650 2491 gliedern der „Jungwiener Gruppe gegenüber
1673 2438 2673 2493 steller echt anzuschlagen verstand, im allgemeinen
651 2478 1643 2534 adelt; er hat seine Kraft immer den eigenen inneren
1673 2473 2670 2539 bot jedoch auch sie wieder eine vortrefflich aufgefaßte
651 2534 2673 2589 Impulsen dienstbar erhalten, er hat sie niemals Gestalt von großer Liebenswürdigkeit und Lebens¬
651 2579 2673 2638 auf den Tantiemenmarkt geworfen, auf welchem wahrheit. Louis Neher ist kein Anatol. Was er
658 2625 1643 2691 gerade aus seinen Kreisen schon so manches viel¬
1668 2625 2670 2686 brachte, war wie immer eine an sich interessante,
658 2668 1643 2759 versprechende Talent vergendender Prostitution
1678 2681 2676 2744 geistvoll durchgearbeitete schauspielerische Leistung,
651 2726 795 2797 verfiel.
1676 2724 2676 2784 aber man hatte nicht den jungen, sinnesfrohen
724 2757 1650 2835 Dagegen hat sich Schnitzler viele Sympathien
1678 2782 2683 2838 Schwärmer vor sich, der überlegungslos immer nur
648 2822 1653 2881 dadurch verscherzt, daß er sein Können auch zu so
1678 2825 2688 2908 der Augenblicksstimmung seines Herzens gehorcht,
651 2873 1650 2934 ausgesprochenen Racheakten mißbrauchte, wie sie
1678 2878 2688 2934 der immer der Liebe, aber niemals einem Weibe
653 2913 1653 2989 „Freiwild", „Leutnant Gustl und teilweise auch
1681 2926 2673 2989 treu bleibt. Ab und zu, so namentlich in den Weih¬
651 2974 2673 3038 noch der „Ruf des Lebens darstellen. Er mag nachtseinkäufen", mahnte Neher an Korff, und
663 3017 1650 3081 persönlich als Militärarzt, als jüdischer Militär¬
1691 3017 2681 3083 stand man dem Schnitzler'schen Anatol gegenüber,
661 3073 2683 3124 arzt, viel vom Offizierskorps zu leiden gehabt im übrigen aber fehlte der Figur die weiche Emp¬
661 3118 1658 3197 haben, und das bot ihm Anlaß, einen ganzen Stand
1693 3124 2683 3187 findsamkeit, die innere Wärme, und störend wirkte
666 3172 2691 3232 herabzusetzen, dem er selbst noch angehörte. Auch auch der seltsame Dialekt. Ganz reizend fand sich
668 3217 1655 3270 sonst tritt in seinen Werken hin und wieder das
1681 3217 2683 3283 Alfred Wehle mit der vorwiegend passiven Be¬
663 3263 1653 3329 semitische Element aufdringlich hervor — es sei
1688 3265 2688 3334 gleitrolle des harmlosen Mox ab: da pulsierte
661 3311 1531 3364 nur an seinen „Weg ins Freie" erinnert
1569 3318 2681 3372 aber wieder unverfälschtes Wiener Blut. Das ausver¬
663 3359 1650 3420 er hat auch drei Werke von reinster Schönheit ge¬
1681 3369 2683 3432 kaufte Haus befand sich in bester Stimmung und
666 3412 1650 3468 schaffen, die ihm für immer einen Ehrenplatz in der
1688 3410 2496 3480 überschüttete die Darsteller mit Beifall.
663 3458 1668 3534 Literatur sichern: Die „Liebelei", den Einakter „Die
2192 3458 2638 3541 E. P. P. Dombrowski.
668 3508 1658 3567 Frau mit dem Dolche und die Novelle „Sterben
673 3561 1660 3612 Die „Liebelei“ ist in ihrer Art ein unübertroffenes
668 3610 1660 3660 Meisterwerk; es ist noch keinem Dramatiken ge¬
676 3658 1673 3723 lungen, eine einfache Liebestragödie, wie sie der
668 3708 1666 3766 Alltag unzähligemale gezeitigt hat und immer
663 3751 1585 3817 wieder mit sich bringt, in so schlichter,
668 3799 1668 3865 natürlicher und deshalb trotz des Mangels
666 3848 1681 3918 an irgend welchen neuen Gesichtspunkten und
