3436 4224
276 172 720 287 4.9. Anat
752 177 1195 290 1 Zyklu-
290 1044 1449 1135 an den Kassa wie-
236 1143 398 1206 Drame
441 1151 1454 1208 ollen, und doch vergebens, man soll das Erlebte
178 1179 1457 1262 Porte aus nie noch einmal erleben wollen. Aus Stimmungen
185 1248 1452 1315 und nichts bestehen alle seine Charaktere, es ist dies jene zwie¬
191 1283 398 1356 Liebe der
430 1302 1454 1364 spaltige Hingabe an den Moment, die jedoch in diesem
183 1340 395 1404 seint ihnen
426 1347 1460 1410 Momente nie ganz aufgehen kann, da sie immer in
191 1387 1458 1463 g des Le=Reflexion, in Betrachtung zurückschlägt; nicht Hand¬
188 1434 394 1501 ihr Sehnen
429 1447 1455 1503 ungen, sondern solche Stimmungen bestimmen die
185 1479 1452 1551 füllenden, Tragik dieser Charaktere, und daher jener ewige
188 1535 390 1600 wige Ent¬
424 1544 1458 1606 Cirkulus aller dieser Dramen, die keinen Ausgang
182 1579 395 1658 der Exten¬
424 1592 1458 1661 kennen, alles dreht sich um das eine, große Problem,
188 1634 394 1699 bens und
426 1643 1460 1704 ohne je aus diesem qualvollen Kreise entkommen
185 1685 397 1752 momentes
426 1683 641 1750 zu können.
198 1732 394 1799 sobald sie
504 1715 1452 1795 Ganz subjektiv sind alle diese Gestalten ge¬
191 1787 1452 1847 sehmen, ist chaut und doch leben sie vor uns nicht nur von der
202 1834 394 1895 was das
424 1834 1452 1897 Gnade des Dichters, denn jede von ihnen schöpft
177 1882 1452 1943 m Augen, mit jedem Wort die volle Realität des Augenblickes,
188 1930 390 1995 erreichbar¬
424 1928 1457 2002 in den sie gestellt ist aus, jede von ihnen beleuchtet
185 1978 387 2045 Leben und
421 1975 1458 2038 von ganz anderer Seite den Zusammenhang, in dem
190 2030 394 2094 das Leben,
424 2034 1455 2093 sie sich befindet. Hier liegt auch der Zauber des
183 2078 394 2142 Hoffnung,
424 2077 1455 2147 feinen Dialogs, den Schnitzlers Gestalten sprechen,
183 2132 1455 2199 rchen, und denn er versteht es sie in Situationen zu bringen,
185 2185 1455 2236 ewige Auf wo sie reden müssen und auch was zu sagen haben.
185 2233 1455 2287 natol nur All dies klingt im Anatol schon verheißungsvoll an,
191 2282 1457 2343 veurs ist, wenn auch in leichter, ungezwungener Form, es ist
421 2327 1455 2383 ein Capriccio, und trotzdem empfinden wir darin
190 2325 390 2392 sen Trag.
191 2376 1458 2440 lig horchen den Ernst der späteren Entwicklung, es ist ein „Ca¬
421 2424 1452 2481 priccio lamentoso. Und wenn ich der vortrefflichen
178 2429 392 2489 en feinster
182 2472 1463 2531 esten vor¬ Darstellung dieser Einakter durch die Damen
183 2526 382 2587 mer ihre
421 2524 1447 2590 Strozzi, Kernic, Hrzic, Grgesina
411 2576 1449 2630 und Dimitrijevic und vor allem durch den
182 2566 376 2641 t sich die
178 2620 1455 2681 se nur den feinen Anatol des Herrn Raic, treulich sekundiert
191 2671 1458 2730 bereit ist, vom Herrn Papie als Max, etwas vorzuwerfen
418 2717 1452 2792 hätte, so wäre es eben dies, dass sich in der lustspiel¬
178 2709 378 2783 tiefen de¬
182 2768 1455 2837 uns später mäßigen Flottheit des Spieles eben das „lamen¬
182 2813 985 2886 „Zwischen oft etwas verflüchtigt hat.
186 2861 414 2960 ste Wagen
1300 2854 1433 2932 II
1396 171 1752 271 box 9/2
1927 1148 2765 1285 Manchener Neueste Nachricht
1925 1245 2469 1342 FEBRUM
1857 1318 2775 1420 auf einigen amerikanischen Schiffen schon bewährt
1865 1371 1995 1434 haben.
1906 1466 2775 1527 Schauspielhaus. Anatol. Die fünf Einakter
1860 1501 2760 1562 aus dem Anatol=Zyklus, die Mittwoch abend teil¬
1865 1538 2767 1589 weise in Neubesetzung gespielt wurden, bilden
1869 1571 2767 1642 immer noch eine harmlos vergnügliche Theaterkost.
1869 1618 2762 1675 Doch sollte die Darstellung darauf achten, keine
1873 1654 2757 1734 Vergröberung des Tones auf der ganzen Linie ein¬
1865 1723 2759 1801 reißen zu lassen. Ehedem war Anatol mit Waldau
1865 1756 2756 1833 in der Titelrolle eine feine, leichte Lustspielsache,
1869 1799 2756 1873 die durchaus den Stil der literarischen Komödie
1860 1828 2783 1914 im Sinne Schnitzlers wahrte. Herr Randolf be¬
1860 1882 2746 1952 tont mehr die „Feschität" als das Liebenswürdige,
1857 1905 2572 1959 bringt aber das Witzige nicht
1857 1928 2767 1995 lich genug, und unterstreicht neuerdings, wo er mit
1857 1986 2757 2032 halben Tönen die feinere Wirkung erzielen würde.
1868 2026 2749 2069 Herr Weydner müßte als Max die Linie anstreben,
1862 2061 2757 2116 die Herr Randolf früher in dieser Rolle mit freund¬
1865 2099 2756 2145 schaftlicher Beweglichkeit erreichte. In seinem Be¬
1857 2136 2744 2180 dürfnis zu charakteristeren, nahm Weydner dieser
1850 2171 2749 2230 Figur irgendwie etwas von dem Spielerischen und
1850 2212 2757 2260 zeichnete fast eine Wiener Schiebertype, die in
1854 2255 2752 2322 Anzengrubers „Viertem Gebot besser am Platze
1854 2289 1968 2356 wäre.
1887 2313 2754 2378 Von den weiblichen Typen hatte die Bianca
1858 2352 2754 2421 (Fräulein Schwarz) eine nettet, lustig zu sein,
1850 2416 2759 2459 und Fräulein Busch wirkte als Gabriele zwar un¬
1854 2448 2754 2489 wienerisch, hatte aber doch einen frischen, koketten
1850 2480 2751 2526 Ton. Fräulein Nivoletti kann sehr lieblich sein, die
1849 2524 2756 2576 Annie im „Abschiedssouper liegt ihr indes nicht
1850 2563 2757 2606 besonders. Aehnliches gilt von Fräulein Rosar, die
1850 2599 2744 2649 in „Anatols Hochzeitsmorgen" als Ilona etwas
1844 2630 2748 2685 allzu kräftig ins Zeug ging und sich von dem ge¬
1844 2674 2759 2721 legentlich erzielten Gelächter nicht ermuntern lassen
1854 2711 2752 2768 sollte, den künstlerischen Wert possenhafter Ueber¬
1846 2749 2336 2794 treibungen zu überschätzen.
1881 2764 2751 2838 Die Spielleitung wird gut daran tun, die Quali¬
1850 2813 2751 2867 tät der früheren Anatol=Abende wieder anzu¬
1849 2862 2751 2910 streben und nicht zu dulden, daß die eleganten Ein¬
1847 2896 2214 2977 akter Schnitzlers,
2265 2901 2749 2969 in der Rügne verschoben
1841 2940 2003 3007 werden.
2636 2944 2736 3006 E.
