3484 4256
227 144 598 248 4.9. An¬
1344 132 1712 239 box 8/5
779 141 1052 252 Zyk
638 150 736 221 to
1371 779 1684 874 de 12.
810 837 1426 1034 „OBSERVER
601 982 1681 1083 an be an ihnen der Ladungen
794 1058 1515 1150 Wien, I., Concordiaplatz 4.
1009 1120 1291 1187 Vertretungen
610 1144 1687 1233 in Berlin, Basel, Budapest, Chicago, Cleveland, C
614 1209 1684 1264 Genf, Kopenhagen, London, Madrid, Mailand, Minneapon,
617 1248 1675 1328 New-York, Puch, Rom, San Francisco, Stockholm, St. Peter
1003 1298 1294 1347 berg, Toronto.
610 1383 979 1488 und
1156 1500 1629 1607 Preussische Leiter,
1206 1589 1696 1687 5-UELEBER 1910
1712 1718 2926 1791 lodernde Leidenschaft und naive Natürlichkeit seines Anatol
791 1730 1371 1831 Theater und Musik.
1706 1773 2923 1828 trugen in gleichem Maße dazu bei, dem galanten Verführer
920 1810 1215 1883 Lessingtheater.
1706 1825 2914 1883 die Sympathie auch des Berliner Premierenpublikums zu ge¬
589 1837 2923 1923 Anatol. Fünf Einakter von Arthur Schnitzler. Zum winnen. Eine wenig dankbare Rolle hat Anatols Freund
1706 1908 2923 1960 Max, der Vertraute seiner Abenteuer, der immer seine
463 1914 1046 1988 ersten Mal am 3. Dezember.
1709 1951 2917 2009 Herzensergießungen über sich ergehen lassen und dabei die
586 1929 1678 2009 Das Erstlingswerk Arthur Schnitzlers, das 1893 heraus
1718 1994 2926 2049 passive Rolle des Zweiflers und Spötters spielen muß, der
463 1997 1678 2074 kam und eigentlich aus sieben Einaktern besteht, ging Sonn¬
1718 2043 2926 2095 stets Wasser in den Wein seines Freundes gießt. Emanuel
463 2046 1675 2101 abend in verkürzter Form vor einem sehr vergnügten und
1712 2083 2923 2144 Reicher erledigte diese Aufgabe aufs beste, indem er den Max
469 2089 1681 2138 beifallsfreudigen Publikum in Szene. Sein Stil liegt aber
1712 2126 2923 2193 mit dem überlegenen Humor des Erfahrenen, Illusionslosen
469 2129 1681 2193 auch den Künstlern des Lessingtheaters, die auf die scharfe
1718 2169 2926 2239 ausstattete, der schon durch sei. Augenzwinkern verriet, daß
472 2175 1684 2227 Seelenmalerei Ibsens eingeschult sind, ganz vortrefflich. Wie
1721 2212 2917 2273 er den Freund nie ernst nahm. Jeder Einakter führt eine
472 2215 1687 2273 fein wußten sie die Gestalten des Wieners zu charakterisieren,
1724 2255 2923 2316 neue Geliebte Anatols vor. Paula Somary gab sehr
472 2264 1687 2319 dessen zarte Kleinkunft mit dem gefühlvollen Anhauch
1718 2294 2926 2356 niedlich ein süßes Mädel", Lina Lossen mit eleganter
472 2310 1687 2368 zwar keine hochdramatischen Wirkungen, aber doch eine Fülle
472 2341 2929 2408 geistreicher und pikanter Lebensbeobachtung enthält. Zu irgend¬ Vornehmheit eine junge Weltdame. Mathilde Sufsin
1724 2387 2923 2445 als Theaterstatistin spielte mit ausgelassener Keckheit
475 2396 1687 2448 welcher Größe der Anschauung oder zur Vertiefung in seelische
1724 2426 2920 2491 vortrefflich in allen Einzelheiten die „Künstlerin
475 2439 1690 2503 Probleme vermag sich Schnitzler freilich nirgends durchzu¬
1718 2479 2933 2546 markierend, und „das Abschiedssouper", in dem sie
469 2482 1684 2534 ringen. Er bleibt stets im Erotischen stecken. Dieses jedoch
1718 2512 2933 2571 auftrat, erzielte den Haupterfolg des Abends. Hilde
469 2521 1687 2580 weiß er mit soviel Humor und Liebenswürdigkeit anzudeuten,
1718 2567 2936 2626 Herterich hatte eine ziemlich belanglose Rolle und
469 2567 1681 2620 daß manches Flache und Gewöhnliche bei ihm einen Augen
469 2604 2936 2666 blicksreiz erhält, der über den Mangel an innerem Gehalt wirkte Hauptsächlich durch ihr anmutiges Auftreten, Irene
1718 2650 2929 2709 Triesch als Isolde entwickelte eine fast dämonische Leiden¬
469 2660 764 2733 hinwegtäuscht.
1724 2696 2933 2752 schaft. So trug jede dazu bei, Farbe und Leben in die
589 2678 1690 2755 Auch sein Held Anatol ist im Grunde nur ein banaler
472 2736 2929 2807 Lebemann, der von Abenteuer zu Abenteuer zieht, — ja sogar Bilder zu bringen, die leicht ein wenig monoton wirken
1727 2785 2936 2862 können, und die sorgsame Regie hob den Stimmungsreiz
479 2791 1693 2856 seinen Hochzeitstag in Gesellschaft einer Redoutenschönheit
1727 2828 2844 2908 jeder Szene durch eine fein abgetönte Umgebung hervor.
482 2834 1690 2887 erwartet. Das wäre plump und gewöhnlich, wenn Schnitzler
2699 2862 2929 2951 E. v. B.
479 2871 1681 2929 diesem Anatol nicht ein weiches Wiener Herz gegeben hätte
469 2923 1681 2975 das bei jedem neuen Abenteuer in hellen Flammen steht
475 2963 1690 3028 und dazu eine gefühlvolle Wiener Beredsamkeit, die über Art
469 3018 1690 3083 und Vorzüge jeder Erkorenen die empfindsamsten Betrachtungen
472 3052 1690 3126 anstellt und die Sache stets ernst nimmt. Er muß es aber
479 3092 1696 3144 erleben, daß keine ihm treu bleibt. Cora betrügt ihn, Minnie
479 3144 1693 3212 verläßt ihn, Bibi vergißt ihn gar. Seine Herzensdame aber
479 3178 1690 3248 hat nicht den Mut, ihm ihre Liebe zu schenken. Es scheint,
475 3233 1696 3291 als ob die Frauen das nicht schätzten, was ihnen bereitwillig
475 3267 1690 3328 geboten wird. Erst Isolde, die Letzte, gerät in Wut und
479 3307 1690 3374 Verzweiflung bei der Nachricht von seiner Hochzeit und droht,
475 3353 1693 3414 nicht von ihm zu weichen. So liegt eine melancholische
488 3402 1696 3460 Ironie in der Schilderung dieses Frauenjägers, dem die Frau
475 3442 1687 3500 nun Gleiches mit Gleichem vergelten will. Der Zuschauer
488 3491 1696 3552 sieht ihn halb belustigt, halb mitleidig seinem Verhängnis
475 3534 1699 3598 erliegen und wird ihm nicht gram, wenn er so liebens¬
475 3571 1693 3632 würdig auftritt, wie in der Gestalt von Heinz Monnard
472 3623 1702 3706 Der Wiener Dialekt, die Empfindsamkeit, die schnell auf¬
