3344 4224
1258 178 1610 286 box 9/5
135 178 1072 298 4.9. Anatol - Zyklus
582 1107 1629 1196 Der zu behandelnde Stoff gibt wie kein zweiter Ge¬
493 1171 1631 1246 legenheit zu politischen Kannegießereien, zu volltönenden,
592 1279 1622 1362 Was war Ihr erstes Erlebnis in London, Her¬
484 1325 677 1405 Anatole
592 1391 1625 1473 „Erlebnis kann man es nicht nennen — komische
488 1445 1623 1525 Episode, wenn Sie wollen. Am ersten Abend gingen Max
493 1511 1536 1562 und ich — Sie wissen, Max ist mit mir gekommen
490 1550 1622 1610 zu Romands speisen, weil man uns gesagt hatte, daß die
497 1604 1618 1662 Lebewelt und die Jeunesse dorée dort verkehren. Ein
488 1645 1618 1705 tadelloser, glattrasierter Kellner wies uns einen der kleinen
482 1705 1623 1763 Tische an und wartete auf unsere Ordre. Die Speisekarte
488 1747 1618 1801 verursachte uns jedoch einige Schwierigkeiten und wir
493 1794 1623 1854 rieten hin und her, was wir bestellen sollten. Was ist
488 1838 1618 1896 Welsh Rarebit? Was ist Kidney Pie? Was ist ein
488 1889 1618 1943 Stewed Ptarmigan? Max und ich zerbrachen uns die
488 1931 1612 1995 Köpfe, während der Kellner unbeweglich dabeistand und
486 1991 1618 2049 geduldig wartete. Nachdem er vielleicht drei Minuten
488 2038 1622 2090 unserem, natürlich Deutsch geführten Disput zugehört
484 2084 1623 2142 hatte, beugte er sich plötzlich ein wenig herab und sagte
490 2125 1616 2185 ganz ruhig in einem nur allzu bekannten Idiom:
488 2171 1618 2237 „Vielleicht die Herren ein Schnitzerl gefällig? Oder ein
484 2225 1614 2277 gebratenes Huhn mit Salat?" Max und ich sahen
484 2274 1610 2336 einander verblüfft an. Also deshalb kommt man nach
490 2316 1612 2370 London, um im ersten Restaurant in unverfälschtem
488 2365 1610 2426 Wienerisch angesprochen zu werden! „Nein,“ rief ich, als
488 2413 1618 2471 ich mich vom ersten Schrecken erholt hatte, „in einem
497 2461 1612 2539 fremden Land soll man auch die Speisen des Landes
482 2510 1612 2577 essen." — „Ja," sagte Max, „das soll man. Bringen Sie
478 2543 993 2637 mir ein Schnitzel...
571 2610 940 2695 „Nach dem Diner
1053 2606 1614 2697 fuhr Anatol fort — „wollten
484 2680 1606 2732 wir eine richtige englische Operette sehen, weil man ja in
482 2721 1610 2790 Wien die Originalsache doch niemals zu Gesicht bekommt.
493 2777 1614 2829 Ich fragte also den Portier des Restaurants, wo man
488 2823 1608 2893 hingehen könne, und er sagte: „Gehen Sie nur gleich
484 2873 1614 2926 nebenan ins Vaudeville, da spielen sie eine lustige
484 2918 1614 2976 Operette: „The girl in the train. Wer beschreibt aber
488 2970 1618 3024 mein Entsetzen, als ich, kaum daß wir uns im Parkett
488 3013 1618 3071 niedergelassen hatten, die Melodien der „Geschiedenen
490 3067 1616 3131 Frau erkannte. Max allerdings behauptete, es sei keine
482 3110 1455 3173 Spur von der „Geschiedenen Frau“ gewesen...
571 3168 1614 3245 „In einer fremden Stadt komme ich mir vorerst
484 3233 1614 3307 immer wie ein kleines Kind vor" sagte Anatol nach einer
478 3284 772 3363 leinen Weile.
2829 1064 3206 1173 den Sprüchengebra.
1751 1116 2804 1204 Ein schwerer Fehler wäre es meines Erachtens, wenn
2831 1149 3216 1206 einer Revision zu
1670 1180 2804 1250 Graf Thun ein neues Arbeitsprogramm zur sukzessiven
2839 1196 3195 1265 freier von deutscher
1757 1285 2800 1354 „Die ersten Wochen sind Sie in einem vornehmen
2920 1295 3204 1364 „Nein," erwide
1660 1333 2560 1397 Variété aufgetreten?" fragte der Interviewer.
2833 1331 3195 1424 nisse erlauben mit
1738 1378 2792 1461 „Ja,“ erwiderte Anatol, „neben der Chopin- und
2924 1395 3195 1469 „Also, das ist
1658 1422 2792 1517 Grieg=Tänzerin Maud Allan und den entzückenden
2837 1440 3206 1521 ist, sich in einer Ei
1664 1490 2784 1546 Palace Girls habe ich mich ganz wohl gefühlt.
2829 1496 3197 1558 Melba ist für den
1654 1533 2784 1606 Die Palace Girls sind wirklich entzückend, ich fühlte
2839 1540 3204 1608 Girls für das Au¬
1670 1589 2792 1645 sofort, wie ich an den Wienerinnen zum Verräter wurde.
2839 1589 3206 1658 fort: „Bald nach
1660 1635 2790 1695 Sie sind alle ganz weiß gekleidet, in kurzen Röckchen,
2833 1633 3208 1714 gedreht, und die
1654 1685 3204 1742 nur mit zarten, unterirdisch schwarz auftauchenden Kon¬ time." Kein Men
2825 1728 3183 1794 Stimmen wurden
1654 1734 2784 1803 trastierungen; auch die ganze Szene ist weiß und zartest
2825 1767 3206 1842 Hand und sie drück
1676 1776 2784 1838 schwarz umschlungen. Wo findet man noch ein Dutzend
2825 1819 3173 1894 Haus begleiten?
1666 1827 2786 1889 solch schlanker Püppchen in weißen Lockenperücken, alle
2827 1871 3202 1937 nicht allein nach
1654 1875 2784 1933 gleich gewachsen, alle zu einem Glöckchenrhythmus hüpfend
2831 1914 3210 1978 im Wagen war M.
1664 1925 2786 1976 und tanzend — die Celesta als Begleitung ... Ich habe
2821 1964 3210 2030 erstes Abenteuer au
1660 1972 2786 2032 eines dieser Palace Girls zum Souper eingeladen. Ich will
2817 2012 3156 2072 wirbelten. Wie
1654 2014 2781 2074 Ihnen das Erlebnis erzählen; es scheint mir typisch, lehr¬
2825 2053 3208 2119 schildert: kühl, steif,
1660 2069 2786 2119 reich und bezeichnend. Dieses eine Mädchen — Myrtle
2827 2105 3206 2173 Pah! Endlich hielt
1654 2109 2781 2173 hieß sie, denken Sie: Myrthe — hatte in einer Weise mit
2812 2152 3210 2216 a pet," flüsterte M
1654 2165 2781 2225 mir kokettiert, daß ich ohneweiters die Frage an sie stellte,
2831 2198 3200 2266 selbstverständlich in¬
1658 2210 2783 2262 ob sie nach der Vorstellung mit mir soupieren wolle. Ihre
2819 2250 3206 2305 erwartete. Myrtle w
1660 2252 2783 2310 großen Augen leuchteten; aus der Gegend des saphirblau
2821 2295 3208 2361 nicht möglich," sag
1654 2305 2781 2382 hingehauchten Streifens unter den Augen warf sie mir
2817 2337 3204 2407 wohne hier bei mei
1654 2345 2784 2405 einen Messalinen-Engelsblick zu und sagte: „Ja. Ich
2825 2386 3206 2450 Oh, do be a gente
1658 2397 2779 2461 machte sie aufmerksam, daß ich ein Fre sei und daher
2827 2430 3187 2500 stoßen und mußte
1666 2442 2783 2508 sie fragen müsse, ob es hier so etwas wie Sacher gäbe,
2825 2479 3206 2546 verstand meine Ver¬
1649 2490 2779 2548 wo man ungestört soupieren könne. „Gewiß," erwiderte sie,
2821 2527 3197 2593 leman; sie küßte
1649 2541 2781 2599 und nannte mir zwei Restaurants. „Aber dort werden wir
2825 2574 3200 2639 Haustor und versch¬
1654 2581 2781 2639 doch nicht hingehen," sagte sie schmollend; „warum sollen
2902 2624 3204 2684 Der Interview
1652 2635 2777 2703 wir uns verstecken? Gehen wir doch ins Savoy; dort
2821 2664 3199 2738 Girls, die Ladies
1656 2678 2775 2742 sieht man Menschen und wird gesehen, dort ist's viel
2897 2719 3204 2784 Anatol lachten
1647 2736 2779 2788 amüsanter." — Nun, ich wollte ihr den Spaß nicht ver¬
2893 2765 3146 2839 „Sie haben
1649 2769 2781 2833 derben und so fuhren wir ins Savoy. „Ich bin nicht
2812 2796 3090 2891 Anatol lachte.
1649 2815 2775 2879 hungrig,“ sagte Myrtle und bestellte nur Schinken für sich.
2904 2841 3200 2926 Ich habe bald
1658 2873 2692 2930 (Unwillkürlich mußte ich an Mimi denken — was
2815 2881 3200 2978 hier in den besten
1654 2916 2777 2970 immer beim Sacher zu bestellen pflegte!) Als jedoch der
2815 2957 3204 3026 wenn man sich wir
1651 2959 2781 3017 Champagner kam, nahm das unerfahrene Kind ihr Glas
1649 3003 2775 3059 und schüttete den Champagner über ihren Schinken. „Ver¬
2812 3005 3200 3075 ganz so grau, wie
1658 3055 2771 3117 suchen Sie es nur!" sagte sie, als sie mein erstauntes
2815 3055 3206 3119 daran, so merkt
1651 3098 2783 3156 Gesicht sah. Ich versuchte, und muß gestehen, es war
2821 3104 3199 3170 (Anatol sprach diese
1643 3146 2775 3212 deliziös. Zum Nachtisch bestellte Myrtle „Peach Melba“. —
2815 3150 3204 3214 unübersetzbares Wo¬
1643 3199 2773 3259 Sie kennen diesen Haschichtraum einer genialen kulinari¬
2806 3197 3200 3264 habe gefunden, daß
1651 3245 3206 3305 schen Imagination?" fragte Anatol seinen aufhorchenden lich auch der intelle¬
1610 3291 1902 3367 Interviewer.
2792 3297 3216 3380 Ballettänzerinnen un¬
