3296 4224
156 207 1096 328 4.9. Anatol - Zyklus
1272 204 1631 303 box 8/6
1841 1376 2140 1462 Telephon 12.801.
1284 1431 1899 1609 „OBSERVER
1071 1586 2153 1670 J. Peter behördl. konz. Unternehmen für Zeitungs-Ausschnitte
1254 1646 1969 1730 Wien, I., Concordiaplatz 4.
1473 1696 1747 1777 Vertretungen
1075 1748 2139 1825 in Berlin, Basel, Budapest, Chicago, Cleveland, Christiania,
1080 1800 2137 1863 Genf, Kopenhagen, London, Madrid, Mailand, Minneapolis,
1079 1837 2135 1921 New-York, Paris, Rom, San Francisco, Stockholm St. Peters¬
1466 1879 1750 1939 burg, Toronto.
1395 1900 1824 1987 Menge des die
1065 1966 1416 2066 Ausschnitt aus:
1388 2032 1952 2151 inner Zeitung
1072 2098 1508 2164 vom 22 12. 1910
1100 2257 1993 2355 Kunst, Wissenschaft und Literatur.
1132 2343 2082 2402 Brünn, 19. Dezember. (Stadttheater.)
1174 2386 2082 2438 erstenmal: „Anatol." Die fünf Einakter
1575 2425 2079 2499 welche die Titel: „Die
1040 2428 1384 2502 von Artur Sch
1061 2472 1153 2527 a
1209 2441 2081 2527 an das Schif, „Weihnachtseinkäufe",
1037 2516 2082 2564 „schiedssouper, „Episode" und „Anatols Hoch¬
1049 2557 2090 2615 zeitsmorgen führen, kamen Samstag vor einem
1042 2599 2086 2654 vollbesetzten Hause zur Aufführung. Die graziöse,
1037 2647 2082 2697 leichte Sprache, die glänzenden Apercus verschaff¬
1057 2687 2093 2734 ten den Stücken einen durchschlagenden Erfolg.
1045 2725 2093 2788 Freilich muß man auch gleich erwähnen, daß die
1042 2773 2090 2829 Aufführung eine vorzügliche war, daß der Dichter
1042 2818 2079 2876 nicht überall und nicht immer so treffliche Inter¬
1042 2862 2098 2913 preten finden dürfte. Herr Kramer löste seine
1042 2901 2091 2951 Aufgabe (Anatol) in geradezu unübertrefflicher
1042 2951 2086 3002 Weise; seine Partnerin, Frau Glockner-Kra¬
1042 2986 2090 3038 mer, der die Darstellung von fünf verschiedenen
1052 3034 2086 3091 Frauentypen zugefallen war, stand ihn ebenbürtig
1042 3076 2086 3134 zur Seite und Herr Lackner endlich vervollstän¬
1042 3120 2079 3169 digte mit seinem prächtig gegebenen „Max" in be¬
1052 3161 2093 3240 ster Weise das Bühnenbild. Es gab rauschenden
1037 3206 1180 3267 Beifall
