3344 4256
618 107 1325 177 one had given other invita¬
613 157 1334 198 tion performances earlier in the week
616 185 1331 220 to friends in the social circle who pre¬
610 213 1335 261 ferred not to mingle with the hoi pollo.
613 248 1331 292 inasmuch as Mr. Ames regularly invites
618 284 1331 325 lis audience to step downstairs during
612 318 1331 368 intermissions and partake informally of
610 355 1331 398 coffee, the reason for sorting out and
608 376 1277 421 classifying the audiences is obvious.
649 398 1331 456 Otherwise, there might take place the
613 448 1331 487 gaucherie of Glenmore (Stuffy") Davis
608 484 1328 524 asking Alfred wynne Vanderbilt to
608 510 1334 550 pass the sugar, or of H. H. Frazee sa-
606 552 1273 593 ing to Mr. Astor, Lady can't I
610 578 1272 624 a little of this cream into your cup
647 612 1327 656 The arrangement, therefore, was most
608 631 1328 689 ideal, and at every performance thus
606 684 1322 729 for each set has enjoyed itself huely,
608 708 1328 756 since everybody present has been on
608 747 1332 787 calling terms with bis neighbor. The
608 778 1325 817 scheme really is an improvement over
608 808 1325 855 George C. Tyler's plan to assemble one
606 846 1319 904 exclusively highrow audience for a per¬
608 871 1128 916 formance of The New Sin.
655 884 1307 952 for the performance of Anatol.
616 924 1307 985 it was exactly what those familiar wit
628 972 1310 1019 he Arthur Schnitzler sketches mus
613 1005 892 1045 have expected.
947 1009 1313 1057 Avowedly episodie
653 1036 1310 1085 Affairs of Anatole teils in fi¬
612 1065 1313 1123 nes of as many love affairs of the
710 1109 1179 1148 volatile Viennese bachelo
612 1135 1095 1190 objects of his fickle affect
615 1167 699 1214 wide
814 1172 920 1217 in
1114 1175 1277 1225 little
619 1202 728 1242 das
810 1200 918 1246 un
965 1206 1301 1259 puslike coquette
615 1232 974 1285 Another Bau-
1117 1246 1242 1285 mer¬
756 1265 1007 1314 third
1109 1276 1235 1322 ne
712 1302 790 1341 not
867 1296 1213 1348 Gabrielle
753 1331 902 1377 wo
767 1364 907 1408 Anatol.
948 1364 1044 1414 The
660 1389 940 1451 le
774 1465 882 1524 nen
774 1759 872 1805 la
709 1889 830 1937 und
746 2019 854 2064 seems
703 2050 929 2099 and plays of
752 2086 901 2138 la
847 2155 926 2193 n
704 2184 901 2230 and not
653 2218 999 2267 ich constitute its
625 2249 1027 2298 The sketches contain
606 2269 976 2325 psychological insight
658 2316 741 2360 lot
859 2317 1002 2371 masculi
1044 2323 1128 2362 and
619 2348 1160 2394 felicius op¬
616 2387 1296 2430 in
608 2417 1206 2466 dialogue will be best enjoyed by
608 2453 1283 2491 de
602 2480 1283 2524 non observed the types depicte
602 2517 1265 2554 ven of pleasantry runs through
596 2548 1298 2587 sketches and the five scenes ripple with
598 2580 1300 2633 mart allusions to the relationship of
596 2611 771 2659 the sexes,
634 2627 1294 2692 Mr. Ames has produced Anatole
596 2678 1298 2717 quisit. Each of the different scene
596 2711 1287 2753 is a marvel of good taste and detail. Th.
592 2749 1294 2785 players also have been chosen with
590 2780 1295 2818 discreet knowledge of their fitness to
588 2818 1298 2857 the roles assigned, and it is due to Mr
590 2842 1302 2892 Ames to record that he has established
598 2877 1307 2935 self as one of our most paistaking
580 2911 952 2964 dramatic producers,
722 2946 1181 3027 Barrytore and York.
623 3013 1307 3067 John Barry more was the Anatol with
584 3060 1298 3108 a une repression of the Barrymore fip
584 3101 1301 3147 nacy, sincerity which he gave to
584 3138 1301 3178 Anatol in each of the love affairs was
590 3175 1302 3219 the very spirit of the sketches. Oswald
590 3202 1298 3264 Yorke made an excellent foil for him as
586 3237 1017 3285 the more cynical friend.
625 3268 1304 3314 would be, indeed, difficult to dis¬
584 3295 1301 3340 tribute the honor justly among the lead¬
579 3332 1300 3377 ing women. Each suited her rose with
580 3370 1295 3409 distinction. Miss Clark was winsome
590 3403 1298 3443 cunning and eure as little Hilda Ga¬
586 3431 1301 3482 Kane was a handsomme picture as the
578 3468 1298 3507 circus lady. Doris, Kane never acted so
583 3500 1304 3546 well in her career, as in her portraya
578 3534 1319 3577 of the opera singer who is about to leave¬
584 3574 1298 3611 Anatol for a poor musician in the or¬
574 3604 1301 3639 chestra, and who, therefore, is intent on
580 3629 1302 3676 drinking all the champagne possible at
584 3664 1295 3704 her last supper with Anatol. Katherine
580 3696 1295 3745 Emmet played Gabrielle, the married
584 3735 1304 3773 woman, with a depth of feeling and a
573 3774 1300 3807 fine sense of pathos, and Isabell Lee
580 3801 1307 3843 gave a realistic exhibition of hysteries
584 3832 1293 3870 when Lena discovers that Anatol is to
583 3858 964 3913 leave her for a bride.
619 3888 1381 3936 The production of The Affairs of
566 3930 1233 3988 Anatole is worthy in ever, respect.
1694 206 2652 293 4.9. Anatol - Zyklus
2814 205 3166 286 box 9/1
