3344 4224
196 126 716 211 4.9. Anatol
1308 128 1666 227 box 9/5
615 824 1445 918 geben, damit sie dort Geld sparen und ....
1493 866 2298 935 meinen nicht sehr bemerkbare Freiheit Sr.
621 908 1441 977 Gatten und die Kinder nachkommen lassen
2361 901 2591 979 tauschen."
1495 929 2325 979 Bela Kun geschenkt worden war, hätten ihm
2626 885 3174 1005 Bauernkomödie von Eugen
621 954 741 1011 kann.
2359 950 2751 1022 Wrany-Raahen.
1483 963 2317 1015 nach überallhin die tiefste Dankbarkeit bewahrt:
1487 1051 2317 1116 noch in den letzten Achtzigerjahren. Das war
2351 1059 3183 1110 Lokomotiven, Maschinen un chirurgische In¬
1487 1095 2317 1173 eine Zeit frei vom Gewicht sozialer Probleme,
2359 1108 3170 1163 strumente produziert, es hat Beiträge auf
792 979 1300 1198 Feuilleton.
1489 1154 2308 1215 eine Zeit, in der junge, charmante Müßig¬
2359 1148 3170 1217 allen Gebieten der Wissenschaft geleistet, die
1487 1205 2311 1262 gänger blühen und sprießen konnten. Das
2353 1203 3174 1260 die Welt nicht von uns, sondern nur von
834 1194 1245 1312 Wiener Film.
1489 1241 2315 1310 war damals, als das leichtbeschwingte, toner¬
2355 1255 3170 1310 unseren deutschen Nachbarn erwartet hätte.
699 1268 1445 1346 Man wird irre und unsicher. Weiß schließ¬
2365 1302 3170 1356 Immer hat das Ausland, besonders Nord¬
1493 1289 2298 1359 füllte, graziöse Wien der phantastischen Vor
592 1312 1443 1409 lich gar nicht mehr, ob sich ringsumher wirk¬
2359 1352 3170 1405 deutschland, uns „amusant" gefunden und es
1495 1344 2311 1407 stellung des Auslandes fast bis zur Realität
623 1392 1445 1445 lich alles so grauenhaft verändert hat oder
1493 1401 2313 1451 nahe kam. Das Wesen des Wieners war das
2361 1399 3176 1453 wurde eine förmliche Manie der fremden
621 1432 1445 1495 man es nur selbst ist, der im Chaos der
1493 1443 2315 1502 eines sonnigen Sonntages im Frühling. Die
2361 1449 3176 1506 Zeitungskorrespondenten, alles, was aus
621 1485 1443 1542 Zeiten zur Fratze seiner eigenen Person
1489 1500 2313 1569 Wiener sind das liebenswürdigste Volk, wenn
2359 1489 3178 1554 Wien kam, scherzhaft zu behandeln. Bis wir
621 1527 1443 1590 wurde und ungeheuerliche Metamorphosen
1487 1540 2308 1597 die Sonne lächelt. Sie haben ein wahres
2359 1544 3174 1605 selbst so empfanden und kein eingeborenes
626 1582 1445 1639 durchmachen mußte. Sieht man die lachende,
1487 1590 2317 1653 Talent für Lachen, für Melodie, für Kunst,
2355 1594 3176 1645 Talent im Vaterland als Prophet gelten
626 1641 1445 1693 scherzende, singende, übermütige Jugend um
2361 1643 3187 1693 konnte. Und doch lebt ungeheuer viel Talent
1495 1641 2317 1698 für die Grazie des Lebens. Wenn die Sonne
630 1674 1460 1744 sich her aus einiger Entfernung, so möchte
1502 1685 1811 1759 scheint —
2353 1689 3174 1752 in uns und bei uns. Aber es kommt hier erst
623 1733 1439 1792 man glauben, daß sie so ist, wie wir es in den
2359 1746 3178 1805 zur Geltung, wenn es vom Ausland aner¬
1565 1736 2319 1801 Schnitzler kam dann auf die nervösen,
623 1780 1443 1839 ganz jungen Jahren waren. Tritt man aber
2359 1792 3180 1854 kannt wurde. Gustav Mahler mußte das er¬
1487 1792 2311 1856 unruhigen, schon von fernem Pulverdampf
630 1832 1443 1885 näher, so erkennt man oder glaubt zu erken¬
2359 1835 3183 1896 leben und hundert andere neben ihm. Sehen
1504 1839 2317 1915 erfüllten Zeiten vor dem Krieg zu sprechen
630 1879 1445 1929 nen, daß das ganz andere Jugend, anderes
2365 1885 2683 1957 Sie nur dies an."
1495 1891 1952 1957 und auf den Krieg selbst.
623 1925 1445 1984 Menschentum, vielleicht nicht schlechteres aber
1565 1919 2317 1999 „Das Jugendliche Wien. Anatols war
2439 1908 3176 2005 Schnitzler zeigte dem amerikanischen
636 1969 1445 2035 sicher weniger liebliches ist. Immer wieder
1493 1974 2315 2062 bald wie ein Traum versunken. Vielleicht sehe
2361 1980 3176 2039 Journalisten eine Kohlenzeichnung, die auf
630 2024 1453 2081 auch muß man das Mädchen von heute mit
1495 2033 2315 2108 ich die Dinge so verändert, weil ich selbst
2365 2035 3185 2098 seinem Schreibtisch lag. Ein junges, nacktes
621 2073 1451 2127 dem süßen Mädel von ehedem, den ungen
1502 2092 3189 2140 älter geworden bin. Aber ich glaube, daß die Weib, das eben aus dem Schlummer erwacht.
630 2127 1449 2174 Herrn, wie zu vor zehn Jahren war, mit dem
1498 2132 2317 2188 heutige Zeit ganz anders ist als die Anatols.
2361 2136 3187 2186 Der Journalist hatte das Empfinden, nie
630 2165 1449 2222 Wiener Jüngling von heute vergleichen. Und
1495 2182 2317 2233 Sie ist im Feuer geschweißt und auf dem
2367 2182 3180 2262 Vollendeteres gesehen zu haben. Das Bild
623 2212 1447 2281 kommt zur Resultat, daß das süße Mädel
1493 2222 2317 2285 Ambos des sozialen Lebens gehämmert wor¬
2374 2235 3105 2296 schien zu leben, zu atmen, sich zu recken.
623 2260 1403 2332 und ihr Mannes Anatol nicht mehr sind
1495 2271 2315 2334 den. Es ist nicht nur der nationale Krieg, den
2429 2262 3170 2346 „Dies ist, rief Schnitzler begeister aus
630 2313 1451 2382 gestorben verdorben, auf dem Schlachtfeld
1498 2321 2317 2391 ich meine. Auch der Krieg zwischen Klerikalis¬
2365 2311 3185 2393 „das Werk eines jungen Künstlers ersten
632 2359 1415 2431 oder dem Natutenmarkt des Hinterlandes
1495 2367 2325 2424 mus und Liberalismus, Kapitalismus und
2365 2376 3176 2439 Ranges. Aber Wien hat ihm noch keine Auf¬
703 2407 1460 2469 Nun liegt eine Bestätigung dieser trauri¬
1502 2422 2323 2481 Sozialismus, Militarismus und Pazifismus
2361 2424 3180 2485 merksamkeit geschenkt und wird dies wahr¬
632 2456 1458 2523 gen oder auch nur selbstverständlichen Tat¬
1504 2471 2315 2536 tobt noch, und das Schlachtfeld liegt im Herzen
2367 2477 3180 2561 scheinlich auch erst auf dem Umwege über das
632 2511 1453 2565 sache vor. Arin Schnitzler, der Vater, besser
1493 2515 2319 2595 und in der Seele, in der Familie und in
2359 2523 2620 2595 Ausland un
632 2557 1455 2633 sagt der Kinder den süßen Mädel
1498 2572 2319 2631 jungen Mann selbst. Bittere Konflikte im
2439 2536 3185 2635 Wieder kam das Gespräch auf den Krieg
642 2608 1458 2669 und Anatols, des jungen Wiener Herrn, hat
1502 2620 2321 2671 eigenen Heim, in der Werkstatt, im Freundes¬
2361 2620 3077 2671 und Schnitzler schilderte mit leiser,
626 2664 2319 2728 in einem Interview dem amerikanischen kreis, überall dort, wo früher das Leben nur
2365 2664 3105 2730 flüsternder Stimme, was Wien gelitten,
636 2707 1458 2774 Hourten Joseph Gollomb klipp und klar
1495 2707 2317 2776 von seiner spielerischen Seite gesehen wurde.
2361 2723 3187 2778 dem Tag, an dem Franz Ferdinand ermordet
638 2751 1451 2814 gesagte Anatol ist nicht mehr! Und wenn
1575 2757 2325 2829 In großen Zügen entwarf Schnitzler
2359 2766 3088 2829 und das Land unbewußt fast in diese
638 2797 1460 2862 Anato nich mehr ist, so kann auch das Mäd¬
1498 2774 2319 2869 ein Bild der Entwicklung Wiens, mit hinge¬
2370 2816 3183 2877 setzliche Blutmeer geschleudert wurde. Und
638 2858 2323 2915 chen, das immer und ewig Ergänzung und worfenen geistvollen Worten leuchtete er in
2359 2865 3178 2949 kam auf die Zeit nach dem Kriege zu sprechen,
647 2905 1460 2961 Negativ des Mannes bleiben wird, nicht mehr
1498 2898 2317 2972 die tiefsten Herzenswinkel, in die unentwier-
2365 2923 3092 2989 mit ihrer Not, ihrem Schlemmertum,
642 2949 1032 3033 das füße Mädel sein,
1493 2953 2056 3029 barsten Probleme dieser Stadt.
2361 2966 3056 3022 Verdrängung des wirklichen Wiens
718 2980 1458 3079 „Das Wien des Anatol", sagte Schnitz¬
1573 2978 2334 3067 In Wien sind die Walzer von Strauß
2367 3016 3067 3077 Schieber und Händler, die in na¬
638 3048 1460 3124 ler dem amerikanischen Journalisten, „lebte
1504 3031 2317 3130 entstanden, aber Wien hat auch Stahl und
2367 3067 3046 3132 üppigkeit in den Tag hinein leben
