3344 4256
271 140 1008 198 value of his plays constat rather in
266 186 1004 233 quality of the characterization and the
266 222 1002 273 speech, than in the illustrative incident. As
266 258 996 312 for Affairs of Anatol. it is not dif¬
262 309 997 359 felt to understand how in its original
268 347 1004 411 shape, and with Viennes actors, experts in
262 380 988 441 the delicate art of skating over thin ice¬
267 423 1004 474 it may have appealed to the more fas¬
268 470 1005 527 tidious class of playgoers by its cynical
262 518 1007 568 humors and to the crowd by its grosser
267 549 1004 600 suggestions. Here it is revealed in muti¬
266 590 1008 644 lated shape, but there is not the slightest
268 636 1009 687 reason for complaint on that score. It was
268 674 999 725 thought best to omit two of the seven epi¬
266 714 1002 761 sodes, and to paraphrase instead of trans¬
264 759 1012 803 late. Doubtless, discretion in both respects
271 801 1021 850 was amply justified, but the fact remains
268 841 1014 889 that whatever brillancy may have existed
268 874 1009 936 in the original German, is very badly
273 914 1015 970 faded in the Englishalthough there are
274 953 1014 1017 vivid flashes of its occasionally while the
274 1013 1022 1060 surviving episodes contain very little in
280 1044 1018 1100 their details that is either amusing or
283 1084 1019 1136 shocking, but a great deal that is foolish,
280 1134 567 1190 stale, and futile.
309 1155 1030 1218 The idea that a production of this sort,
286 1212 1021 1258 which, in spite of its pretentious affecta¬
280 1248 1020 1304 tion of literary, philosophie, or artistic pur¬
283 1285 1026 1351 port, is stale in incident and vulgar in
280 1333 1024 1385 spirit, is a sort of intellectual manifesta¬
289 1371 1020 1434 tion a step forward in the march of the¬
289 1410 1025 1474 atrical progressis melancholy in its ab¬
289 1447 1030 1521 surdity. The only advance of any kind
289 1504 1024 1550 which it marks is in the excellence of
285 1540 1031 1605 modern stage setting, upon which Mr. Ames
292 1580 1026 1645 may be heartily congratulated. His four
286 1621 1025 1686 ses are admirable in every way. Nothing
289 1667 1027 1726 better of this kind has been done even by
290 1710 1033 1763 David Belasco. But he has not been so
289 1762 1026 1803 happy in the selection of his players. Ana¬
295 1796 1033 1848 tol is a character requiring the finesse,
292 1835 1039 1897 the varied resource, and the authority of
295 1866 1038 1929 an accomplished comedian. His successes,
292 1912 1039 1968 as well as his failures, with the fair sex
292 1954 1026 2010 have to be accounted for Mr. John Bar¬
305 1992 1034 2049 rymore to whom the part was entrasted
301 2033 1045 2096 has none of these qualifications. His style
301 2087 1039 2148 is stiff and rigid, he has very little power
301 2119 1041 2169 of facial by-play, poor faculties of speech,
298 2169 1043 2215 and a manner that has as yet acquired no
298 2209 1040 2261 distinction. In five different situations, of¬
306 2239 1043 2296 fering opportunities for infinite variety of
303 2281 1039 2346 treatment, his performance was monot¬
307 2324 1045 2391 nous in speech and spirities in action.
307 2365 1050 2425 Oswald Yorke, as the older and experienced
305 2406 1054 2462 friend who laughed at his enthusiasme,
310 2448 1050 2505 chafted him on his disillusions, and succord
313 2492 1048 2552 him in his difficulties, exhibited a much
312 2542 1056 2598 clearer perception of and a much firmer
313 2577 745 2631 grip upon his character.
331 2586 1054 2683 It is not necessary to discuss the epi¬
310 2658 1058 2710 sodes individually. The most effective of
316 2695 1057 2754 them, perhaps, is the first in which Anatol
319 2749 1053 2806 discovers that a woman can lie when asleep
319 2779 1059 2838 as well as when awake. The fourth, which
319 2823 1057 2880 is the only one with a dach of respectable
319 2857 1059 2915 sentiment in it, was spolied utterly by Mr.
316 2906 1061 2968 Barrymore's stolidity and particulateness.
325 2950 1057 3008 The fifthis amusing in its farcical vio¬
322 2985 1063 3050 lence only, as in its implications it is
325 3021 1066 3089 abominable. It has been asserted that in
325 3080 1069 3127 combination Anatole experiences contain
322 3111 1066 3167 a philosophy and a moral. If so a search
322 3149 1066 3208 for either of them is not worth while. On
325 3198 1069 3249 the surface they are a cynical exhibition
328 3236 1072 3304 of the misadventures of an unprincipled
329 3279 1069 3339 young profligate, who prates about the
331 3325 1066 3379 romance of impulses and conduct which are
334 3366 1073 3417 wholly base. Mr. Ames could easily put his
331 3401 1070 3460 beautiful playhouse to much more worthy
331 3452 827 3516 and much more artistic use.
1584 206 2117 299 4.9. Anatol
2181 198 3052 293 Zyklus box 9/1
2309 699 2730 858 de Nor¬
2296 895 2956 996 ber 12
2332 1109 2874 1195 SELLS
2361 1227 3001 1341 LA HAS ATHENEE
2320 1390 2997 1470 The Affairs of Anatol, at Lit¬
2327 1464 2997 1555 te Theatre, Keenly Appreciated
2322 1540 2979 1631 and Enjoyed by First Audience.
2354 1677 2997 1737 fato, by the
2311 1725 3000 1771 Brilliant Vienna writer. Arthur Schnitz¬
2309 1757 2992 1813 ler, had its first New York perform¬
2313 1801 2990 1846 ance last night. This undeniably clever
2317 1829 2999 1882 werk, highly seasoned with Continen¬
2315 1871 2991 1914 tal paprika, reached the stage under
2307 1901 3000 1959 conditions best suited to its apprecla¬
2311 1939 3001 1995 tion. It was acted at the Litte The¬
2304 1982 2981 2032 are before an audience almost entirely
2313 2015 3001 2070 composed of people engaged in the ar¬
2311 2056 2990 2093 tiste professions, dilettante and no¬
2300 2094 2990 2138 phisticated persons whose tastes are
2301 2128 2986 2185 no longer ticked by the usual produc¬
2304 2162 2713 2216 tions of the play house.
2327 2186 2990 2251 Before an audience such as this a
2311 2241 2985 2289 work which in form, so daringly dire¬
2304 2269 2987 2330 gards the conventions of playyriting
2298 2311 2985 2360 and in substance so recklessly runs
2304 2350 2981 2402 counter to the narrower Anglo-saxon
2304 2378 3000 2431 sense of the proprieties could not cause
2304 2419 2978 2458 resentent even if the present toed¬
2301 2455 2985 2493 down version, by Granville Barker
2304 2490 2984 2532 actually encountered the risk. So there
2304 2522 2988 2559 was every evidence that the play was
2303 2545 2987 2600 greatly liked, not less for its oddity of
2304 2590 2987 2637 them and form than for its humorous
2296 2629 2978 2666 sparkte and literary cleverness. But
2298 2652 2979 2702 the young feminine person who prides
2301 2682 2973 2728 herself on her innocence should beware.
2298 2722 2985 2783 The Affairs of Anatole are no affaire
2298 2748 2430 2801 of hers.
2314 2774 2978 2834 These affairs are fine amatory episodes
2298 2818 2981 2860 quite disconnected, of course in the
2291 2850 2979 2895 philandering escapades of a polite rake
2294 2891 2978 2932 who flutters in the gunshine and sips the
2288 2914 2978 2964 honey from every flower in his path. He
2289 2950 2981 2991 tarries not long. Each new flower drives
2286 2984 2973 3026 out the memories of the old and some
2289 3018 2979 3059 of the flowers have thorns! He is a
2286 3050 2981 3093 licentius Lothario, but so engaging is
2286 3080 2973 3122 he tu his to philosophy, as he calls
2292 3116 2975 3180 it, that he quite disarms all sterner
2283 3142 2660 3197 judgment in his case.
2320 3175 2972 3227 To go into the details of Anators
2280 3206 2971 3261 swiftly changing love episodes with
2283 3251 2973 3288 Hilda, with Bianca of the creus, with
2286 3282 2967 3326 Mimi of the ballet, with Gabriele of
2289 3318 2973 3351 more circumspect standards of con¬
2280 3354 2968 3389 duct and with Lona was she not of
2282 3378 2966 3441 the streets is not necessary now.
2280 3414 2967 3459 Another opportunity must be found
2283 3455 2961 3495 to describe how the gay deceiver,
2283 3490 2966 3527 whose passion for the sex bloweth
2286 3524 2962 3562 where it listeth, is himself deceived
2283 3555 2954 3597 by the one to whom he momentarily
2283 3587 2954 3627 bares his fickle heart. But the epi¬
2279 3621 2967 3676 sodes with one exception, in which
2279 3654 2954 3710 there is a vein of real sentiment, are
2283 3686 2961 3727 humorous and sprightly, cleverly con¬
2280 3722 2963 3761 trasted and pointedly significant of
2279 3751 2958 3794 what to the sophisticated is written
2280 3783 2597 3832 between the lines.
2298 3812 2954 3869 John Barrymores habitual debonnai¬
2279 3830 2954 3894 manner assumed to an extent at least,
2283 3886 2958 3922 the needed foreign gloss for the charac¬
2283 3920 2975 3967 ter of Anatol, which Schnitzler develop¬
2282 3950 2958 3996 only along the side of its amatory in¬
2274 3986 2951 4032 dulgences. His performance was excel¬
2274 4014 2955 4064 lent, but the play needs a lighter, more
2268 4060 2950 4099 delicate touch than he is able to give it,
2274 4087 2951 4132 Oswald York was the friend and con¬
2276 4122 2951 4165 fidant to whom, in his disengaged mo¬
