3436 4256
290 171 766 264 4.9. Anato
1410 181 1766 276 box 9/2
1029 178 1186 302 ku
647 357 1495 476 n
647 461 1317 556 A Troppau
842 632 1583 768 Aussiger Tagen, Aussig,
1165 739 1498 820 nannten Heren
1640 880 2587 972 tendelein übernommen, mit welcher sie anläß¬
1645 968 2582 1032 lich der stattgefundenen Wohltätigkeits=Vor¬
756 927 1591 1067 heater und Kunst.
1650 1018 2577 1087 stellung einen vollen künstlerischen Erfolg
775 1029 1614 1136 Aussiger Stadttheater. „Anatol¬
1645 1070 2584 1132 errang. Den wohltätigen Zwecken wurde von
758 1101 1619 1165 „Brüderlein fein. Am Sams¬
1645 1127 2582 1205 der Leitung die gesamte Brutto=Einnahme im
749 1155 1617 1232 hatten mehrere Mitglieder unserer Bühne,
1645 1182 2309 1272 Betrage von K 1548 abgeführt.
675 1201 1619 1274 kein vertraglich zugesichertes Benefiz
673 1260 1614 1329 haben, eine gemeinsame Benefizvorstellung
1709 1251 2587 1343 Wie frankiere ich richtige Soeben erschien im
682 1317 1621 1386 Sie haben mit der Auswahl der Stücke guten
1645 1327 2587 1407 Selbstverlage des Verfassers, k. k. Postkontrollor
675 1369 2587 1455 Geschmack bewiesen und dem voll besetzten Franz Hufer in Marienbad, die Frühjahrsausgabe
678 1419 2580 1512 Hause einen unterhaltsamen Abend bereitet. Der von demselben herausgegebenen sehr handlichen
680 1479 1619 1543 Schnitzlers Anato leitete den Abend ein
1643 1498 2584 1553 und ungemein übersichtlichen Zusammenstellung aller
680 1522 1617 1588 Die beiden Einakter des Zyklus „Abschieds¬
1643 1543 2582 1610 jetzt gültigen Post, Feldpost-, Telegraphen- und
687 1581 1619 1643 souper und „Anatols Hochzeitsmorgen
1650 1595 2587 1662 Fernsprechgebühren samt den neuen Skalagebühren,
680 1638 1617 1698 kamen unter der Spielleitung des Herrn
1643 1657 2572 1719 den unmittelbaren und festen Gebühren, den Gebüh
685 1688 1624 1745 Hofstädter sehr flott heraus. Für den leicht¬
1652 1707 2589 1781 ren von Lotteriegewinsten und Einlagezinsen samt
685 1738 2582 1816 lebigen Anatol war Herr Victora wie allen wissenswerten Erläuterungen. Der Tari
682 1795 1614 1852 geschaffen und seine beiden Partnerinnen, die
1652 1816 2589 1876 erscheint nunmehr zweimal jährlich im April-Mat
685 1847 1614 1912 Damen Kriß und Hiller bemühten sich
1650 1869 2594 1933 und Oktober=November) und kostet eine Ausgabe
685 1897 1621 1980 eifrig um die Ausschöpfung ihrer Roll¬
1643 1923 2594 1995 1 K, im Jahresbezüge (beide Ausgaben) 1 K 60 h
680 1947 1486 2018 len, was aber keiner restlos gelang.
1522 1957 1617 2021 Was
1652 1969 2589 2064 einschl. postfreier Zusendung. Zu beziehen durch bey
682 1992 1619 2085 erstere an Temperament zu viel hatte, sodaß
1652 2030 1828 2104 Verfasser.
675 2059 1624 2133 der rasche Redefluß manches, unverständlich
680 2118 1624 2180 machte, hätte letztere mehr vertragen. — Herr
680 2161 1617 2228 Serbouset fand sich mit der Blitzableiter
685 2221 1617 2280 figur des Freundes gut ab. Falls „Brü¬
680 2268 1619 2351 derleinfeindeß nahezu keinen Wunsch
675 2320 1619 2408 offen. Das altunge Paar hatte in Frl.
670 2382 1624 2439 Lambauer / und Herrn Teumann
685 2435 1614 2492 (Spielleitung (Teplitz) die besten Vertrete
685 2489 1617 2546 seit der ersten Aufführung in Aussig und auch
675 2542 1617 2603 Frl. Moser, die als Gertrud allzujugend
682 2594 1619 2656 lich ausfah, war eine zwar stimmzarte, aber
682 2646 1614 2706 sehr graziöse Jugend. Die volle Bühnen
675 2703 1612 2765 beleuchtung während ihres Liedes wirkte nich
678 2751 1629 2817 stimmungsvoll. Ein rosa Dämmerlicht wäre
682 2810 1619 2870 besser am Platze gewesen. Und wenn der
682 2860 1614 2929 Krieg noch lange dauern sollte, dann müssen
680 2910 1617 2979 wir eine Kuchenatrappe halen. Diesma
685 2965 1612 3027 gabs nur ein kleines Stück und keinen Kaffee
682 3024 1619 3091 zucker, da die Zuckerkarten erst ab 1. Mai Gel¬
682 3072 1614 3131 tung haben. Hätte man nicht den edlen Spen
685 3129 1617 3191 der der Langbrote für einige Benefizianten
682 3183 1624 3243 um Kuchenmehl angehen können? Blumen
675 3236 1619 3312 geschenke erhielten Frl. Hiller und Frl. Moser
685 3283 1248 3357 letztere besonders zahlreich.
749 3309 1619 3400 Der Beifall des Hauses war lebhaft. Er
682 3378 1619 3457 galt auch der musikalischen Führung durch
680 3447 1629 3509 Herrn Kapellmeister Hagn Haydu, der
687 3500 1629 3569 sich schon mit der Einleitungsmusik Beifall
682 3557 851 3638 errang.
1419 3554 1593 3623 ck.
761 3583 1638 3680 — Stadttheater in Aussig. (Aus der
673 3645 1631 3726 Theaterkanzlei.) Heute findet die
680 3707 1640 3785 Abschieds=Vorstellung statt. Zur Auffüh¬
680 3766 1636 3849 rung gelangt Gerhart Hauptmanns „Ver¬
685 3816 1633 3897 sunkene Glocke mit Hofschauspieler
675 3866 1638 3961 Alfred Gerasch in der Rolle des Meister
682 3923 1636 4001 Heinrich als Gast. Frau Edith
682 3989 1643 4068 Schwabacher=Walter hat wieder in
680 4032 1652 4134 lichen würdigster Weise die Rolle des Rau¬
