3436 4224
1409 175 1768 262 box 8/5
296 173 1230 294 4.9. Anatol - Zyklus
1699 816 2536 874 als zu lieben und küssen, was sich lieben und küsse¬
2573 782 2973 875 Diese beiden Helden
1698 843 2968 940 erscheinen in allen fünf — eigentlich sieben — nur die süßen Mädel
1698 893 1863 949 wechseln.
1777 940 2972 1004 Herrn Monnards Anatol war beinahe ein liebenswürdiger Mensch, einer,
1688 959 2978 1049 dessen Schwachheit eine Abart der Gutmütigkeit ist, einer dessen Leben
1698 1031 2968 1091 nicht viel, aber doch noch etwas Sinn hat, und der gewiß ein ganz guter
1701 1071 2972 1131 Stiefelputzer in New-York geworden wäre, wenn er nicht unglücklicherweise
1695 1103 2975 1169 von seinen Eltern zu viel Geld geerbt hätte. Mitleidig lächelt man ihm
1690 1165 2968 1226 zu, wenn man sieht, wie von Akt zu Akt sein anfangs lockiger Scheitel dünner
1691 1201 2967 1251 und dünner wird, wie er jedem der kleinen Mädchen einen Teil seines Haupt¬
1698 1237 2980 1303 schmuckes weihen muß, bis er schließlich auf der unendlichen Stirn nur noch
1687 1290 2972 1346 ein dürftiges Sträuchen Haar findet, das einsam schmachtend herunter
684 1288 1312 1385 „OBSERVER
1688 1320 2968 1393 zur rechten Augenbraue winkt. Und die fünf Mädel waren so frisch und
1691 1377 2976 1434 natürlich, wie — ach glücklich wer es nicht erfahren — sie im wirklichen Leben
480 1352 1542 1467 der dabei uns berechnen die Losung des
1698 1409 2973 1473 selbst dann nicht erscheinen, wenn sie ebenso gute Schauspielerinnen sind,
660 1417 1380 1507 Wien, I., Concordiaplatz 4.
1687 1462 2957 1526 wie die Damen des Lessing=Theaters. Aber die echten Coras, Ilonas,
869 1475 1153 1552 Vortretungen
1690 1497 2967 1564 Annies und Biankas sind meist recht talentlose Schauspielerinnen und
472 1495 1536 1605 in Berlin, Basel, Budapest, Clear, Darland, en
1687 1539 2962 1601 kränken recht oft durch ihre falsche Pose. Davon war im Lessing=Theater
475 1571 1537 1646 Genf, Kopenhagen, London, Madrid, Mailand, Minneapol,
1677 1590 2967 1645 nichts zu merken. Es waren drollige Kinder, die sich der melancholische Anatol
472 1593 1536 1706 New-York, Paris, Rom, San Francisco, Stockholm, St. Peters¬
1682 1627 2964 1698 zum Spiele ausgesucht hatte, die er belog und die ihn belogen. Und alle
866 1654 1147 1714 burg, Toronto.
1687 1677 2964 1732 hatten ihren Spaß daran, auf der Bühne die Leutchen gewiß nicht minder
793 1691 1224 1775 des
1682 1725 2960 1783 als die im Parkett. — Ungeschickt benahm sich nur der bedachtsame Freund
464 1746 830 1823 Ausschnitt aus:
1675 1754 2964 1818 Max. Der kam nicht aus einer lustigen eleganten Welt. Er sah in Emanuel
1679 1801 2956 1868 Reichers Physiognomie aus wie ein schwerhöriger kleiner Makler, der sich
546 1807 803 1907 912 1910
1677 1868 2962 1910 gern von einer reichen Kundschaft freihalten läßt. Aber Herr Reicher kann
463 1857 586 1928 vom
721 1834 1356 1982 Schlesische Leitung des
1683 1891 2959 1947 spielen wie er will, seine vielen Vettern und Freunde lassen ihn hier nicht
1677 1936 2957 1987 fallen. Jede Stadt hat ihre Lokalgrößen, über deren Ansehen der vorurteils¬
365 1940 920 2019 lichen sich gegen ge¬
1672 1977 2951 2043 lose Fremde sich verwundert. — Und auch seine Lokalerfolge. Dabei den
1677 2019 2957 2090 ich aber schon weniger an diesen Anatolzyklus, der sich wahrscheinlich jetzt auch
781 2022 1222 2127 Berliner Theater.
1672 2053 2951 2133 die größeren Provinzbühnen erobern wird, als an eine andere Ausgrabung,
1670 2109 2943 2159 über die man hier ein großes Geschrei erhoben. Wenn die gelesensten
386 2059 1638 2173 Ein arenabend im Lessing=Theater gilt noch immer hierorts
1670 2152 2956 2213 Tageszeitungen enthusiastisch für eine Aufführung eintreten, so wird dadurch
368 2123 1634 2229 für ein literarisches Ereignis, obwohl eine bedeutsame Uraufführung sei¬
1669 2188 2947 2250 nicht nur die Masse des hiesigen Publikums zum Besuch angetrieben, sondern
366 2197 1637 2268 Jahren nicht stattgefunden. Selbst zu solchen Zugstücken wie „Tantris der
1670 2231 2943 2289 in der Folge zieht das seine Kreise durchs ganze Reich. „Der Zer¬
366 2238 1635 2311 Narr“ oder „Wenn der junge Wein blüht, hat sich die Direktion Brahm
1677 2284 2946 2340 rissene" von Nestroy ist hier im Neuen Schauspielhaus mit solchem
352 2294 1634 2356 erst entschlossen, Nachdem sie anderwärts längst ihre Kraft erwiesen hatten.
1670 2329 2951 2385 großen Presse Erfolg in Szene gegangen. Zugegeben, daß diese Posse hier
361 2318 1638 2393 Auch seine bedeutendsten Schauspieler, Rittner und Bassermann, dat das
1670 2368 2947 2424 in Norddeutschland noch nicht in solch Wienerischem Zuschnitt gesehen worden
358 2368 1638 2437 Theater verloren, ohne dafür Ersatz zu finden, und der dritte, der
1670 2398 2946 2472 ist, — zugegeben, daß es kein schlechtes Stück Handwerksarbeit ist — ja,
355 2421 1640 2477 einst so treffliche Sauer, ist invalid geworden, und muß sich auf der
1670 2462 2951 2511 noch viellei kann man den Herren, die sich an Molière und Holberg erinnert
352 2446 1630 2527 Bühne mit einem stützenden Krückstock behelfen. — Bleiben die Damen:
1679 2498 2943 2565 fühlen, auch die Literarhistoriker zur Remedierung ihres Urteils über
361 2503 1635 2568 Frau Irene Triesch, die Gattin Frederik Lamonds, und Frau Else Lehmann,
1670 2548 2947 2597 Nestroy zum Besuch der Vorstellung auffordern, zugeben — aber nur dies
353 2538 1630 2617 zwei ausgeprägte Individualitäten, die eine zart und spirituel, voll Geist
1669 2596 2939 2650 nicht: daß ein gutes, sich selbst achtendes Publikum, wie es das Neue Schau¬
352 2584 1630 2658 und Empfindsamkeit wie die Rahel Varnhagen-Levin, die andere deutsch
1674 2625 2943 2687 spielhaus hat, nichts besseres tun könnte, als sich bei solchen alten, uralten
358 2631 1630 2707 und derb, die beste Kraft für Hauptmanns Dramen. Else Lehmann konnte
1674 2674 2941 2726 Clownerien zu langweilen. Es ist nicht jedermanns Meinung, daß schlechte
353 2678 1630 2743 unserem schlesischen Dichter noch mitunter hie einen Bühnenerfolg erringen
1662 2718 2939 2771 Witze besser werden mit dem Alter. Bei der ersten Wiederholung am Sonn¬
405 2734 1627 2787 z. B. mit der Rose Berndt — auch wenn sich nirgends sonst seine Dich¬
1669 2758 2939 2813 tag lief fast die Hälfte der Zuschauer nach dem dritten Bilde hinaus in der
355 2766 1626 2825 tungen dem Theater anpassen wollten. Übrigens ist die Hauptmann¬
1669 2803 2938 2858 Annahme, nun müsse die Sache zu Ende sein. Es kam aber noch ein ganzer
358 2809 1627 2875 première — stets das aufregendste Theaterspiel der Saison, wozu die Plätze
1659 2840 2936 2909 Akt. Die Unbehaglichkeit und Unzufriedenheit des Publikums findet sich
357 2848 1619 2917 trotz doppelter Preise Monate voraus vergeben sind — bis zum Januar ver¬
1664 2893 2941 2952 nirgends öffentlich vermerkt, und so kann die Direktion melden, daß infolge
358 2886 1629 2973 schoben worden. Es wird ein Berliner Stück, über das schon vor Jahren
1659 2931 2941 2994 des starken Erfolges von Nestroys Posse „Der Zerrissene der Spielplan
350 2943 1282 2997 Gerüchte umgingen, sein: Die Ratten heißt es.
1669 2968 2935 3055 zugunsten dieses Stückes abgeändert werden mußte". Und so siegt Nestroy
422 2976 1622 3042 Nächst Hauptmann gilt wohl, wenn das Gesamtschaffen bewertet wird,
1659 3010 2199 3089 heute wie ehedem über Hebbel.
2544 3017 2849 3100 ger
361 3012 1619 3089 Arthur Schnitzler für den bedeutendsten unserer Theaterdichter. Und auch
402 3074 1646 3134 certe moment hier in Berlin nur das Lessingtheater in Betracht.
365 3111 1627 3174 In Wien hat man kürzlich ein großes historisches Schauspiel von ihm auf¬
350 3156 1627 3221 geführt. Aber dieses — Der junge Medardus — mochte wohl
350 3201 1627 3267 Herrn Otto Brahm als ein zu kostspieliges Wagnis vorkommen. Es schildert
355 3238 1622 3309 die Wirren in Wien nach dem Tiroler Aufstand und bedarf eines ganz
349 3280 1626 3346 ungewöhnlich großen Schauspielapparates. Statt des jungen Medardus
347 3333 1624 3400 also wurde eine andere Sache hervorgesucht, vielleicht nur um den ungedul¬
347 3373 1624 3433 digen Dichter zu beruhigen: „Anato!" — sein Erstlingswerk! Ein
350 3415 1622 3490 Zyklus von Einaktern, die zum Teil schon oft gespielt worden sind, aber noch
345 3465 1622 3535 nie als ein Abend füllendes Stück im Zusammenhang gegeben, obwohl
353 3502 1622 3572 sie nun fast achtzehn Jahre alt sind. Man muß sich darüber wundern, denn
347 3547 1616 3614 der Erfolg dieses Anatolabends war unbestreitbar. Anatol und Max, das
350 3590 1613 3672 sind zwei weltweise Lebemänner, die nichts zu tun haben augenscheinlich
