3436 4256
653 139 1143 273 OBSEN
443 259 1500 340 1. österr. beh. konz. Unternehmen für Zeitungs¬
648 305 1298 368 Ausschnitte und Bibliographie.
612 362 1340 452 Wien, I., Concordiaplatz 4.
842 428 1117 496 Vertretungen
442 470 1512 532 in Berlin, Brüssel, Budapest, Chicago, Cleveland, Christiania,
448 517 1509 568 Genf, Kopenhagen, London, Madrid, Mailand, Minneapolis,
445 559 1500 620 New-York, Paris, Rom, San Francisco, Stockholm, St. Peters¬
842 599 1110 651 burg, Toronto.
794 644 1161 699 (Quellenangabe ohne Gewähr.
538 641 1466 803 Tagesbote aus Mähren und Schlesien
445 698 804 786 Ausschnitt aus
906 744 1093 834 Brünn.
617 834 807 897 -
624 777 1149 904 121 bendblatt
440 816 583 887 vom
614 885 1351 993 Wiener Schauspielbrief.
386 991 1255 1053 (Burgtheater: nochmals „Der junge Medardus.
1327 976 1544 1060 Volksthea.
388 1038 1322 1089 „Anatol. — Neue Wiener Bühne: „Lady Frederick
1364 1051 1566 1105 - Residenz¬
794 1083 1156 1138 bühne: „Ysbrand“.)
719 1125 1249 1205 Von Wilhelm v. Wymetal.
466 1185 1562 1261 Artur Schnitzlers dramatische Historie „Der junge
377 1247 1563 1315 Medardus“ ist der erste dauernde Erfolg geworden, den
373 1288 1565 1364 das Burgtheater seit jenem Tage, da Kainz auf Gastreisen
376 1333 1556 1397 ging, zu erringen vermochte. Für die zweite und dritte Vor¬
377 1393 1562 1462 stellung entwickelte sich in Wien eine beim Hofburgtheater
377 1441 1562 1511 schon lange nicht mehr übliche Agitage, und für Sitze, wie
376 1487 1559 1562 für Logen, wurde das Drei- und Vierfache des Preises an
374 1535 1559 1599 Wiederverkäufer bezahlt. Auch die weiteren Vorstellungen
368 1590 1566 1655 waren bisher so begehrt, daß noch jedesmal Kartenweber
371 1637 1553 1691 abgewiesen werden mußten. Die Hälfte der für das Jubi¬
370 1673 1553 1751 läum der fünfundzwanzigsten Aufführung nötigen Vorstel¬
365 1737 1553 1793 lungen ist erreicht, und man darf dem Burgtheater und dem
371 1787 1550 1837 Dichter aufrichtig Glück wünschen zu dem bedeutungsvollen
365 1827 1553 1902 Sieg. Inzwischen hat Artur Schnitzler, Arm in Arm mit
367 1878 1550 1956 dem Deutschen Volkstheater, einen zweiten, nicht weniger
371 1923 1547 1998 herzlichen Erfolg erlebt. Er hat nämlich den „Anatol“, den
371 1981 1547 2046 nun auch schon zwanzig Jahre alten Ursprung seines
364 2032 1553 2099 Ruhmes, wiederum hervorgesucht und ließ von den sieben
367 2071 1550 2150 Einaktern dieses anmut= und geistreichen Buches fünf am
365 2114 1554 2183 gleichen Tage in Wien am Volkstheater und in Berlin am
358 2182 1553 2233 Lessingtheater Otto Brahms aufführen. Die Auswahl, die
359 2230 1548 2288 Schnitzler getroffen hat, muß als sehr glücklich bezeichnet
362 2278 1541 2345 werden. Sie beginnt mit der „Frage an das Schick¬
362 2321 1544 2386 sal, die Anatol frei hat (indem es ihm offenstünde, seine
359 2366 1548 2432 hypnotisierte Geliebte Cora nach ihrer Treue oder ihrer
358 2424 1541 2493 Untreue zu fragen) und die er nach längerer Überlegung
361 2477 1544 2540 nicht stellt. Es folgen die wohl noch nie und nirgends in
359 2523 1536 2574 einem Theater gespielten „Weihnachtseinkäufe
352 2564 1542 2634 die Anatol zusammen mit der schönen Mondaine Frau
361 2625 1544 2673 Gabriele macht, der er von seinem süßen Mädel“ erzählt
353 2673 1535 2727 und die ihm zum Schluß des Dialogs zu verstehen gibt, wie
362 2716 1539 2776 gerne sie an die Stelle des süßen Mädels träte, wenn sie
353 2769 1536 2821 nur den Mut der Konventionswidrigkeit hätte. Als Mittel¬
352 2814 1541 2884 punkt des Anatolabends ergötzt die bekannteste und öftest
356 2860 1538 2919 gespielte Skizze, das drollige „Abschieds souper“ der
355 2911 1538 2974 zwei Liebesleute, die ein jedes für sich schon neue Liebes¬
358 2965 1541 3026 fäden gesponnen haben, dem Partner aber den vermeint¬
347 3011 1536 3065 lichen Schmerz des Abschiedes anzutun sich nicht entschließen
341 3064 1542 3125 können. Flüchtig huscht dann die „Episode“ vorüber, die
346 3124 1536 3173 Geschichte von Anatols Liebelei mit der Zirkusreiterin
344 3161 1536 3214 Bianka, die Anatol zertreten zu haben wähnt, während sie
344 3202 1527 3278 ihn zu seiner bitteren Enttäuschung bei einer Wiederbe¬
350 3259 1533 3314 gegnung nicht einmal mehr erkennt. Den amüsanten Ab¬
356 3309 1527 3362 schluß bildet „Anatols Hochzeitsmorgen" mit
341 3354 1524 3416 dem Wiederauftauchen einer sechs Wochen vor dem Hoch¬
341 3407 1524 3462 zeitstag taktvoll verlassenen Geliebten, die den tempera¬
341 3455 1524 3515 ment-drohenden Namen Ilona führt, mit der sich Anatol
344 3506 1530 3564 recht unheilig auf seinen Hochzeitstag vorbereitet und die,
344 3557 1527 3607 als sie die Wahrheit über Anatols bevorstehende Vermäh¬
334 3604 1527 3672 lung erfährt, nur mit Mühe davon abzuhalten ist, auch in
344 3649 1518 3717 die Kirche zu kommen und dort Skandal zu machen.
344 3699 1515 3756 Die Auswahl muß, wie schon bemerkt, als überaus ge¬
341 3748 1520 3813 lungen anerkannt werden. Die zwei weggelassenen Einakter
347 3802 1521 3859 sind die schwächsten und bühnenunwirksamsten des Zyklus.
343 3855 1515 3917 Einer davon, „Denksteine“, setzt den sehr unwahrschein¬
341 3896 1524 3959 lichen Fall, daß Anatol beabsichtigt, ein Mädchen, das nicht
343 3946 1526 4015 nen Armen die Liebe kennen gelernt hat, zu hei¬
337 3994 1536 4072 ten zwölfter Stunde kommt er von diesem Plan
1800 190 2764 314 4.9. Anatol - Zyklus
1725 922 2895 1012 ab, nicht, weil das Mädchen nach Vernichtung aller übrigen
1724 993 2899 1068 Erinnerungen einen Rubin, den es am Tage seiner Weib¬
1719 1039 2895 1116 werdung in einem Medaillon trug, aufbewahrt hat, son¬
1719 1095 2902 1162 dern weil sich die gute Emilie noch überdies aus ihrer
1728 1135 2898 1219 früheren Zeit her einen schwarzen Diamanten im Werte
1722 1192 2901 1265 von einer Viertelmillion aufgehoben hat; mit einem sehr
1725 1244 2901 1321 pathetisch herausgeschmetterten „Dirne" tritt Anatol hier
1752 1283 2898 1358 om Schauplatz ab. Dramatisch noch undenkbarer wäre die
1752 1333 2899 1405 Agonie", deren Dialog im Auf und Nieder wechselnder
1752 1384 2910 1456 stimmungen das Verglimmen einer Leidenschaft Anatols
1752 1430 2902 1505 zu einer verheirateten Frau wiedergibt. Das Deutsche
1749 1493 2907 1551 solkstheater hat in dem liebenswürdigen und geschmeidigen
1752 1541 2905 1605 Herrn Kramer einen ebenso unübertroffenen Vertreter
1743 1577 2911 1658 ür den ins Wienerische übersetzten Don Juan Anatol,
1740 1626 2908 1704 diesen Typus des leichtsinnigen Melancholikers, als den er
1746 1673 2907 1754 sich selbst deklariert, wie es in Herrn Lackner den rich¬
1740 1724 2911 1794 tigen Interpreten des Carlos Mephisto Max hat, der
1743 1775 2911 1857 Ebbe und Flut in Anatols Gefühlsleben mit seiner kühlen
1737 1830 2916 1896 Skepsis als freundschaftlicher Ratgeber begleitet. Von
1731 1867 2923 1944 Max geht ein Hauch kalter, gesunder Heiterkeit aus, sagt
1737 1921 2917 1986 Anatol. Und wenn Anatol nach seinem Geständnis vom
1743 1965 2914 2055 Doppelverhältnis, das ihn dazu zwinge, der zehn Uhr
1737 2017 2920 2094 abends im Vorstadtviertel Markersdorfer und nach zehn
1743 2067 2919 2143 Uhr beim Sacher Sekt zu trinken, tiefsinnig meditiert: „So
1748 2125 2922 2201 ist das Leben!“, so ist Max dazu da, sofort zu erwidern:
1743 2171 2922 2245 „Na ... entschuldige... das Leben ist nicht so," um
1737 2210 2923 2287 damit dem Publikum klarzulegen, daß sich Schnitzler mit
1752 2264 2922 2344 seinem Anatol, so lieb er ihn auch offenbar hat, doch nicht
1740 2309 2925 2386 völlig identifiziert. Für die von Anatol jeweils Erkorenen
1743 2357 2928 2439 besitzt das Volkstheater eine Frauengalerie voller Schönheit
1743 2408 2923 2487 und Anmut. Fräulein Hannemann war als Schneider¬
1743 2450 2926 2529 mädel Cora schlicht und natürlich, Fräulein Reinau als
1743 2505 2926 2576 Weltdame elegant und vornehm, Frau Glöckner als
1752 2567 2928 2640 Ballettratte frisch und ungezwungen, Fräulein Müller
1752 2609 2923 2682 als Zirkuskünstlerin graziös und biegsam, Frau Gala¬
1758 2649 2923 2731 fres brachte als Ilona die erforderliche, nicht unsympathische
1752 2703 2920 2776 Dreistigkeit auf; übrigens hätte dem Volkstheater auch
1751 2754 2925 2820 die Besetzung der denkstein-frohen Emilie (Fräulein Wal¬
1752 2800 2920 2869 dow) und der oberflächlichen Frau Else (Fräulein Mar¬
1752 2847 2929 2926 berg) keine Schwierigkeiten bereitet. Besonders hervorzu¬
1749 2896 2926 2977 heben ist diesmal Frau Glöckners Balletteuse Annie. Diese
1748 2941 2932 3022 Rolle verleitet leicht zu derber Drasti. „Einen Schwip¬
1755 2994 2931 3064 will ich kriegen. . . es ist so wie so der letzte," gesteht die
1755 3043 2931 3121 edle Seele. Aus diesen Worten und einigen Andeutungen
1755 3109 2934 3167 des Textes im Dialog haben die besten Darstellerinnen der
1764 3140 2925 3215 Annie, wie zum Exempel Frau Niese, stets die Berechti¬
1761 3194 2925 3274 gung genommen, eine regelrechte Berauschungsszene vorzu¬
1770 3241 2931 3320 führen. Frau Glöckner hat auf diesen Effekt verzichtet und
1761 3289 2937 3363 ihr Wiener Mädel resch und nüchtern bis zum burlesken
1761 3347 2937 3425 Abgang parlieren lassen; gleichwohl steht ihre Figur denen
1766 3392 2940 3479 ihrer Vorgängerinnen um nichts nach. Das Publikum,
1770 3443 2940 3516 unter dem sich, wie beim „Medardus, der Thronfolger mit
1776 3492 2940 3567 seiner Gemahlin befand, schlürfte die Feinheit des Schnitzler¬
1775 3534 2937 3616 schen Dialoges, der gar nicht veraltet ist, und sich mit franzö¬
1773 3585 2949 3667 sischen Vorbildern und Nebenbuhlern, wie Henri Monnier,
1772 3643 2946 3723 Gyp, Lavedan, Hervieux, Droz, Jeanne Marni, durchaus
1778 3691 2943 3763 messen kann, voll Behagen, und das Volkstheater wird vor¬
1791 3750 2940 3807 ussichtlich im alten „Anatol“ ein ebenso ergiebiges Zug¬
1809 3771 2956 3879 ick, wie das Burgtheater im jungen „Medardus haben.
2916 186 3271 283 box 8/4
