3248 4256
264 216 776 324 4.9. Anatol
151 1253 676 1472 AKTER
190 1529 270 1608 os
253 1628 679 1790 Wistrand
222 1796 335 1887 43
176 1867 338 1949 an 20
176 1997 685 2103 lid billigste priser.
176 2264 779 2336 refter behandledes en del av
176 2316 779 2372 kalandelningar väckt motio-
176 2367 773 2418 anledning av fragan om ord¬
170 2407 767 2461 et rekreationshem för hus¬
193 2452 773 2509 meddelades, att en medlem
173 2483 770 2543 ja Tamm-Hazelius i Vaxholm
179 2534 773 2591 går i Rättik till förfogan-
185 2583 767 2634 husmödrar kunne få inackor-
185 2622 779 2679 deviendra
176 2674 764 2722 ven de olika lokalavdelinger
176 2716 770 2784 it for bemelde huma¬
176 2747 307 2810 eller
179 2779 773 2850 gen fattade mötet det besluttet
179 2841 773 2898 H. R. skall hos vederbörande
179 2892 773 2949 eter anhalla om billigere jär-
179 2926 540 2983 ter för livsmedel.
190 2969 588 3046 fortsetter i morgen.
188 3111 756 3287 KHOLMS
210 3253 767 3395 NINGEN
185 3392 665 3489 kommer
173 3475 662 3577 Söndagen
170 3554 653 3642 den 20 Mai
173 3628 659 3699 INSTAGEN
176 3677 671 3779 bedragsbilager,
227 3745 582 3853 men cke
159 3819 645 3924 Mandagen den 21 Mai
170 3901 651 3981 ANDAPINGST)
881 216 1188 330 Zyklus
1381 216 1736 321 box 9/3
1156 617 2659 702 STOCKHOLMSTIDINGEN Fredagen den 18 Mai 1923.
1315 736 2108 835 Den mest populäre armadass er
2344 764 3037 850 På avbetaling
2344 841 3037 904 kann erhella alla moderne
1131 727 2284 932 SPRING MADRASSEN
1318 918 2105 977 Kan anvandas for alla ligg-och sittlaser,
2338 906 3026 1000 Dankläder
1321 972 2114 1023 automobildner, kojplatser fa båter m. m.
2370 983 3020 1048 AXEL JOHANSON,
1489 1003 1949 1085 Prialista gratie på legaran.
2367 1043 3020 1091 97 REGERINGSGATANO
2324 1088 2992 1165 -
1253 1063 2174 1154 Skand. Sängresarfabriken,
2344 1151 2958 1205 Bogar alltid coronasy da Horrats¬
1321 1145 2108 1222 Tel. 344. Karlstad. Tel. 344.
2344 1148 3052 1236 und
2336 1208 3049 1290 lige Landunt nos Corona,
2321 1284 3080 1367 vet ni, att det var mig om ligt få en
2318 1358 3063 1426 förläggare till den! Jag måste slutt
793 1293 1975 1489 Arthur Schnitzler,
2316 1404 3077 1458 ligen ge ut den på min egen bekost¬
2321 1449 3077 1503 nad. Och när jag en gång fick "Al¬
2313 1489 3083 1543 skog klar, sa var det, lika omöligt
2313 1540 3077 1580 att uppdriva en forläggare ensi
975 1460 2097 1625 Anatols forfattare,
2321 1574 3074 1651 Tyskland förrän den hade blivit upp¬
2321 1631 2645 1688 förd på scenen.
2367 1639 3088 1719 Förresten gjorde "Anatol" ingen
1122 1673 3080 1787 SOR aus Wien, nur den fort unter¬
2321 1753 3086 1807 des for en trettio ar sedan. Först
2318 1801 3077 1847 sedan en av enaktarna, "Anatols
2321 1847 3071 1892 bröllopsmorgen, vid en välgören
2321 1884 3077 1941 hetstillstäning genom ett litet miss-
855 1867 2245 1989 Österrikes berörde dramaturg om teater, film
2318 1929 3083 1989 de under spelets gang fått skrattar¬
2318 1975 3074 2029 na pä siin sida, var framgängen given.
1384 1958 1736 2057 och censur.
2318 2023 3083 2071 Och Schnitzler berättar vidare, huru
2318 2066 3077 2137 den bekanta serien enaktare fick sitt
2318 2114 3080 2165 namn. När han sammanförde dem
2321 2157 3074 2225 till ett helt och började tanka på at
847 2131 1460 2239 Ett samspräk om
1489 2128 2247 2245 författarskap, otur och
2318 2202 3083 2247 ge dem namnet Anatol, avradde han
2318 2245 3083 2293 härifrån av sina vänner. Det finna
1441 2219 1679 2313 rashat.
2316 2290 3080 2350 ju inte en människa i Wien som heter
2324 2327 3088 2384 Anatol, sade man och gav honom det
2318 2370 3083 2429 goda rådet att benämna ckeln Kin¬
838 2372 1554 2438 Österrikes i detta nu säkerligen
1605 2353 2290 2435 Men bakom Schnitzlers forfattar
2327 2415 3077 2489 nornas trohet eller nagot annat lika
790 2426 2307 2480 mest kände och uppskattede forfatta kap ligger ocks naget annat det
801 2472 1543 2532 re, Arthur Schnitzler, kom på tors
1566 2463 2816 2529 glittrande, sprudlande, goda och gla¬ sinnig och vickt.
796 2517 2299 2571 dagsmorgenen til Stockholm for at de Wien, keisarstaden med van och
2358 2492 3069 2583 — Men jag gav mig ei, sage för¬
798 2557 1543 2611 i den svenska huudstaden viden
2330 2554 3083 2605 fattaren, och tiden har give mig rätt.
1568 2566 2296 2628 standshögfärd, humor och älskogs
801 2594 1537 2651 upplysningsafton låta hora nigra
2333 2603 3083 2657 Det ligger något suggestivt i detta
1566 2605 2301 2657 lek, förtjänster och brister. Det à
798 2651 1543 2699 sina noveller och dramatiska arbeten.
2330 2642 3069 2696 namn, som på ett helt anant satt fram
1568 2645 2299 2705 icke bara gestalterna, som Schnitzler
801 2688 1546 2739 En så bemärkt resenär undgar icke
1571 2694 3080 2756 förstätt at blasa livi det rocks häver verket en någon vanlig inte¬
796 2736 2847 2790 sitt öden, d. v. s. pressens interviuare, i alla högsta grad miön. Vad un¬ gande titel skulle gr.
801 2779 2299 2836 och strax efter hans ankomst var der da, om han snart kommer in pe¬
2370 2767 3077 2844 Det ha antagligen de foretagsam¬
801 2824 1543 2892 ocks korsförhöret i full gang med
1571 2824 2304 2881 Wienförhallanden! Donau och Rin¬
2327 2833 3080 2887 ma amerikanare kommt under und
796 2867 1281 2932 den celebre författaren.
1568 2870 2290 2926 gen, das tote Viertel med rådhuse
2330 2881 3080 2949 med, som tagit sig fore att filma Ana¬
844 2912 2299 2969 På ett hörn av skrivbordet har vad man en gang happats och van
2324 2924 3080 2972 tol. Ty någon annan grund för det
790 2952 1543 3023 dramaturgen slagit signed. Det er
1568 2961 3077 3017 som blivit, med några hastiga me foretaget kan knappast takas, da
798 2995 1540 3057 icke langre den unge Anatol, 61 à
1568 3009 3086 3060 ningar har forfattaren blottat in Anatol ved sin fineslade ordi¬
796 3049 3080 3105 ha strött silver i et revördigt pa-samhörighet med och sin kärlek till konst är sa fjärran filmkamerans
796 3086 1546 3140 triarkskägg och även det svarta ha-
1568 3097 2307 3142 den stad, vars människor han på et
2330 3100 3088 3177 krav som något litterart verk kan
790 3134 2307 3191 ret har fått något med av vinterns bade älskärit och karhaande satt
2333 3148 2443 3219 vara.
796 3179 1540 3233 snö. Men professor Bernhardi, nej
1571 3185 2108 3242 dissekerat upp i sina verk.
2421 3168 3086 3270 Jag har ej sett filmen, omtalar
796 3222 1540 3270 förlt, dr Schnitzler er dock alltä
1671 3202 2296 3279 Det er dock så svart, fortsatte
2330 3242 3083 3296 dr Schnitzler, men man har sandt
796 3267 2299 3324 den unge spirituelle wienaren från der Schnitzler, ty jag har alltid af
2324 3287 3083 3356 mig några fotografier av scener ur
793 3313 2310 3364 anno dazumal, som vet att fra kon- a trampa not stand eller
2327 3327 3077 3381 densamma. Och vad fick jag val se?
796 3356 2304 3410 versationen i snabba cirklar med iro- ngon klass på tarna. När Leut¬
2330 3373 3080 3444 Masscener med ett sextiotal personer
790 3392 1369 3458 niens lätta krydda över sig
1568 3404 2304 3458 nat Gustl salunda kom ut, stötte ja
2330 3418 3080 3503 pa, amerikanska operettdivor och
901 3427 1540 3498 Det är icke genom problemen
1568 3446 2304 3495 mig med den österrikiska militären
2324 3466 2691 3537 mänder statister.
790 3483 1540 3540 ett dramtiskt verk skall intressere
1568 3483 2304 3546 och ett slags hedersdomstol samman¬
2367 3492 3069 3560 Det er nastan med en underton av
793 3537 1543 3594 utan genom typerna, gestalterna, för¬
1566 3537 2290 3588 tradde och resolverade, att den öster
2327 3546 3077 3606 indignation, som dr Schnitzler berät-
790 3580 2296 3625 klarar di Schnitzler och berätter, att rikiska armés ära var kränkt i dette
2324 3594 3077 3645 tar detta. Och det kan man så vil
790 3617 1540 3688 han sälyi sitt dramatiska föratar-
1563 3625 2290 3674 arbete. Men vad skall man väl gra
2327 3631 3080 3694 förstä, när man erinner sig den
790 3662 1540 3722 skap alltid sökt efterstva detta. Ja
1568 3668 2299 3716 Ty när all kommer omkring armar
2324 3685 2946 3745 schnitzlerska miniaturkosten.
796 3711 2313 3759 visst, Schnitzler är ja läkare och dock född till denna väriden för att
2421 3719 3077 3796 Kanske ni skulle vilja se filmen,
796 3753 1540 3802 mäste naturligvis som sådan särskilt
1585 3750 2296 3807 krank varen, andar der Schnitz
2324 3748 3077 3841 herr doktor, den har givits här i
798 3799 1537 3853 intressera sig för de levande varelser
1563 3802 2299 3850 ler med en spetsig vändning och
2324 3807 3069 3875 Stockholm och kanske filmbyrår
798 3844 1540 3890 na. Ett langt galleri sadana har han
1566 3847 3080 3935 lämmer fast monoken invaliden ist
793 3893 1540 3946 oksa skapat i sin diktning, män,
1600 3893 2296 3938 Se sa, nu er det den riktige Anatol
2327 3910 2628 3969 laboratorium.
796 3929 2307 3989 unga och gamla men kanske framst som för ordet! Nu mäste samtalet in
2429 3927 3182 4018 Ah, nej, bevare mig, utbrister Ber¬
798 3975 1534 4054 kvinnor. Eller skola vi säga kuin
1560 3981 2097 4040 på de berömda enaktarna.
2324 3983 3066 4046 forfattaren och slår ifrån sig med
781 4015 921 4069 nan?
1622 4000 2301 4072 — Ja, "Anatol", säger Schnitzler,
3097 4026 3211 4089 hel¬
2321 4032 3057 4094 bada händerna, har jagen gang kom
3094 4077 3211 4137 inter¬
2318 4083 3063 4154 mit til Stockholm, så vill jag sanner
3088 4125 3216 4182 despe¬
2321 4125 2946 4185 ligen inte se amerikansk film.
