<?xml version="1.0" encoding="UTF-8" standalone="yes"?>
<PcGts xmlns="http://schema.primaresearch.org/PAGE/gts/pagecontent/2013-07-15" xmlns:xsi="http://www.w3.org/2001/XMLSchema-instance" xsi:schemaLocation="http://schema.primaresearch.org/PAGE/gts/pagecontent/2013-07-15 http://schema.primaresearch.org/PAGE/gts/pagecontent/2013-07-15/pagecontent.xsd">
    <Metadata>
        <Creator>prov=READ-COOP:name=PyLaia@TranskribusPlatform:version=2.12.1:model_id=39995:lm=provided:date=29_03_2024_01:46</Creator>
        <Created>2019-10-07T11:49:55.268+02:00</Created>
        <LastChange>2024-03-29T01:46:55.482+01:00</LastChange>
        <TranskribusMetadata docId="223994" pageId="9504621" pageNr="139" tsid="156430191" status="IN_PROGRESS" userId="40391" imgUrl="https://files.transkribus.eu/Get?id=BNXRKPAXBLCRROGJTQJFRZRF&amp;fileType=view" xmlUrl="https://files.transkribus.eu/Get?id=MKYEUOULYCNMAJNMLSUMQCKX" imageId="6194835"/>
    </Metadata>
    <Page imageFilename="223994_0139.jpeg" imageWidth="3436" imageHeight="4256">
        <ReadingOrder>
            <OrderedGroup id="ro_1712662519290" caption="Regions reading order">
                <RegionRefIndexed index="0" regionRef="tr_1"/>
                <RegionRefIndexed index="1" regionRef="tr_2"/>
            </OrderedGroup>
        </ReadingOrder>
        <TextRegion orientation="0.0" id="tr_1" custom="readingOrder {index:0;}">
            <Coords points="301,105 301,264 832,264 832,105"/>
            <TextLine id="tr_1_tl_1" custom="readingOrder {index:0;}">
                <Coords points="289,215 430,244 477,227 568,248 830,246 830,141 600,141 531,178 430,143 369,166 289,135"/>
                <Baseline points="301,205 327,207 354,209 380,210 407,211 433,211 460,213 486,214 513,214 539,213 566,211 593,213 619,214 646,214 672,214 699,214 725,213 752,211 778,213 805,213 832,211"/>
                <TextEquiv>
                    <Unicode>4.9. Anatol</Unicode>
                </TextEquiv>
            </TextLine>
            <TextEquiv>
                <Unicode></Unicode>
            </TextEquiv>
        </TextRegion>
        <TextRegion orientation="0.0" id="tr_2" custom="readingOrder {index:1;}">
            <Coords points="940,196 940,3621 2578,3621 2578,196"/>
            <TextLine id="tr_2_tl_1" custom="readingOrder {index:0;}">
                <Coords points="1412,217 1461,238 1489,221 1565,246 1651,232 1727,246 1768,238 1766,156 1700,150 1682,168 1592,156 1543,178 1498,158 1410,164"/>
                <Baseline points="1423,217 1449,217 1476,218 1503,219 1530,220 1557,220 1584,222 1610,222 1637,221 1664,220 1691,220 1718,220 1745,219 1772,217"/>
                <TextEquiv>
                    <Unicode>box 8/5</Unicode>
                </TextEquiv>
            </TextLine>
            <TextLine id="tr_2_tl_2" custom="readingOrder {index:1;}">
                <Coords points="973,244 1037,252 1053,244 1213,246 1211,170 1158,176 1110,141 1090,160 1076,154 1049,172 1022,172 1004,158 971,160"/>
                <Baseline points="984,220 1009,220 1035,220 1061,222 1087,223 1113,223 1139,223 1165,223 1191,225 1217,226"/>
                <TextEquiv>
                    <Unicode>Zyklu-</Unicode>
                </TextEquiv>
            </TextLine>
            <TextLine id="tr_2_tl_3" custom="readingOrder {index:2;}">
                <Coords points="928,961 2575,975 2575,912 2348,889 928,908"/>
                <Baseline points="940,958 1021,955 1103,955 1185,952 1267,952 1349,949 1431,948 1513,949 1595,949 1677,949 1759,947 1840,946 1922,947 2004,948 2086,943 2168,946 2250,941 2332,943 2414,944 2496,946 2578,952"/>
                <TextEquiv>
                    <Unicode>23 Paul Oskar Höcker:</Unicode>
                </TextEquiv>
            </TextLine>
            <TextLine id="tr_2_tl_4" custom="readingOrder {index:3;}">
                <Coords points="1817,1028 2567,1033 2567,983 2532,975 2127,994 1817,971"/>
                <Baseline points="1829,1017 1866,1019 1903,1020 1940,1020 1977,1020 2014,1020 2051,1020 2089,1020 2126,1020 2163,1020 2200,1020 2237,1020 2274,1020 2311,1020 2349,1020 2386,1019 2423,1018 2460,1020 2497,1020 2534,1020 2572,1017"/>
                <TextEquiv>
                    <Unicode>hatten im Lessingtheater ungleich bessere</Unicode>
                </TextEquiv>
            </TextLine>
            <TextLine id="tr_2_tl_5" custom="readingOrder {index:4;}">
                <Coords points="1821,1074 2569,1074 2569,1037 2532,1028 1821,1033"/>
                <Baseline points="1832,1068 1869,1068 1906,1068 1943,1068 1980,1068 2017,1068 2054,1068 2092,1068 2129,1068 2166,1068 2203,1068 2240,1068 2277,1068 2314,1068 2352,1068 2389,1068 2426,1068 2463,1068 2500,1068 2537,1068 2575,1065"/>
                <TextEquiv>
                    <Unicode>Vertretung als Anatol. Die feinste Wir¬</Unicode>
                </TextEquiv>
            </TextLine>
            <TextLine id="tr_2_tl_6" custom="readingOrder {index:5;}">
                <Coords points="1827,1127 2567,1131 2567,1078 1827,1076"/>
                <Baseline points="1838,1113 1874,1115 1911,1118 1948,1120 1984,1121 2021,1119 2058,1116 2094,1118 2131,1119 2168,1118 2205,1116 2241,1116 2278,1116 2315,1116 2351,1116 2388,1116 2425,1116 2461,1119 2498,1119 2535,1117 2572,1113"/>
                <TextEquiv>
                    <Unicode>kung erzielte Lina Lossen, die drastischste</Unicode>
                </TextEquiv>
            </TextLine>
            <TextLine id="tr_2_tl_7" custom="readingOrder {index:6;}">
                <Coords points="1817,1174 2563,1182 2563,1137 2522,1129 1817,1127"/>
                <Baseline points="1829,1163 1866,1163 1903,1165 1940,1166 1977,1165 2014,1163 2051,1166 2088,1166 2125,1166 2162,1165 2199,1163 2236,1163 2273,1166 2310,1164 2347,1163 2384,1164 2421,1166 2458,1166 2495,1166 2532,1164 2569,1163"/>
                <TextEquiv>
                    <Unicode>Mathilde Sussin mit ihrer Annie im</Unicode>
                </TextEquiv>
            </TextLine>
            <TextLine id="tr_2_tl_8" custom="readingOrder {index:7;}">
                <Coords points="1823,1227 1901,1223 1930,1237 2016,1223 2047,1237 2059,1225 2170,1225 2170,1184 2073,1186 2016,1172 1932,1184 1866,1170 1823,1196"/>
                <Baseline points="1835,1217 1861,1214 1887,1214 1913,1214 1939,1214 1965,1214 1991,1214 2018,1214 2044,1214 2070,1214 2096,1213 2122,1212 2148,1209 2175,1205"/>
                <TextEquiv>
                    <Unicode>„Abschiedssouper</Unicode>
                </TextEquiv>
            </TextLine>
            <TextLine id="tr_2_tl_9" custom="readingOrder {index:8;}">
                <Coords points="2217,1225 2567,1225 2567,1178 2473,1188 2452,1174 2389,1178 2377,1168 2360,1184 2327,1174 2286,1184 2250,1170 2217,1178"/>
                <Baseline points="2229,1211 2255,1213 2281,1214 2308,1214 2334,1213 2360,1211 2387,1213 2413,1214 2440,1216 2466,1217 2492,1217 2519,1216 2545,1214 2572,1211"/>
                <TextEquiv>
                    <Unicode>Wenn die jungen</Unicode>
                </TextEquiv>
            </TextLine>
            <TextLine id="tr_2_tl_10" custom="readingOrder {index:9;}">
                <Coords points="1817,1278 2567,1280 2555,1225 1817,1227"/>
                <Baseline points="1829,1259 1866,1261 1903,1264 1940,1265 1977,1265 2014,1265 2051,1265 2089,1265 2126,1265 2163,1265 2200,1262 2237,1262 2274,1262 2311,1262 2349,1262 2386,1262 2423,1262 2460,1264 2497,1265 2534,1265 2572,1265"/>
                <TextEquiv>
                    <Unicode>Schauspielerinnen aber nur den Zug</Unicode>
                </TextEquiv>
            </TextLine>
            <TextLine id="tr_2_tl_11" custom="readingOrder {index:10;}">
                <Coords points="1817,1321 2567,1321 2567,1287 2534,1272 1817,1278"/>
                <Baseline points="1829,1310 1866,1310 1903,1310 1940,1311 1977,1313 2014,1313 2051,1313 2089,1313 2126,1313 2163,1316 2200,1312 2237,1310 2274,1310 2311,1310 2349,1310 2386,1313 2423,1311 2460,1311 2497,1312 2534,1310 2572,1307"/>
                <TextEquiv>
                    <Unicode>der Gefräßigkeit, den die Annie un¬</Unicode>
                </TextEquiv>
            </TextLine>
            <TextLine id="tr_2_tl_12" custom="readingOrder {index:11;}">
                <Coords points="1817,1373 2563,1373 2563,1319 1817,1321"/>
                <Baseline points="1829,1360 1865,1360 1902,1360 1939,1361 1976,1363 2013,1363 2050,1360 2086,1360 2123,1360 2160,1360 2197,1360 2234,1358 2271,1360 2308,1360 2344,1360 2381,1360 2418,1360 2455,1360 2492,1360 2529,1363 2566,1357"/>
                <TextEquiv>
                    <Unicode>bedingt haben darf und soll, ein biß¬</Unicode>
                </TextEquiv>
            </TextLine>
            <TextLine id="tr_2_tl_13" custom="readingOrder {index:12;}">
                <Coords points="2192,1418 2282,1416 2334,1430 2413,1412 2534,1430 2565,1420 2563,1371 2534,1383 2463,1364 2391,1383 2364,1369 2299,1369 2270,1383 2190,1373"/>
                <Baseline points="2202,1405 2228,1407 2254,1408 2280,1408 2306,1408 2333,1408 2359,1408 2385,1408 2411,1408 2437,1408 2464,1408 2490,1408 2516,1408 2542,1408 2569,1408"/>
                <TextEquiv>
                    <Unicode>Eine fesche Wiener</Unicode>
                </TextEquiv>
            </TextLine>
            <TextLine id="tr_2_tl_14" custom="readingOrder {index:13;}">
                <Coords points="1821,1420 2143,1424 2143,1383 2120,1373 2045,1381 1983,1369 1944,1385 1858,1369 1821,1377"/>
                <Baseline points="1832,1411 1858,1411 1884,1411 1911,1409 1937,1409 1963,1411 1990,1411 2016,1411 2042,1409 2069,1408 2095,1408 2121,1409 2148,1411"/>
                <TextEquiv>
                    <Unicode>chen milderten.</Unicode>
                </TextEquiv>
            </TextLine>
            <TextLine id="tr_2_tl_15" custom="readingOrder {index:14;}">
                <Coords points="1827,1471 2567,1465 2567,1422 2418,1412 1827,1420"/>
                <Baseline points="1838,1456 1874,1458 1911,1459 1948,1459 1984,1460 2021,1462 2058,1459 2094,1459 2131,1459 2168,1459 2205,1458 2241,1456 2278,1457 2315,1458 2351,1456 2388,1459 2425,1459 2461,1459 2498,1459 2535,1458 2572,1456"/>
                <TextEquiv>
                    <Unicode>Choristin schmiert sich die Schlagsahne</Unicode>
                </TextEquiv>
            </TextLine>
            <TextLine id="tr_2_tl_16" custom="readingOrder {index:15;}">
                <Coords points="1821,1512 2567,1514 2567,1465 2229,1465 2207,1485 1821,1465"/>
                <Baseline points="1832,1507 1869,1507 1906,1507 1943,1507 1980,1507 2017,1507 2054,1507 2091,1507 2128,1509 2165,1510 2202,1509 2239,1507 2276,1506 2313,1505 2350,1507 2387,1507 2424,1507 2461,1507 2498,1507 2535,1506 2572,1504"/>
                <TextEquiv>
                    <Unicode>nicht um die Nase. Im Gegenteil, die</Unicode>
                </TextEquiv>
            </TextLine>
            <TextLine id="tr_2_tl_17" custom="readingOrder {index:16;}">
                <Coords points="1817,1563 2567,1569 2567,1514 1817,1514"/>
                <Baseline points="1829,1554 1866,1555 1903,1557 1940,1557 1977,1557 2014,1557 2051,1556 2089,1554 2126,1554 2163,1554 2200,1552 2237,1553 2274,1554 2311,1554 2349,1554 2386,1554 2423,1556 2460,1556 2497,1554 2534,1554 2572,1551"/>
                <TextEquiv>
                    <Unicode>kann reizend essen. Wenn man sie ein</Unicode>
                </TextEquiv>
            </TextLine>
            <TextLine id="tr_2_tl_18" custom="readingOrder {index:17;}">
                <Coords points="1821,1612 2569,1612 2569,1569 1961,1580 1821,1559"/>
                <Baseline points="1832,1602 1869,1604 1906,1605 1943,1605 1980,1605 2017,1605 2054,1605 2092,1605 2129,1605 2166,1604 2203,1602 2240,1602 2277,1602 2314,1604 2352,1603 2389,1602 2426,1603 2463,1605 2500,1605 2537,1603 2575,1602"/>
                <TextEquiv>
                    <Unicode>Backhendl abknabbern sieht, kriegt man</Unicode>
                </TextEquiv>
            </TextLine>
            <TextLine id="tr_2_tl_19" custom="readingOrder {index:18;}">
                <Coords points="1823,1659 2569,1670 2569,1612 1823,1614"/>
                <Baseline points="1835,1653 1872,1655 1909,1654 1946,1653 1983,1653 2020,1653 2057,1653 2094,1653 2131,1653 2168,1653 2205,1653 2242,1653 2279,1653 2316,1653 2353,1653 2390,1653 2427,1653 2464,1653 2501,1653 2538,1653 2575,1653"/>
                <TextEquiv>
                    <Unicode>Appetit. (Auf das Backhend natürlich.)</Unicode>
                </TextEquiv>
            </TextLine>
            <TextLine id="tr_2_tl_20" custom="readingOrder {index:19;}">
                <Coords points="1823,1709 2569,1709 2569,1670 2538,1659 1823,1668"/>
                <Baseline points="1835,1698 1871,1700 1908,1701 1945,1701 1982,1701 2019,1701 2056,1701 2092,1701 2129,1701 2166,1701 2203,1701 2240,1701 2277,1701 2314,1701 2350,1701 2387,1701 2424,1701 2461,1701 2498,1701 2535,1701 2572,1698"/>
                <TextEquiv>
                    <Unicode>Ganz verfehlt war Irene Triesch in</Unicode>
                </TextEquiv>
            </TextLine>
            <TextLine id="tr_2_tl_21" custom="readingOrder {index:20;}">
                <Coords points="1821,1766 2555,1764 2569,1709 1955,1705 1922,1725 1875,1705 1821,1733"/>
                <Baseline points="1832,1754 1869,1753 1906,1751 1943,1748 1980,1750 2017,1751 2054,1751 2091,1751 2128,1751 2165,1748 2202,1748 2239,1748 2276,1749 2313,1750 2350,1748 2387,1748 2424,1748 2461,1748 2498,1748 2535,1747 2572,1745"/>
                <TextEquiv>
                    <Unicode>„Anatols Hochzeitsmorgen". Es man¬</Unicode>
                </TextEquiv>
            </TextLine>
            <TextLine id="tr_2_tl_22" custom="readingOrder {index:21;}">
                <Coords points="1827,1815 2567,1813 2569,1762 2545,1756 1830,1766"/>
                <Baseline points="1838,1802 1874,1799 1911,1799 1948,1799 1984,1799 2021,1799 2058,1799 2094,1799 2131,1799 2168,1799 2205,1799 2241,1797 2278,1797 2315,1799 2351,1799 2388,1796 2425,1796 2461,1798 2498,1799 2535,1798 2572,1796"/>
                <TextEquiv>
                    <Unicode>gelt ihr jede Leichtigkeit, jede Grazie</Unicode>
                </TextEquiv>
            </TextLine>
            <TextLine id="tr_2_tl_23" custom="readingOrder {index:22;}">
                <Coords points="1830,1864 2575,1850 2575,1807 1830,1813"/>
                <Baseline points="1841,1847 1877,1846 1914,1844 1951,1847 1988,1847 2025,1847 2062,1846 2098,1845 2135,1847 2172,1847 2209,1847 2246,1847 2283,1847 2320,1847 2356,1847 2393,1847 2430,1847 2467,1847 2504,1846 2541,1844 2578,1844"/>
                <TextEquiv>
                    <Unicode>fürs Lustspiel. Seltsam. Am Vortrags¬</Unicode>
                </TextEquiv>
            </TextLine>
            <TextLine id="tr_2_tl_24" custom="readingOrder {index:23;}">
                <Coords points="1817,1914 2567,1899 2567,1854 2250,1856 2202,1881 2112,1852 1817,1866"/>
                <Baseline points="1829,1895 1866,1896 1903,1898 1940,1898 1977,1898 2014,1896 2051,1895 2089,1895 2126,1895 2163,1895 2200,1895 2237,1895 2274,1895 2311,1895 2349,1895 2386,1895 2423,1895 2460,1895 2497,1895 2534,1894 2572,1889"/>
                <TextEquiv>
                    <Unicode>pult kann ihre edle, orientalische Schön¬</Unicode>
                </TextEquiv>
            </TextLine>
            <TextLine id="tr_2_tl_25" custom="readingOrder {index:24;}">
                <Coords points="1827,1961 2313,1942 2567,1967 2551,1903 2280,1926 2225,1901 1827,1911"/>
                <Baseline points="1838,1948 1874,1946 1911,1947 1948,1945 1984,1945 2021,1945 2058,1945 2094,1944 2131,1942 2168,1942 2205,1944 2241,1945 2278,1944 2315,1942 2351,1942 2388,1945 2425,1943 2461,1944 2498,1944 2535,1941 2572,1939"/>
                <TextEquiv>
                    <Unicode>heit geradezu berücken, wie wunder¬</Unicode>
                </TextEquiv>
            </TextLine>
            <TextLine id="tr_2_tl_26" custom="readingOrder {index:25;}">
                <Coords points="1827,2006 2567,1995 2538,1950 1827,1965"/>
                <Baseline points="1838,1993 1874,1993 1911,1993 1948,1993 1984,1993 2021,1993 2058,1993 2094,1993 2131,1993 2168,1993 2205,1993 2241,1993 2278,1993 2315,1993 2351,1993 2388,1993 2425,1993 2461,1993 2498,1993 2535,1992 2572,1987"/>
                <TextEquiv>
                    <Unicode>voll weiß ihre sinnliche Stimme zu mo¬</Unicode>
                </TextEquiv>
            </TextLine>
            <TextLine id="tr_2_tl_27" custom="readingOrder {index:26;}">
                <Coords points="1817,2049 2567,2059 2567,1998 2272,2000 2227,2022 2188,2002 1817,2008"/>
                <Baseline points="1829,2041 1866,2042 1903,2044 1940,2044 1977,2044 2014,2042 2051,2041 2089,2042 2126,2044 2163,2044 2200,2042 2237,2041 2274,2042 2311,2044 2349,2041 2386,2044 2423,2042 2460,2042 2497,2043 2534,2041 2572,2038"/>
                <TextEquiv>
                    <Unicode>dulieren, wie klug, wie durchgeistigt</Unicode>
                </TextEquiv>
            </TextLine>
            <TextLine id="tr_2_tl_28" custom="readingOrder {index:27;}">
                <Coords points="1817,2106 2563,2100 2563,2055 2528,2051 1817,2059"/>
                <Baseline points="1829,2089 1866,2091 1903,2092 1940,2092 1977,2092 2014,2092 2051,2092 2088,2092 2125,2092 2162,2092 2199,2092 2236,2092 2273,2092 2310,2092 2347,2092 2384,2092 2421,2092 2458,2092 2495,2092 2532,2090 2569,2089"/>
                <TextEquiv>
                    <Unicode>wirkt ihr Auge. Aber als Ilona ähnelte</Unicode>
                </TextEquiv>
            </TextLine>
            <TextLine id="tr_2_tl_29" custom="readingOrder {index:28;}">
                <Coords points="1823,2157 2569,2151 2569,2104 2542,2098 1823,2104"/>
                <Baseline points="1835,2142 1871,2139 1908,2139 1945,2139 1982,2139 2019,2141 2056,2142 2092,2142 2129,2142 2166,2139 2203,2139 2240,2139 2277,2139 2314,2138 2350,2136 2387,2141 2424,2140 2461,2141 2498,2141 2535,2139 2572,2139"/>
                <TextEquiv>
                    <Unicode>sie in Haltung, Aussehn, Sprechweise</Unicode>
                </TextEquiv>
            </TextLine>
            <TextLine id="tr_2_tl_30" custom="readingOrder {index:29;}">
                <Coords points="1819,2221 1877,2202 1944,2225 2567,2225 2569,2153 1821,2159"/>
                <Baseline points="1832,2190 1869,2190 1906,2190 1943,2190 1980,2190 2017,2190 2054,2190 2092,2190 2129,2190 2166,2190 2203,2190 2240,2190 2277,2190 2314,2190 2352,2190 2389,2190 2426,2190 2463,2190 2500,2189 2537,2187 2575,2187"/>
                <TextEquiv>
                    <Unicode>und Kostüm mehr einer unliebenswür¬</Unicode>
                </TextEquiv>
            </TextLine>
            <TextLine id="tr_2_tl_31" custom="readingOrder {index:30;}">
                <Coords points="1059,2315 1596,2321 1596,2291 1502,2270 1371,2288 1287,2266 1233,2286 1147,2270 1059,2282"/>
                <Baseline points="1071,2310 1097,2312 1124,2313 1150,2313 1177,2313 1203,2313 1230,2313 1256,2313 1283,2313 1309,2313 1336,2313 1363,2315 1389,2316 1416,2314 1442,2314 1469,2316 1495,2315 1522,2313 1548,2313 1575,2314 1602,2316"/>
                <TextEquiv>
                    <Unicode>Paul Wegener als König dipus</Unicode>
                </TextEquiv>
            </TextLine>
            <TextLine id="tr_2_tl_32" custom="readingOrder {index:31;}">
                <Coords points="975,2383 1096,2358 1151,2383 1379,2352 1448,2381 1487,2356 1684,2366 1682,2311 1088,2325 973,2297"/>
                <Baseline points="987,2339 1022,2339 1057,2341 1092,2342 1127,2342 1162,2342 1197,2342 1232,2342 1267,2342 1302,2342 1338,2342 1373,2342 1408,2343 1443,2345 1478,2345 1513,2345 1548,2343 1583,2342 1618,2342 1653,2342 1689,2342"/>
                <TextEquiv>
                    <Unicode>Photographie von Becker &amp; Maaß in Berlin</Unicode>
                </TextEquiv>
            </TextLine>
            <TextLine id="tr_2_tl_33" custom="readingOrder {index:32;}">
                <Coords points="928,2436 1678,2442 1678,2393 1623,2381 1367,2401 1174,2370 1112,2399 1012,2370 928,2381"/>
                <Baseline points="940,2426 977,2429 1014,2429 1051,2429 1088,2429 1125,2429 1162,2429 1200,2429 1237,2429 1274,2429 1311,2429 1348,2429 1385,2429 1422,2429 1460,2429 1497,2430 1534,2432 1571,2432 1608,2432 1645,2432 1683,2429"/>
                <TextEquiv>
                    <Unicode>männchen Anatol bei fünf verschie¬</Unicode>
                </TextEquiv>
            </TextLine>
            <TextLine id="tr_2_tl_34" custom="readingOrder {index:33;}">
                <Coords points="932,2483 1174,2506 1678,2495 1678,2444 1651,2440 932,2434"/>
                <Baseline points="943,2474 979,2476 1016,2477 1053,2478 1090,2479 1127,2477 1164,2480 1200,2480 1237,2480 1274,2480 1311,2480 1348,2480 1385,2480 1422,2480 1458,2478 1495,2478 1532,2480 1569,2480 1606,2480 1643,2480 1680,2477"/>
                <TextEquiv>
                    <Unicode>denen Begegnungen mit fünf verschie¬</Unicode>
                </TextEquiv>
            </TextLine>
            <TextLine id="tr_2_tl_35" custom="readingOrder {index:34;}">
                <Coords points="938,2536 1686,2538 1686,2493 1651,2487 1602,2506 938,2489"/>
                <Baseline points="949,2524 986,2527 1023,2527 1060,2527 1097,2527 1134,2527 1171,2527 1209,2527 1246,2527 1283,2527 1320,2528 1357,2529 1394,2524 1431,2526 1469,2529 1506,2530 1543,2530 1580,2530 1617,2530 1654,2530 1692,2533"/>
                <TextEquiv>
                    <Unicode>denen süßen Mädeln. (Es ist auch eine</Unicode>
                </TextEquiv>
            </TextLine>
            <TextLine id="tr_2_tl_36" custom="readingOrder {index:35;}">
                <Coords points="940,2594 1680,2586 1666,2536 940,2536"/>
                <Baseline points="952,2575 988,2575 1025,2575 1062,2575 1098,2576 1135,2578 1172,2578 1208,2578 1245,2578 1282,2578 1319,2578 1355,2578 1392,2578 1429,2578 1465,2578 1502,2578 1539,2578 1575,2578 1612,2578 1649,2578 1686,2581"/>
                <TextEquiv>
                    <Unicode>standesamtlich getraute Frau darunter.</Unicode>
                </TextEquiv>
            </TextLine>
            <TextLine id="tr_2_tl_37" custom="readingOrder {index:36;}">
                <Coords points="938,2633 1684,2645 1670,2586 938,2596"/>
                <Baseline points="949,2626 986,2623 1023,2623 1060,2624 1097,2625 1134,2623 1171,2623 1208,2625 1245,2626 1282,2626 1319,2626 1356,2626 1393,2626 1430,2626 1467,2626 1504,2626 1541,2626 1578,2626 1615,2626 1652,2626 1689,2629"/>
                <TextEquiv>
                    <Unicode>aber sie ist standesamtlich mit einem</Unicode>
                </TextEquiv>
            </TextLine>
            <TextLine id="tr_2_tl_38" custom="readingOrder {index:37;}">
                <Coords points="934,2684 1684,2696 1684,2645 1616,2637 934,2643"/>
                <Baseline points="946,2674 983,2674 1020,2674 1057,2674 1094,2674 1131,2674 1168,2674 1206,2676 1243,2677 1280,2676 1317,2674 1354,2674 1391,2674 1428,2676 1466,2677 1503,2677 1540,2676 1577,2674 1614,2677 1651,2677 1689,2677"/>
                <TextEquiv>
                    <Unicode>andern getraut.) Die verschiedenen</Unicode>
                </TextEquiv>
            </TextLine>
            <TextLine id="tr_2_tl_39" custom="readingOrder {index:38;}">
                <Coords points="944,2737 1680,2735 1680,2692 1629,2682 944,2684"/>
                <Baseline points="955,2724 991,2721 1028,2721 1064,2721 1101,2721 1137,2721 1174,2723 1210,2724 1247,2724 1283,2724 1320,2724 1357,2722 1393,2721 1430,2721 1466,2721 1503,2724 1539,2724 1576,2724 1612,2724 1649,2723 1686,2721"/>
                <TextEquiv>
                    <Unicode>süßen Mädel haben das eine gemein¬</Unicode>
                </TextEquiv>
            </TextLine>
            <TextLine id="tr_2_tl_40" custom="readingOrder {index:39;}">
                <Coords points="947,2784 1571,2780 1596,2799 1684,2778 1662,2733 947,2737"/>
                <Baseline points="958,2769 994,2771 1031,2772 1067,2772 1104,2772 1140,2772 1177,2772 1213,2772 1250,2772 1286,2772 1323,2772 1360,2772 1396,2772 1433,2772 1469,2771 1506,2770 1542,2772 1579,2775 1615,2775 1652,2773 1689,2772"/>
                <TextEquiv>
                    <Unicode>sam, daß sie Anatol an Witz, Menschen¬</Unicode>
                </TextEquiv>
            </TextLine>
            <TextLine id="tr_2_tl_41" custom="readingOrder {index:40;}">
                <Coords points="934,2825 1336,2848 1680,2827 1662,2784 934,2786"/>
                <Baseline points="946,2820 982,2820 1019,2820 1056,2820 1093,2820 1130,2820 1167,2820 1203,2818 1240,2819 1277,2820 1314,2821 1351,2823 1388,2820 1425,2820 1461,2822 1498,2822 1535,2820 1572,2820 1609,2822 1646,2821 1683,2820"/>
                <TextEquiv>
                    <Unicode>kenntnis und Verschlagenheit bei wei¬</Unicode>
                </TextEquiv>
            </TextLine>
            <TextLine id="tr_2_tl_42" custom="readingOrder {index:41;}">
                <Coords points="938,2878 1680,2891 1680,2829 1518,2819 1483,2848 1424,2825 1350,2858 1274,2827 938,2835"/>
                <Baseline points="949,2871 985,2869 1022,2868 1059,2868 1096,2868 1133,2868 1170,2868 1206,2868 1243,2870 1280,2871 1317,2871 1354,2871 1391,2868 1428,2870 1464,2871 1501,2871 1538,2871 1575,2871 1612,2871 1649,2871 1686,2874"/>
                <TextEquiv>
                    <Unicode>tem überlegen sind. In allen fünf</Unicode>
                </TextEquiv>
            </TextLine>
            <TextLine id="tr_2_tl_43" custom="readingOrder {index:42;}">
                <Coords points="934,2928 1680,2938 1680,2891 1649,2878 934,2881"/>
                <Baseline points="946,2915 983,2918 1020,2918 1057,2917 1094,2915 1131,2915 1168,2918 1205,2918 1242,2918 1279,2917 1316,2916 1353,2918 1390,2918 1427,2918 1464,2920 1501,2920 1538,2918 1575,2918 1612,2918 1649,2918 1686,2915"/>
                <TextEquiv>
                    <Unicode>Stückchen blamiert sich der gute Ana¬</Unicode>
                </TextEquiv>
            </TextLine>
            <TextLine id="tr_2_tl_44" custom="readingOrder {index:43;}">
                <Coords points="932,2985 1678,2989 1678,2936 1645,2928 932,2940"/>
                <Baseline points="943,2966 979,2966 1016,2966 1053,2966 1090,2966 1127,2966 1164,2966 1200,2966 1237,2966 1274,2966 1311,2966 1348,2966 1385,2966 1422,2966 1458,2968 1495,2968 1532,2966 1569,2966 1606,2968 1643,2969 1680,2969"/>
                <TextEquiv>
                    <Unicode>tol. Das hat den Darsteller, Herrn Heinz</Unicode>
                </TextEquiv>
            </TextLine>
            <TextLine id="tr_2_tl_45" custom="readingOrder {index:44;}">
                <Coords points="940,3028 1678,3032 1678,2989 1649,2979 940,2975"/>
                <Baseline points="952,3011 988,3013 1025,3014 1061,3014 1098,3014 1134,3014 1171,3014 1207,3014 1244,3014 1280,3014 1317,3014 1354,3017 1390,3017 1427,3017 1463,3017 1500,3017 1536,3017 1573,3017 1609,3017 1646,3015 1683,3014"/>
                <TextEquiv>
                    <Unicode>Monnard, leider veranlaßt, einen lang¬</Unicode>
                </TextEquiv>
            </TextLine>
            <TextLine id="tr_2_tl_46" custom="readingOrder {index:45;}">
                <Coords points="938,3069 1680,3079 1680,3032 1580,3024 938,3026"/>
                <Baseline points="949,3062 985,3062 1022,3064 1059,3065 1096,3065 1133,3065 1170,3062 1206,3064 1243,3063 1280,3062 1317,3063 1354,3065 1391,3065 1428,3065 1464,3065 1501,3065 1538,3065 1575,3065 1612,3065 1649,3065 1686,3065"/>
                <TextEquiv>
                    <Unicode>weiligen, philiströsen, angefahrten Trot¬</Unicode>
                </TextEquiv>
            </TextLine>
            <TextLine id="tr_2_tl_47" custom="readingOrder {index:46;}">
                <Coords points="930,3135 1682,3133 1680,3081 1616,3073 928,3073"/>
                <Baseline points="940,3109 977,3112 1014,3112 1051,3112 1089,3112 1126,3112 1163,3112 1201,3112 1238,3112 1275,3112 1313,3112 1350,3112 1387,3115 1424,3115 1462,3115 1499,3115 1536,3114 1574,3112 1611,3112 1648,3114 1686,3118"/>
                <TextEquiv>
                    <Unicode>tel auf klapprige Beine zu stellen. Ganz</Unicode>
                </TextEquiv>
            </TextLine>
            <TextLine id="tr_2_tl_48" custom="readingOrder {index:47;}">
                <Coords points="940,3169 1678,3180 1678,3130 1655,3124 940,3133"/>
                <Baseline points="952,3160 988,3159 1025,3158 1061,3160 1098,3160 1134,3160 1171,3160 1207,3160 1244,3160 1280,3160 1317,3162 1354,3163 1390,3163 1427,3163 1463,3163 1500,3163 1536,3161 1573,3162 1609,3163 1646,3162 1683,3157"/>
                <TextEquiv>
                    <Unicode>verfehlt. Was uns den Anatol erträg¬</Unicode>
                </TextEquiv>
            </TextLine>
            <TextLine id="tr_2_tl_49" custom="readingOrder {index:48;}">
                <Coords points="932,3223 1678,3223 1678,3186 1610,3169 1537,3192 932,3169"/>
                <Baseline points="943,3211 980,3208 1017,3208 1054,3209 1091,3211 1128,3211 1165,3208 1202,3210 1239,3211 1276,3211 1313,3211 1350,3211 1387,3211 1424,3211 1461,3211 1498,3211 1535,3211 1572,3211 1609,3211 1646,3213 1683,3214"/>
                <TextEquiv>
                    <Unicode>lich machen kann, ist fesche, frische,</Unicode>
                </TextEquiv>
            </TextLine>
            <TextLine id="tr_2_tl_50" custom="readingOrder {index:49;}">
                <Coords points="932,3262 1680,3276 1680,3231 1541,3210 1446,3237 1383,3214 932,3219"/>
                <Baseline points="943,3259 980,3259 1017,3259 1054,3259 1091,3259 1128,3259 1165,3259 1203,3259 1240,3259 1277,3259 1314,3259 1351,3259 1388,3259 1425,3259 1463,3261 1500,3262 1537,3261 1574,3259 1611,3259 1648,3259 1686,3262"/>
                <TextEquiv>
                    <Unicode>dummselige Jugend. Und ein hübsches</Unicode>
                </TextEquiv>
            </TextLine>
            <TextLine id="tr_2_tl_51" custom="readingOrder {index:50;}">
                <Coords points="934,3317 1680,3321 1664,3272 1485,3290 1444,3262 1237,3286 934,3264"/>
                <Baseline points="946,3306 982,3306 1019,3306 1056,3306 1093,3306 1130,3306 1167,3309 1203,3307 1240,3306 1277,3306 1314,3306 1351,3306 1388,3306 1425,3308 1461,3309 1498,3308 1535,3306 1572,3306 1609,3308 1646,3309 1683,3309"/>
                <TextEquiv>
                    <Unicode>Kerlchen muß er schon sein. So etwa</Unicode>
                </TextEquiv>
            </TextLine>
            <TextLine id="tr_2_tl_52" custom="readingOrder {index:51;}">
                <Coords points="938,3368 1299,3364 1389,3395 1436,3366 1686,3368 1686,3329 1655,3315 938,3331"/>
                <Baseline points="949,3357 986,3354 1023,3356 1060,3357 1097,3357 1134,3357 1171,3357 1209,3357 1246,3357 1283,3357 1320,3357 1357,3357 1394,3357 1431,3357 1469,3357 1506,3357 1543,3357 1580,3357 1617,3357 1654,3357 1692,3357"/>
                <TextEquiv>
                    <Unicode>wie früher Harry Walden. Oder wie</Unicode>
                </TextEquiv>
            </TextLine>
            <TextLine id="tr_2_tl_53" custom="readingOrder {index:52;}">
                <Coords points="934,3409 1680,3423 1680,3378 1645,3362 1414,3385 934,3368"/>
                <Baseline points="946,3402 983,3405 1020,3405 1057,3405 1094,3405 1131,3405 1168,3405 1205,3405 1242,3405 1279,3405 1316,3405 1353,3405 1390,3405 1427,3405 1464,3405 1501,3405 1538,3405 1575,3405 1612,3405 1649,3407 1686,3405"/>
                <TextEquiv>
                    <Unicode>der prächtige Clewing, der bisherige</Unicode>
                </TextEquiv>
            </TextLine>
            <TextLine id="tr_2_tl_54" custom="readingOrder {index:53;}">
                <Coords points="938,3469 1678,3469 1678,3419 938,3419"/>
                <Baseline points="949,3453 985,3453 1022,3455 1059,3455 1095,3453 1132,3453 1169,3456 1205,3454 1242,3453 1279,3453 1316,3453 1352,3453 1389,3453 1426,3453 1462,3453 1499,3453 1536,3453 1572,3453 1609,3453 1646,3455 1683,3459"/>
                <TextEquiv>
                    <Unicode>Herzensbrecher des Berliner Theaters,</Unicode>
                </TextEquiv>
            </TextLine>
            <TextLine id="tr_2_tl_55" custom="readingOrder {index:54;}">
                <Coords points="934,3518 1680,3520 1664,3466 934,3473"/>
                <Baseline points="946,3500 982,3502 1019,3503 1056,3503 1093,3503 1130,3503 1167,3503 1203,3503 1240,3503 1277,3503 1314,3503 1351,3503 1388,3503 1425,3503 1461,3503 1498,3503 1535,3503 1572,3503 1609,3503 1646,3503 1683,3500"/>
                <TextEquiv>
                    <Unicode>der soeben ans Königliche Schauspiel¬</Unicode>
                </TextEquiv>
            </TextLine>
            <TextLine id="tr_2_tl_56" custom="readingOrder {index:55;}">
                <Coords points="932,3559 1678,3567 1678,3512 1651,3510 932,3518"/>
                <Baseline points="943,3548 979,3550 1016,3551 1053,3551 1090,3551 1127,3551 1164,3551 1200,3551 1237,3551 1274,3551 1311,3551 1348,3551 1385,3551 1422,3551 1458,3551 1495,3551 1532,3551 1569,3551 1606,3551 1643,3551 1680,3551"/>
                <TextEquiv>
                    <Unicode>haus für einen Teil des Matkowsky-</Unicode>
                </TextEquiv>
            </TextLine>
            <TextLine id="tr_2_tl_57" custom="readingOrder {index:56;}">
                <Coords points="1754,3585 2469,3587 2469,3548 2420,3538 2055,3538 1985,3559 1754,3542"/>
                <Baseline points="1766,3578 1801,3578 1836,3578 1872,3578 1907,3578 1943,3581 1978,3581 2013,3581 2049,3580 2084,3578 2120,3581 2155,3581 2190,3581 2226,3581 2261,3581 2297,3578 2332,3580 2367,3581 2403,3580 2438,3578 2474,3578"/>
                <TextEquiv>
                    <Unicode>Tilla Durieux als Jokaste in „König Odipus.</Unicode>
                </TextEquiv>
            </TextLine>
            <TextLine id="tr_2_tl_58" custom="readingOrder {index:57;}">
                <Coords points="940,3618 1147,3610 1231,3637 1334,3606 1522,3641 1686,3622 1686,3565 940,3563"/>
                <Baseline points="952,3605 988,3602 1025,3601 1062,3599 1099,3599 1136,3599 1173,3599 1209,3600 1246,3602 1283,3602 1320,3602 1357,3602 1394,3602 1431,3602 1467,3602 1504,3602 1541,3602 1578,3602 1615,3602 1652,3602 1689,3602"/>
                <TextEquiv>
                    <Unicode>faches übersiedelt. Die süßen Mädel</Unicode>
                </TextEquiv>
            </TextLine>
            <TextLine id="tr_2_tl_59" custom="readingOrder {index:58;}">
                <Coords points="1758,3647 1998,3614 2065,3639 2114,3616 2477,3628 2477,3581 1758,3589"/>
                <Baseline points="1769,3608 1804,3610 1840,3611 1876,3611 1911,3611 1947,3611 1983,3611 2018,3611 2054,3611 2090,3611 2126,3608 2161,3610 2197,3611 2233,3611 2268,3611 2304,3611 2340,3611 2375,3611 2411,3610 2447,3608 2483,3608"/>
                <TextEquiv>
                    <Unicode>Photographie von Becker &amp; Maaß in Berlin.</Unicode>
                </TextEquiv>
            </TextLine>
            <TextEquiv>
                <Unicode></Unicode>
            </TextEquiv>
        </TextRegion>
    </Page>
</PcGts>
