3436 4256
875 33 2059 135 sie ein paar der Herzen unteren Tonnen, wogegen die
884 118 2056 172 — vielleicht — das volle Deit getilgt hätte. Man schloß also
869 169 2063 214 ein Glücksgeschäft ab, führte „Madame Butterfly" mit Gama
865 204 2062 264 Walska auf und lud die Musikkritik dazu ein. Das Publikum
878 252 2053 306 lachte, zischte oder klatschte, und die Kritik stellte die Unmöglich¬
872 301 2056 360 keit der Sängerin fest. Damit wäre die Angelegenheit erledigt
875 346 2056 396 gewesen. Das Glücksgeschäft war mißlungen. Was eben in der
876 393 2053 455 Natur solcher Geschäfte liegt, die nur der Kauf einer Hoff¬
878 433 1071 499 nung sind.
960 447 2054 536 Nun aber kommt Paul Stefan und macht für das Miß
817 497 2065 594 39 lingen nicht diejenigen verantwortlich, die das Geschäft
875 567 2049 631 abschlossen, sondern die Wiener Musikkritik. Ein bequemer
872 618 2059 687 Ausweg. Wenn die Kritik ein notleidendes Institut monate,
876 662 2059 722 ja jahrelang gehätschelt und geschont hat, ihm mit allen Mitteln
872 712 2059 777 auf die Beine half, dann hat sich das Institut aus eigener
872 760 2056 810 Kraft emporgearbeitet. Von der Kritik ist nicht weiter die Rede.
873 799 2066 862 Hat ein Institut sich aber in eine schlechte Spekulation verrannt,
878 844 1965 904 dann ist die Kritik schuld. Das alte Lied vom Sündenbock.
973 886 2066 949 Paul Stefan beschuldigt die ganze Wiener Kritik, den Fall
870 942 2062 999 Walska mißverstanden und die Heilung der Volksoper ver¬
881 984 2062 1055 hindert zu haben. Sie hätte die Dame rühmen, die Falsch¬
884 1032 2063 1089 sängerin preisen oder, von einer Kritik absehend, sich auf un¬
875 1078 2066 1148 gezeichnete, konventionelle Notizen („Mit schönem Erfolg
875 1136 2070 1182 gastierte Ganna Walska an der Volksoper") beschränken sollen.
976 1172 2079 1243 Wenn es ein Irrtum war, eine mehr als unfähige, ja
876 1213 2073 1293 lächerliche Sängerin abzulehnen, dann bekenne ich mit
886 1269 2070 1336 Freuden, daß ich geirrt habe. Mit Freuden. Denn ich bin zur
876 1313 2080 1405 Beurteilung künstlerischer Vorgänge bestellt und nicht von
878 1363 1231 1426 Handelsgeschäften.
971 1411 2082 1487 Es war aber ein Handelsgeschäft, ein Geschäft nach dem
883 1456 2071 1523 Schema do ut des, und es bedeutete einen Fehler, zu dieser Vor¬
887 1509 2079 1593 stellung, deren Qualität und Zweck man kannte, die Kritik
887 1552 1189 1635 einzuladen.
979 1602 2076 1669 Die Volksoper hätte ihren Zweck erreicht, wenn sie sich mit
895 1645 2077 1725 Ganna Walska auf eine höhere Summe geeinigt und zu ihrem
884 1701 2074 1765 Auftreten die Lokalberichterstatter geladen oder selbst Notizen
890 1757 2070 1819 versendet hätte, was sie auch sonst tut. Aber die Kritik einladen
892 1796 2080 1855 und dann verlangen, daß sie keine Kritik sei und nur kommer¬
884 1851 2079 1902 zielle Instinkte entwickle, ist zuviel. Und lächerlich, diesen
886 1897 2076 1955 klaren Tatbestand zu verdunkeln und eine mißlungene Opera¬
892 1930 1465 2003 tion dem Dritten aufzuhalsen.
971 1986 2074 2053 Ich mache niemand einen Vorwurf aus einem ganz
895 2017 2076 2101 oder halb mißlungenen Geldgeschäft. Das ist schwer und heikel.
892 2076 2079 2138 Aber wenn ich einen Ertrinkenden retten will, mache ich eine
897 2126 1821 2199 Zille los und rufe nicht die Hochseeflotte herbei.
979 2171 2080 2237 Man muß auch nachsichtig in der Beurteilung mensch¬
887 2216 2084 2284 licher Torheiten, duldsam gegen Romantik der Nerven sein.
887 2278 2076 2329 Will jemand monatelang in einem umbrischen Landstädtchen
889 2321 2085 2383 den Spuren des heiligen Franziskus nachgehen, so soll er's tun
901 2360 2080 2421 — er lädt sich dazu auch keine Kritik ein. Und will eine
901 2401 2080 2477 Dame, der die Natur das Singen verwehrt, absolut singen,
898 2458 2082 2516 so tue man ihr den Gefallen, lasse sich die Gefälligkeit gut be¬
892 2506 2082 2561 zahlen, aber fordere nicht Kunstrichter auf, die Sache um¬
889 2550 2076 2603 zulügen. Um drei Milliarden hätt' ich mir übrigens als Kunst¬
889 2601 2079 2651 richter ein paar Gelsentöne und eine absolute Stimmunfähig¬
895 2640 2090 2705 keit gefallen lassen. Aber um dreißig Millionen finde ich es zu
893 2686 1891 2753 billig. Da bin ich sogar der bessere Geschäftsmann.
993 2716 2076 2794 Endlich ist die Kritik nicht allein Diener verschiedener
895 2781 2082 2834 Bühnen, sondern vor allem Diener des Publikums. Und das
898 2829 2088 2885 Publikum, das am Abend vorher gelacht oder gezischt hat,
901 2874 2085 2940 legt Wert darauf, daß es in seinem Empfinden nicht von denen
904 2921 1858 2997 verraten und verkauft werde, denen es vertraut.
990 2935 2094 3020 Die Volksoper hat um den — imaginären, leider ihr nicht
901 3008 2091 3073 vorausbezahlten — Preis von drei Milliarden verlangt, daß
901 3062 2096 3126 die Kritik ihr die Mauer mache. Und Paul Stefan glaubt,
901 3111 2096 3170 daß niemand in Wien darüber geschaut und gelacht hätte. Er
901 3156 2091 3207 wähnt, daß dann die Volksoper auf gesunde Basis gebracht
901 3202 2085 3260 worden wäre. Ich halte ihm nur Ibsen vor, auf den er gewiß
903 3247 2088 3330 hält: daß auf Unwahrheit niemals ein Wohlergehen be¬
904 3289 1697 3369 ruhen, ein Glück gegründet werden kann.
1624 3330 2059 3415 Dr. Ernst Decsey.
985 3438 2093 3496 Josefstädter Theater. Zum erstenmal „Anatol“ von
910 3482 2090 3550 Artur Schnitzler. — Anatols Welt — diese Welt des
910 3525 2091 3602 Wien vor dem Kriege — ist uns heute fremd und fast ungekannt
887 3580 2091 3678 geworden. Von jenem Wien sind kaum mehr die äußeren Kon¬
