3248 4224
393 65 1257 153 noch in diesen Szenen: die Männer, die nicht der
396 139 1256 197 Mut hatten, das Schicksal zu befragen und sich
399 184 1253 243 ihm zu stellen — die Damen, die nicht die Lei¬
396 236 1262 293 denschaft hatten, zu lieben — die Mädel der Vor¬
405 284 1260 342 stadt, die die Kraft hatten, zu blühen und bei¬
408 340 670 397 seite zu treten.
434 383 1260 446 Franz Herterich läßt diese Szenen aus dem
401 435 1262 483 Musikalischen emporwachsen. Er führt sie immer
396 479 1223 538 wieder dahin zurück, er will — mit Recht
399 521 1262 586 ihnen die verschwebende überwirkliche Zartheit
405 573 1262 635 Schubertscher Kammermusik geben. So spielt auch
401 621 1256 683 Raoul Aslan den Anatol. Kaum als Gestalt.
399 667 1262 727 Aber die zerfließt ja auch impressionistisch, sie
405 715 1267 774 entscheidet sich ja auch so wenig wie ihre ganze
405 771 1267 823 Zeit. Er ist nicht ein neugieriger junger Mensch
401 811 1267 863 — dieser Anatol — solche Versachlichung drückte
408 861 1233 928 ihn auf ein sehr bescheidenes Lustspielniveau¬
408 920 1269 969 sondern er ist der Ausdruck einer Epoche, die
414 966 1267 1018 sterben mußte. Dieses Wissende, dieses Elegische
393 1007 1268 1054 spielt Aslan. Sein Anatol hat einen großen
408 1050 1262 1105 Augenblick, als er sich der Enttäuschung gegen¬
405 1096 1265 1150 über sieht, als er merkt, daß er sich selbst belogen
408 1146 1275 1204 hat, daß er vergessen worden ist, daß er Episode
408 1190 1271 1254 geblieben ist — Episode auch im Schicksal der
409 1233 1268 1292 Welt. Was Aslan gibt, ist Reise und Überreife
408 1287 1271 1346 der Schnitzlerschen Männerwelt, aber ich glaube,
408 1338 1271 1395 daß man sie heute gar nicht anders vertragen
405 1383 1262 1441 kann, als mit der dazu gespielten Ahnung ihres
408 1432 698 1496 Sterben müssen.
447 1480 1267 1542 Emmerich Reimers ist ein Max, der
410 1532 1271 1594 mehr dem Bierkrügel als dem Champagnerkelch
408 1582 1265 1642 ongehört. Ein Nachkriegsmax. Aber sein klein¬
408 1629 1262 1686 bürgerlicher Humor ist wirksam, weil in ihm
417 1686 1275 1732 ein echtes Wien sichtbar wird. An den Frauen
414 1724 1276 1778 wird die Not des Burgtheaters ziemlich deutlich.
414 1773 1277 1832 Eine große Schauspielerin könnte alle diese
410 1822 1268 1882 Rollen geben, nicht nur um ihre Verwandlungs¬
420 1872 1334 1935 fähigkeit und die des weiblichen Geschlechts zu di¬
409 1917 1277 1980 zeigen, sondern auch, wie Anatol bei all seinem
420 1965 1268 2020 Suchen immer die gleiche Frau findet und liebt.
420 2013 1275 2076 An eine solche große Schauspielerin von Dorsch¬
414 2059 1275 2116 oder Bergner=Format im Burgtheater zu den¬
410 2106 1277 2166 ken, ist kühn. Schon die reguläre Besetzung mit
420 2156 1277 2217 fünf Frauen hat seine Not. Wohl ist Alma
420 2202 1271 2266 Seidler eine hinreißend lustige Balletteuse.
420 2254 1275 2307 Die Seidler braucht solche Rollen, in denen das
423 2298 1277 2354 Wienerische, das Volkstümliche in ihr Gestalt
414 2343 1275 2413 werden kann. Da wächst sie, da spielt sie über
417 2392 1311 2449 alle ungen und über alles Neckische hinweg
420 2444 1308 2508 inefreiendes Gelächter. Lili Marberg
420 2484 1308 2552 gibt Zirkusreiterin mit viel Witz und Charme
423 2552 1285 2595 die doppelte Existenz eine großen Dame der
414 2582 1285 2640 halben Welt. Den Salon der guten Gesell¬
417 2645 1289 2697 schaft verwandelt ihre heimtückische Paro¬
414 2682 1285 2733 distik in den Salon des Sexualbetriebs.
417 2729 1286 2782 Maria Mayen sentimentalisiert ein bißchen zu
423 2775 1284 2840 sehr die Mondäne, Gerda Dreger als Wiener
425 2828 1277 2886 Vorstadtmädel reicht gerade hin. Ebba Johann=
425 2875 1275 2937 sen als Ilona aber ist eine vollkommene Fehl¬
422 2923 1286 2982 besetzung. Ihre auf lockende Verhaltenheit, auf
420 2972 1287 3026 das passive Herankommenlassen eingestellte Art
417 3026 1289 3079 kann weder das temperamentvoll Ungarische, noch
425 3070 1286 3130 die mit sich schauspielernde Leidenschaft geben.
425 3112 1286 3168 Warum läßt man Schauspieler an solche Rollen
420 3171 1284 3226 heran, die ihnen von allem Anfang an wieder¬
429 3207 1286 3276 sprechen? Weil das Ensemble des Burgtheaters
425 3262 1296 3316 voll Lücken ist. Hier muß die Neuordnung im
1097 3300 1256 3373 o. m. k.
424 3308 820 3385 Burgtheater einsetzen.
413 3805 902 3909 de
2277 185 2364 277 y
1604 187 2074 278 4.9. Anato
1566 741 1854 814 den
1561 822 1642 889 haus,
1564 882 1648 922 enten¬
1745 842 2497 953 Theater und Kunst.
1752 925 2552 988 (Akademietheater.) Schnitzlers „Anatol.
1679 972 2546 1023 der junge, verliebte, verträumte Partner von
1564 966 1643 1031 Aus¬
1683 1017 2549 1057 Schnitzlers unsterblichem süßen Mädel“ aus den
1554 1026 1645 1067 statt.
1683 1052 2546 1104 90er Jahren, der altmodische Elegant unserer
1552 1069 1648 1119 ann.)
1677 1094 2546 1140 altmodischen Jugendzeit, ist uns in einer mit sehr
1687 1127 2554 1178 feiner Einfühlung in die damalige Zeit von
1683 1170 2549 1212 Herterich inszenierten Aufführung des um
1555 1164 1648 1241 sunt:
1679 1207 2550 1251 zwei Bilder reduzierten Anatolreigens wieder be¬
1683 1243 2546 1292 gegnet. Für uns Alte bleibt er ein unvergeßlicher,
1554 1255 1637 1293 Bez.
1681 1288 2549 1336 geliebter Bekannter aus glücklicheren Tagen, den
1688 1320 2540 1362 Leuten von heute erscheint er immerhin als
1556 1311 1645 1381 Zahl¬
1683 1353 2555 1401 scharmanter, heiter melancholischer Romantiker
1566 1374 1652 1424 sowie
1677 1387 2543 1436 aus fast sagenhafter Wiener Zeit. Diese Liebes¬
1561 1425 1648 1466 andes
1676 1431 2546 1477 abenteuer des Wiener galanten Frauenfressers
1556 1460 1651 1501 riegs¬
1679 1466 2550 1517 von ehemals mit seiner Zärtlichkeit, seinen ewigen
1692 1499 2546 1549 Zweifeln an der Frauentreue, seiner Sinnen¬
1560 1515 1652 1583 Uhr
1688 1542 2554 1597 freude, kontrastieren natürlich zu der brutaleren
1692 1581 2546 1619 Einstellung der Verliebten von heute. Diese geist¬
1566 1606 1648 1640 vom
1686 1615 2543 1660 voll dialogisierten Feuilletons Schnitzlers sind
1686 1654 2543 1694 von einem zarten Duft, von einer geistigen
1686 1687 2549 1733 Anmut erfüllt und übertreffen mitunter die fran¬
1692 1723 2549 1780 zösischen meisterhaften Genrebilder gleicher Art
1683 1764 2546 1811 aus jener Zeit. Die Burgtheaterjugend fehlt uns
1688 1799 2546 1849 zum Teil noch die den Schnitzler von damals,
1683 1841 2549 1884 wenn ihr auch die Kleider von 1890 nicht gut
1697 1873 2546 1923 sitzen sollten, spielen könnte, denn das notwendig
1679 1916 2546 1963 beschwingte Tempo und die lebhaftere Heiterkeit
1683 1948 2549 2000 erreichen doch am besten die Jungen, Aslan,
1683 1989 2567 2042 der ausgezeichnete Schauspieler, bewährte Salon¬
1695 2030 2549 2071 elegant und kluge Ironiker, ist natürlich mehr ein
1683 2067 2554 2110 über Jugenderinnerungen räsonierender, voll¬
1683 2108 2546 2159 reifer Anatol, der Hofmannsthals Prolog sehr
1679 2142 2558 2189 fein, nur zu leise pointiert. Frau Dreger hat
1686 2180 2558 2221 als Cora die wienerische Note, Frau Mayen ist
1683 2217 2549 2265 die mondäne Gegenspielerin, Frau Seidler
1686 2254 2549 2304 hinreißend lustig, wenn sie auch ein wenig über¬
1688 2291 2555 2337 treibt, die ausgezeichnete Frau Johannsen
1686 2328 2552 2380 aber keine echte Ilona und auch ein bißchen un¬
1683 2363 2559 2413 wahrscheinlich stürmisch, Frau Marberg be¬
1688 2403 2559 2446 tont vorzüglich das schlamperte Liebesleben der
1688 2442 2554 2483 Zirkusdame. Der Max, der durch Scharfblick und
1687 2482 2555 2525 Ruhe Anatol überlegene Freund, wurde Emmerich
1683 2511 2554 2551 Reimers anvertraut, der aber zu wenig Leicht¬
1686 2551 2549 2594 blütigkeit entwickelte. Es war jedenfalls eine noble
1688 2589 2554 2636 Schnitzler=Gedenkfeier, ein denkwürdiger Abend
1686 2628 2538 2697 des Burgtheaters, dem sicher noch viele Wieder
1679 2664 2063 2719 holungen bevorstehen.
1761 2684 2530 2758 (Piccaver in der Volksoper.) Daß das Theat
1683 2736 2519 2786 ausverkauft war war ja vorauszusehen, ab
1688 2772 2516 2823 einen solchen frenetischen Jubel, eine derart
1688 2817 2519 2859 Begeisterung hat dieses Haus noch nicht gesehe
1686 2855 2517 2901 Interessanterweise waren im Publikum sehr za
1688 2893 2505 2935 reiche Stammgäste aus der Staatsoper
1695 2931 2506 2975 sollte wohl keine Demonstration gegen de
1697 2965 2481 3015 Direktion sein, es war vielmehr der Ausdruck
1679 3008 2499 3053 Anhänglichkeit an den wundervollen Sän
1683 3040 2489 3100 Piccaver als Cavaradossi und Vera Schwe¬
1686 3088 2462 3138 als Tosca sind eben Sensationen, die man
1683 3119 2562 3171 nicht entgehen läßt, zumal wenn sie für wei ger
1692 3163 2555 3207 Geld geboten werden. Frau Schwarz, eine der
1683 3197 2565 3244 besten Vertreterinnen der Tosca, bot eine hervor¬
1683 3239 2565 3287 ragende Leistung. Brillant aber, geradezu unver¬
1688 3275 2562 3329 gleichlich war Herr Piccarer, just, als wollte er
1687 3314 2565 3363 zeigen, es sei ihm unrecht geschehen. Diese beiden
1686 3353 2568 3427 Glanzleistungen rissen auch die übrigen Dar¬
2719 186 3071 268 box 9/4
