3436 4352
406 117 1598 168 Perücke verarbeitete, wie überhaupt österreichische Kunst¬
414 152 1603 218 fertigkeit sich als größte Helferin erwies. Und daß selbst
414 208 1598 264 Streichinstrumente und deren Saiten, Eintrittskarten und
409 244 1592 318 Programme in eigener Regie erzeugt wurden, beweist nur
409 297 1592 355 was europäische Kultur, deutscher Erfindungsgeist und öster¬
409 352 1113 408 reichischer Geschmack leisten konnten.
444 400 1604 464 Während 1918 der Krieg zu Ende ging und die Kameraden
403 444 1600 512 der Front in die Heimat zurückkehren durften, mußten noch
399 499 1616 566 Tausende von Kriegsgefangenen jahrelang in Gefangenschaft
409 549 1621 600 schmachten. Um diese Zeit waren aber schon alle Hilfsmitt¬
403 593 1601 657 versiegt, und weder aus der Heimat noch vom Roten Kreutz
402 644 1601 710 kam Unterstützung oder Hilfe. Offiziere und Mannschaft
400 687 1601 755 wandten sich alsbald allen möglichen Erwerbszweigen zu, um
400 735 1606 798 aufs kümmerlichste ihr Dasein weiter fristen zu können. Da
402 790 1607 858 war es ein besonderes Glück für jeden, einem Theaterensemble
400 835 1595 896 angehören und an seinen Einnahmen partizipieren zu dürfen,
400 887 1606 942 die in Form von Anteilen die Kaufkraft für einige Zeit
406 928 1597 1002 sicherten. Die Theater hatten einen Fassungsraum von etwa
402 975 1601 1048 400 Personen, die Vorstellungen waren trotz mehrfachen
400 1030 1586 1090 Wiederholungen immer ausverkauft und zu Preisen angesetzt
400 1075 1598 1137 die für die Angehörigen des Lagers sehr minimal, für die
399 1114 1592 1196 auswärtigen Gäste ziemlich hoch waren. In den Städten gal
406 1178 1600 1245 es überall Deutsche, Schweden, Engländer und Amerikaner,
403 1222 1598 1290 die durch die Verhältnisse nicht in ihre Heimat gelangen
399 1268 1598 1337 konnten. Diese, aber auch die russischen Theater selbst, nahmen
403 1331 1600 1387 an den Darbietungen der Lagerbühnen nicht nur Anteil, sie
403 1375 1601 1428 förderten sie auch, wo sie nur konnten, überließen ihnen
400 1418 1592 1478 Kostüme, Perücken usw., während anderseits ihnen die Lager¬
400 1459 1598 1537 bühnen Möbel und sonstige Requisiten für ihre Zwecke zur
403 1515 1600 1580 Verfügung stellten. Auch Elsa Brandström, der Engel von
402 1568 1604 1635 Sibirien, war wiederholt Gast in den Kriegsgefangenen¬
406 1613 1598 1685 theatern und wurde jedesmal mit ungeheurem Jubel begrüßt
406 1654 664 1733 und gefeiert.
785 1701 1207 1798 46 Plennytheater!
437 1769 1583 1851 Das Niveau, auf dem so ein „Theater hinter Stacheldraht
403 1815 1597 1901 stand, war sehr hoch. Es gab in Rußland=Sibirien 46 Plenny¬
402 1886 1600 1945 theater, deren Repertoire nicht schlechter waren als jene der
403 1921 1597 1998 deutschen Heimatbühnen der Vorkriegszeit. „Flachsmann als
402 1980 1592 2047 Erzieher“ wurde auf 24, „Alt=Heidelberg“ auf 21 Bühnen auf¬
406 2027 1600 2086 geführt, Schnitzlers „Anatol" hatte 14 Aufführungsorte zu
397 2077 1586 2136 verzeichnen. Subermanns „Johannisfeier", „Ehre", „Heimat
403 2127 1597 2186 und „Schmetterlingsschlacht kamen ebenso wie Hauptmann,
400 2164 1601 2232 Thoma, Anzengruber, Schönherr, Ibsen und viele andre zu
396 2215 1595 2291 Worte. Auch der vielen eigenen, von Kameraden verfaßten
400 2265 1601 2327 Bühnenstücke sei hier gedacht. Weniger festen Fuß konnte in
400 2312 1591 2384 den genannten Lagern die Operette fassen, da diese Kunst¬
402 2362 1600 2421 gattung höhere Anforderungen stellte, für die sogar die Zeit
399 2415 1589 2484 der Kriegsgefangenschaft zu kurz war. Immerhin konnte
396 2450 1589 2528 man in Sibirien, besonders in den drei Theatern von
402 2512 1592 2578 Krasnojarsk, auch die unsterblichen Weisen einer „Fleder¬
394 2556 1595 2617 maus", „Graf von Luxemburg“ und „Dollarprinzessin" hören;
403 2597 1578 2664 in zwei Lagern spielte man auch „Freischütz" und „Bajazzo
394 2649 1592 2734 in Stretensk sogar einmal den dritten Akt aus „Tannhäuser.
431 2719 1591 2788 Was aus all dem geworden ist? Als die Rückkehr in die
397 2764 1589 2826 Heimat Wirklichkeit zu werden schien und die Theater auf¬
400 2819 1598 2870 gelöst wurden, wanderte ein Teil als Erinnerungsstücke zu
400 2857 1592 2920 kunstfreundlichen Einwohnern, ein kleiner Teil kam auf viel
406 2910 1592 2969 verschlungenen Wegen in die Heimat und hat einen würdigen
403 2952 1589 3019 Platz im Museum der Kriegsgefangenschaft in Wien, 7. Karl
403 3010 1592 3060 Schweighofer=Gasse 3, gefunden. Die Bühne aber samt ihren
406 3043 1588 3117 Dekorationen und die Möbel wurden „nationalisiert", das
403 3099 1589 3157 heißt, es spielten dort Vereine, Schulen und Gewerkschaften
402 3155 1588 3216 russisches Theater. Schließlich ordnete ein allgemeiner Befehl
394 3180 1586 3257 des Moskauer Kommissariats für Volksaufklärung an, daß
400 3240 1591 3308 jeder Soldat der Garnison zweimal im Monat das Theater
402 3290 1589 3351 besuchen müsse. Und da bei der Riesenstärke der Garnisonen
403 3340 1589 3409 es technisch ganz unmöglich war, diesem Befehl so zu ent¬
403 3384 1600 3440 sprechen, hatte der Stationskommandant von Nowo¬
397 3431 1586 3492 Nikolajewsk einen ebenso genialen Ausweg gefunden, er
394 3486 1592 3542 ordnete an: Das Regiment Nr. 132 besucht morgen das
397 3527 1600 3589 Theater, und zwar: das erste Bataillon den ersten Akt, das
394 3577 1588 3644 Zweite Bataillon den zweiten Akt und das dritte Bataillon
397 3619 1589 3678 den dritten Akt. Jetzt konnte der Vollzug des Befehles ge¬
394 3675 1586 3730 meldet und die gewünschte Volksaufklärung als durchgeführt
394 3713 751 3785 angesehen werden.
431 3766 1591 3845 Burgschauspieler Karsten, selbst sechs Jahre als Kriegs¬
397 3824 1586 3889 gefangener in Sibirien interniert, fand mit seinem überaus
394 3877 1591 3938 interessanten Vortrag, dem ein dankbares Publikum bei¬
397 3938 1595 3992 wohnte, reichen Beifall. Er hat all dies selbst erlebt und
397 3971 1586 4036 mitgemacht und war somit auch einer der Wegbereiter eines
393 4026 1591 4109 großen, unvergeßlichen Kulturwerkes in den trostlosen
397 4071 1080 4135 Steppen und Eiswüsten Sibiriens.
544 4136 652 4194 Bank
1809 174 2694 291 4.9. Anatol - Zyklu-
2917 180 3261 277 box 9/5
