3392 4256
1352 172 1711 268 box 8/5
872 183 1157 280 Zyklus
230 183 822 271 4.9. Anatol
424 684 501 736 —
1180 689 1477 779 Telephon 12.801.
393 734 1466 812 open, Mailand, Minneapolis,
390 789 1462 844 New-York, Paris, Rom, San Francisco, Stockholm, St. Peters¬
790 833 1078 892 burg, Toronto.
717 872 1146 939 (Quellenangabe ohne Gewähr).
396 912 1485 1005 Mutsch aus. Die Zeit der oder
1067 1027 1338 1127 Berlin
399 1044 962 1125 Num. 572. 10.
798 1194 1106 1286 Theater
466 1271 1419 1377 Schnitzlers „Anatol“ im Lessing-Theater
427 1340 1523 1421 Allzuviel ist über diesen harmlos netten Abend nicht zu sagen.
344 1366 1520 1460 Man hat sich einmal nicht zu ärgern brauchen; man hat hin und
346 1426 1521 1502 wieder eine mit reinlichen Mitteln erzielte Heiterkeit empfinden
341 1455 1520 1543 dürfen. Das ist in den Zeiten der Theaterversuchung durch die
344 1506 1521 1588 unterschiedlichen Dramen-Syndikate schon etwas. Zudem kann man,
343 1543 1509 1621 wenn man dieses immerhin frische und durchaus nicht witz¬
344 1573 1515 1659 verlassene Geplausch Schnitzlers mit den zusammengeschwitzten
346 1615 1515 1690 Geistreicheleien derer vergleicht, die sich als seinen
340 1660 1509 1737 Nachwuchs empfinden, einmal so recht deutlich den Unterschied
336 1696 1513 1779 zwischen Talent und Fingerfertigkeit erkennen. Ich will ein Libretto
338 1732 1507 1817 dichten, wenn es unter dem jungen Nachwuchs in Wien nicht
344 1770 1509 1853 Dutzende gibt, die ohne weiteres bei der Hand wären, Schnitzler
330 1814 1524 1905 den Anatol nachzumachen — wenn sie sich über solche
338 1855 1506 1923 Harmlosigkeiten nicht erhaben dünkten. Wenn sie es in¬
330 1897 1502 1969 zwischen nicht mit der „Renaissance bekommen hätten — oder mit der
338 1933 1506 2003 Paralyse. Aber das ist es eben: Schnitzler kam sich, als er vor bald
336 1969 1504 2045 zwanzig Jahren diese fünf Szenen aus dem Leben eines Wiener Don
341 2006 1507 2088 Juanerichs dichtete, nicht ganz so bedeutend und jedenfalls er¬
330 2041 1504 2124 heblich gegenwärtiger vor. Er nahn aus dem Zeitlichen, was ihm
326 2088 1501 2158 unter die Hände kam, schnitzelte die Figuren sauber heraus und
335 2121 1501 2218 stellte das ganze so niedlich und sieben abgelauscht hin, daß man
326 2174 1474 2233 es noch heute fast für das Leben selben nehmen könnte, wenn
324 2193 1499 2279 Wenn es nicht ganz so sauber, nicht ganz so niedlich-süß,
319 2243 1495 2318 nicht ganz so reizend bunt aufgebaut ware! Man sieht
324 2280 1495 2354 ihm aber, eben um dieser Sauberkeit der Arbeit willen,
315 2316 1491 2391 manches nach und bildet sich für zwei Stunden mit Vergnügen
319 2354 1493 2429 ein, daß das Leben keine schlimmeren Fallgruben stelle als die Grübchen
322 2393 1488 2473 in den niedlichen Backen der Geliebten Anatols. Und man hat
326 2429 1490 2509 den beträchtlich heftigen Wunsch möchten doch manche von den
319 2473 1487 2549 Renaissancejünglingen, den vermeintlichen Seelenkündern und wirk¬
318 2513 1482 2589 lichen Paralytikern, sich heute noch so liebenswürdig mit ihrer
315 2551 1482 2625 Erdennähe bescheiden, als es vor bald zwanzig Jahren dieser
315 2581 1487 2675 Dichter vermochte, der inzwischen einen weiten Weg über den
305 2628 797 2678 Anatol hinausgegangen ist!
393 2667 1482 2748 Dieser gute Anatol läßt mir freilich — wenn ich mich eines
308 2706 1473 2789 Ausdrucks von Knut Hamsun bedienen darf — einen etwas säuer¬
310 2745 1476 2817 lichen und nicht ganz unzweideutigen Geschmack im Munde zurück.
304 2783 1471 2856 Ich bin mir nicht ganz klar darüber, ob dieser Nachgeschmack des
305 2833 1470 2908 — ich möchte sagen: Angelitschten ausschließlich auf die Fähigkeit
304 2855 1471 2934 des Dichters zurückzuführen ist, eine etwas kitschige Figur aus
304 2895 1473 2974 vollem Leben heraus so zu gestalten, wie sie ist und wie sie sein
300 2933 1468 3009 soll, oder ob sie auf dem Wege durch die dichterische Empfäng¬
296 2977 1474 3077 nis wider den Willen des Erzeugers den — im letzteren Falle schon
296 3020 1113 3077 etwas fatalen — Beigeschmack empfangen hat.
372 3055 1465 3125 Dieser Zweifel könnte zu denken geben; aber es wäre wahrlich
297 3094 1465 3177 ein schlechter Witz, wollte man sich in diesen schlechten Zeiten mit
288 3132 1463 3213 dem „kritischen Maßstab einem Stücke nähern, das sich in seinen
294 3174 1463 3251 geschmackvoll bunten Aeußerlichkeiten und seinem guten Witz durch
288 3210 1463 3299 fast zwanzig Jahre frisch erhalten hat. Wir dürfen uns das heute
283 3247 545 3315 nicht erlauben.
366 3282 1463 3373 Von den fünf szenischen Kleinigkeiten kamen die erste („Die
283 3330 1466 3409 Frage an das Schicksal") und die dritte („Abschiedssouper") am
282 3363 1452 3438 nettesten heraus. Im „Abschiedssouper tat Fräulein Sussin des
285 3413 1460 3485 Guten zu viel. So „liab" und „saß" tut hoffentlich selbst ein
290 3446 1448 3528 ganz wegnerisches Madel nicht. In der Schlußskizze „Anatols
283 3485 1454 3559 Hochzeitsmorgen konnte man Irene Triesch sich einmal ausgelassen
275 3529 1451 3606 mädelhaft und beinestrampelnd geberden sehen. Herr Monnard¬
277 3557 1452 3646 Anatol hatte den Weana Schwerenöter=Schmelz (der vom Schmalz
280 3603 1448 3686 nicht eben weit entfernt ist.) Reicher spielte den „Füller Max so
272 3637 1449 3737 wie er sein muß: mit dem Behagen an seiner eigenen Ueber¬
271 3675 454 3742 legenheit.
1250 3706 1377 3775 Fr. S.
2648 1337 2961 1430 Telephon 12.801.
2651 1435 2765 1507 144
2096 1416 2601 1596 „OBSERVE
1895 1567 2953 1637 1. österr. behördl. konz. Unternehmen für Zeitungs-Ausschnitte
2074 1631 2800 1709 Wien, I., Concordiaplatz 4.
2296 1690 2557 1751 Vertretungen
1895 1711 2952 1793 In Berlin, Basel, Budapest, Chicago, Cleveland, Christiania,
1898 1779 2953 1829 Genf, Kopenhagen, London, Madrid, Mailand, Minneapolis,
1889 1828 2947 1883 New-York, Paris, Rom, San Francisco, Stockholm, St. Peters¬
2283 1859 2563 1917 burg, Toronto.
2218 1881 2640 1970 gen
2423 1952 2515 2002 1.
1889 1975 2236 2042 Ausschnitt aus:
2247 1994 2966 2139 Leipziger Neueste Nachrichten
1901 2085 2017 2153 vom
1859 2152 3028 2224 „Anatol, der geistsprühende Einkerzyklus Arthur Schnitz¬
1790 2205 3002 2260 lers hatte einem Telegramm unseres
1781 2244 3031 2288 arbeiters zufolge, im „Lessingtheater“ einen star¬
1779 2285 3025 2335 ken, ehrlichen Erfolg, den das in der Zeichnung eines bestimmten Wiener
1793 2322 3028 2366 Lebemannstyps und in der technischen Beherrschung des feinsten und
1790 2358 3025 2405 vielsagendsten Dialoges gleich sichere Werk ohne Zweifel verdient. Das
1784 2394 3022 2446 heitere Mitgehen des Publikums versagte bei keinem der fünf, am Sonn¬
1784 2437 3035 2488 abend abend zum ersten Male im Zusammenhang dargestellten Stücke,
1784 2471 3027 2518 wenngleich „Anatols Hochzeitsmorgen", eine Art ironischer Schluß¬
1787 2512 3025 2563 apotheose, noch stärkeren Beifall auslöste, als die vorhergehenden Akte.
1784 2549 3027 2589 Ueberdies sprach es für die unerwartete Bühnenwirksamkeit der Dia¬
1790 2585 3025 2631 loge, daß der Dichter mühelos siegte, obschon die Darstellung ihn besser
1784 2623 3031 2673 hätte unterstützen können. Heinz Monnard als Anatol war in allen
1797 2665 3025 2715 fünf Einaktern teils zu derb, teils zu karikaturistisch, und Frau Triesch
1784 2704 3022 2742 lag die Rolle der Ilona im „Hochzeitsmorgen" nicht recht. Auch hätten
1781 2740 3025 2786 die Frauenpartien der beiden Einleitungsakte „Die Frage an das
1784 2776 3027 2820 Schicksal" und „Weihnachtseinkäufe glücklicher als durch Paula Somary
1778 2815 3025 2856 und Lina Lossen besetzt sein können. Farbiger war denn schon Hilda
1784 2856 3042 2903 Herterich als Bianka in der „Episode". Durch seine ruhige, überlegene
1784 2894 3028 2938 Zurückhaltung überraschte angenehm Emanuel Reicher in der Rolle
1781 2931 3025 2975 von Anatols Freund Max. Unter den Damen holte sich eigentlich nur
1775 2969 3025 3016 Mathilde Sussin im „Abschiedsdiner“ einen darstellerischen Separater¬
1779 3009 3031 3064 folg durch ihr Temperament, das die Anni echter, wienerischer an¬
1778 3045 2798 3096 faßte, als alle übrigen Darsteller ihre Wiener Menschen
2579 3069 2986 3149 Karl Fr. Nowack,
2684 3136 2770 3189 a
1845 3150 2498 3213 eikä
