3436 4256
1370 177 1730 273 box 9/3
261 183 793 276 4.9. Anatol
829 177 1147 306 Zykle
1706 1547 2902 1673 Aan de fer die in den Diensten der
1709 1643 2902 1715 reits auf über 100 Aufführungen gebracht hat, ist vielleicht der
691 1634 1454 1748 Berliner Theaterbrief.
1706 1676 2908 1760 Typus dieser geist= und wirlosen „Kunst", die sich mit ein wenig
604 1700 1517 1811 (Von unserm eigenen Berliner Mitarbeiter.)
499 1715 2905 1853 el Neues ist in der letzten Zeit nicht über die Berliner Burschillinger, Musik, mit eindeutigen Complets, mit Anasslichkeiten
1715 1766 2908 1835 und mit der Darbietung körperlicher Reise über die völlige In¬
1370 1793 2908 1865 kein dichterisches haltsleere hinwegbilft. Und nun im Gegensatz dazu ein guter,
499 1832 1319 1883 nen gegangen und unter dem Neuen war
502 1838 2908 1937 Werterzeugnis, das ist man schon gewohnt, — nickt einmal ein alter Offenbach! Die Verpflanzung dieser Operette in das Große
1721 1880 2908 1949 Schauspielhaus war gewiß ein Wagnis. Würde sich die musikalische
517 1895 1685 1967 richtiger „Schlager“. Das Lustspielhaus hat mit „Peter Brauer
1718 1913 2911 1982 Natur des Werkes auf diesen weiten Raum abstimmen lassen! Der
505 1937 1691 2022 dem Hauptmann aus dem Jahre 1912 und dem Hahnenkampf
505 1952 2914 2040 einer Lantensackschen Komödie trotz Bassermann nicht viel Glück ersuch ist aber noch dieser Richtung ausgezeichnet gelungen. Die
1721 1988 2908 2067 Kapelle, die allerdings in ganz ungewöhnlicher Stärke auftritt,
502 2019 1697 2088 gehabt. Beide Stücke sind ziemlich rasch wieder verschwunden
1724 2031 2917 2112 füllt mit ihren Weisen das ganze geräumige Haus. Für Weinhardt
508 2055 1691 2133 Dafür läßt das Lustspielhaus jetzt allabendlich den „Werwolf
508 2073 2914 2160 als Geist auf seiner Bühne umgeben. Es hat damit aber nur die waren zweifellos die Massenszenen des zweiten und dritten Ak¬
514 2109 2932 2199 bisherige literarische Höhe etwas gesenkt, ohne mit dem neuen es der Anreiz zur Aufführung dieser Operette. Und hier bietet
514 2154 2917 2238 Stück eine besondere Anziehungskraft zu gewinnen. Unter den denn die Aufführung auch eine bisher nicht gesehene Leistung.
514 2190 2917 2283 Neuheiten hat immer noch das „Karussel", das allabendlich im Ko¬ Erwachen des Olymys im zweiten Akt, der Aufruhr der
1724 2223 2923 2292 Götter, Halbgötter und Numben gegen den klägen Zeus, die
511 2247 1700 2316 mödienhaus gespielt wird, die größte Wirkung erzielt. Es ver
511 2262 2914 2361 dankt sie aber recht zweifelhaften Pariser Qualitäten, die etwas Tanzszene, die Tafelsene im dritten Akt und der Flußtana —
511 2301 2923 2403 an den „Hühnerhof“ erinnern, der sich eine Zeitlang an den Kam¬ das ist von einer Pracht der Ausstattung, von einem
520 2346 2923 2433 merspielen aufgetan hatte. Auch das „Karussel“ ist französischer Schwung und von einer künstlerischen Abrundung, wie sie der
520 2379 2923 2469 Import und führt seinen Namen deshalb, weil die beiden Lieb¬eiteren Muse Offenbachs wohl bisher noch nicht zuteil gewor¬
526 2415 2923 2514 haber einer „Dame", der eine fürs Herz, der andere für den an sind. Einen weiteren Vorzug der Aufführung bildet die Be¬
1736 2463 2926 2526 setzung aller Vollen mit einer auserlesenen Künstlerschar, die
523 2472 1712 2553 Geldbeutel, infolge eines Umschwungs an der Börse ihre Rollen
526 2493 2923 2589 wechseln. Die Hauptattraktion dieses Stückes ist die Orska, die einhardt für diese besondere Aufgabe geworben hat. An ihrer
526 2529 2929 2628 bisher im Theater an der Königgräter Straße Manon Lescantine steht Max Vollenberg, der als Jupiter allabendlich eine
523 2574 2929 2670 verkörpert hat und die jetzt im Komödienhaus die Karnsseldame Meisterleistung ursprünglicher Komik improvisiert oder aus dem
1742 2616 2932 2676 Vermel schüttelt. Er trifft damit ganz den Ton der Offenbach¬
523 2637 1724 2700 nicht nur sehr vikant, sondern auch in einer solchen Abwechselung
523 2658 2935 2739 von Prachtgewändern vorführt, daß das weibliche Berlin alleine Operette, die in lustiger und geistvoller Selbstverstattung
523 2688 2941 2784 deshalb das Stück „gesehen haben muß. Auch das Moskauer Fronisierung der grosserigen Oper das denkbar ligste
526 2736 2935 2824 Künstler=Theater hat seinen Schauplatz verlegt, es spielt jetzt imet. Dazu die frühende Offenbachsche Musik! So entsteht ein
1742 2769 2935 2839 Ganzes, das den Tausenden von Besuchern in einer sehr genuß¬
532 2787 1718 2866 Deutschen Künstler=Theater und hat mit dem „Kirchgarten" sei
1742 2812 2938 2887 reichen Form vor Augen führt, wie hoch die alte Operette sier
529 2821 1718 2893 nen Berliner Landsleuten und den weniger zahlreichen deutscher
1745 2854 2941 2917 den modernen Schöpfungen steht. Schade, daß „Orpheus in der
532 2866 1718 2929 Besuchern ein wundervoll abgestimmtes Bild russischer Bühnen
1751 2890 2938 3004 Unterwelt" nach 14 Tagen Spielzeit im Großen Schauspielhaus
535 2902 1727 2977 kunft geboten. Im übrigen sind wieder einige alte Stücke zum
535 2947 2055 3052 Vorschein gekommen. So Georg Hirschfelds „Mütter" im Klei¬ abgetan sein sol¬
535 2986 1727 3055 nen Schauspielhaus und der Einakterzyklus „Anatol“ von Schnitz¬
538 3013 1739 3097 ler in den Kammerspielen. Schnitzler ist durch den Reisen Pro¬
541 3061 1736 3142 den wieder etwas in Mode gekommen. Und mit dem prickelnden
535 3103 1736 3181 „Anatol" haben die Kammerspiele bei dieser Gelegenheit nicht den
535 3160 976 3223 schlechtesten Griff getan.
601 3169 1742 3253 Eine andere Neueinstudierung und Neu-Inszenierung ragt aber
541 3223 1736 3292 weit über alle die übrigen Versuche hinaus. Das ist die Auffüh¬
541 3256 1727 3337 rung der Offenbachschen Operette „Orpheus in der Unterwelt
544 3304 1736 3379 im Großen Schauspielhaus. Max Reinhardt zeichnet für diese Re¬
541 3343 1742 3409 aetatt wieder einmal persönlich verantwortlich, ebenso wie im
544 3385 1679 3451 Deutschen Theater bei den „Traumbildern“ von Strindberg.
544 3409 1736 3493 Diese Operettenaufführung im Großen Schauspielhaus stellt viel¬
547 3454 1742 3526 leicht mit Bewußtsein unseren klassischen Operettenbesitz einmal in
541 3493 1742 3565 vergleichbaren Gegensatz zu den modernen Neuschöpfungen auf
550 3535 1742 3601 diesem Gebiete. Man kann heute durch alle Berliner Operetten¬
553 3568 1742 3641 Theater gehen, ohne etwas anderes zu finden als Surrogate,
556 3614 1751 3680 Ohne Sterne ersten Ranges, wie einzelne Bühnen sie sich in
556 3653 1748 3719 Künstlern und Künstlerinnen wie Thielscher, Fritzi Massar,
556 3683 1748 3761 Molly Wessely verschrieben haben, wären die heute gespielten Ope¬
538 3734 1760 3833 retten ein kraftloses Gerippe mit etwas musikalischer Gewandung.
