3436 4352
248 227 1231 343 4.9. Anatol - Zyklus
605 1243 1225 1335 Dr. Max Goldschmidt
603 1315 1222 1412 Füro für Zeitungsausschnitte
971 1387 1383 1462 Telefon: Norden 3001
430 1395 697 1458 BERLINN 4
763 1487 1070 1559 Ausschnitt aus:
475 1540 1340 1643 Hamburgischer Correspondent
957 1704 1326 1821 15 Nov. 1927
499 1891 1328 2001 Hamburger Kammerspiele.
729 1972 1093 2044 Schnitzler: Anatol.
377 2014 1537 2089 Fern scheint die Feuer, eine Stimmungswelt
308 2069 1528 2133 erstehen konnte, wie Anatol sie brauchte, in der seine Liebeleien
305 2102 1527 2177 gedeihen konnten. Er, der leichtsinnig lebte und schwermütig
296 2142 1524 2217 dachte, war Genießer, der alle Zärtlichkeiten — echte oder ein¬
317 2179 1533 2243 gebildete — auszukosten suchte. Halb Casanova, halb Don Juan
308 2217 1525 2291 des endenden 19. Jahrhunderts. Von den sieben Dialogen er¬
305 2256 1533 2318 wachten vier: Die Frage an das Schicksal, Weihnachtseinkäufe,
305 2301 1527 2367 Abschiedssouper und Hochzeitsmorgen. Staub liegt darüber.
320 2334 1528 2398 Das süße Mädel draußen in der Vorstadt, dem ein Veilchen¬
312 2369 1531 2441 strauß als Angebinde genügt, gibt es nur noch im Märchen.
314 2416 1524 2473 Armer Anatol! Dahin sind seine Tage. Heute wirken die
320 2447 1527 2516 kleinen amourösen Gefühle nicht mehr. Empfindsame Zärtlich¬
314 2497 1531 2559 keiten braucht kein Mensch. Der unwiderstehliche Schwerenöter
320 2531 1530 2602 sieht anders aus als Anatol, analysiert weniger und findet Ge¬
320 2580 966 2644 nige an Magazin oder Koralle.
394 2576 1531 2675 Gustaf Gründgens spielte darum auch nicht den mit
314 2628 1542 2716 Wehmut, Ressentiments und Sentimentalitäten bis an den
320 2690 1537 2755 Rand gefüllten Erotomanen, sondern den frechen und doch
320 2726 1542 2801 liebenswerten modernen Schwerenöter. So wurde die Rolle
323 2772 1544 2828 unter seinen Händen lebendig und löste viel Lachen aus. Viktor
315 2807 1536 2873 Kovarzik glossierte entzückend als Max alle Herzensregun¬
329 2842 1539 2905 gen seines Freundes und hatte immer das letzte Wort. Und
322 2889 1544 2949 darum recht. Irma Steins liebreizende Natürlichkeit kam
332 2919 1542 2984 der kleinen Cora zustatten und Herta Windschilds über¬
337 2955 1544 3026 prudelnde Lebendigkeit der Anni. Wie denn die Frage an das
329 3000 1550 3075 Schicksal und „Abschiedssouper lebendigsten Eindruck hinter¬
329 3053 461 3113 ließen.
400 3064 1551 3148 Karl Salomon umrahmte die vier graziösen Angelegen¬
332 3122 1550 3191 heiten mit Lanner und Strauß. Ellen Schwanneke schwebte
329 3159 1556 3228 als Prologus mit Hofmanthalschen Versen vorüber. Man
1393 3197 1554 3266 In den
329 3203 1312 3268 kennt sie „Frühgereift und zart und traurig...
335 3237 1481 3320 Spielen war nicht viel davon zu spüren. Und das war gut.
415 3277 1522 3376 Das Publikum erheiterte sich und sparte nicht mit Beifall.
1403 3324 1498 3370 F. E.
1364 216 1726 317 box 9/4
2292 485 2896 582 Dr. Max Goldschmidt
2292 568 2897 662 Büro für Zeitungsausschnitte
2655 632 3061 710 Telefon: Norden 3051
2122 637 2375 714 BERLIN N4
2442 740 2747 815 Ausschnitt aus:
2352 796 2848 891 Hamburger Echo
2641 989 2900 1055 ...
2396 1041 2885 1161 und Nov. 192
2283 1139 2761 1227 Hamburger Kammerspiele.
1984 1173 3089 1259 Anatol, du allzumenschlicher Liebhaber, du fanstes, zwech¬
1943 1243 3085 1309 lose, aber durchaus sympathisches Exemplar deiner Gattung
1943 1286 3021 1331 verliebter Junggesellen, der du die von dem lächelnden sa¬
1946 1323 3089 1381 Schnitzler, deinem Herrn und Meister, mit gefährlicher Kunst
1943 1366 3082 1419 gestellten Prüfungen mit Grotte und Geschien besteht, du Anatol.
1946 1401 3085 1453 ist so schnell ein Bühnen, eis werden, sondern noch lange
1962 1444 3085 1494 schön, jung und leicht, einfang auf den Brettern, die doch die
1955 1481 3089 1530 Welt bedeuten sollen, einwandeln. Und die Damen und Herren
1949 1524 3081 1574 in Parkett und Rang werden sich in die freundlich nachsichtig
1946 1556 3079 1608 belächeln, und zwischendurch die Wiener Walzer mitsummen, die
1940 1600 3082 1660 alles Spiel welch und zärlich einhüllen. Und wenn sie längs
1937 1697 3092 1769 alle wieder draußen sind, selbst Fragen an das Schicksal stellen,
1949 1755 3082 1808 Einkäufe machen, Abschied feiern, dann wird trotz alledem noch
1943 1793 3082 1850 oft leise und eindringlich ihr konsequenteres Ich sie mahnen müssen
1952 1825 3084 1883 „Anatol!" und vielleicht erinnern sie sich dann an den Wiener
1949 1868 3092 1916 Walzer und den freundlichen alten Herrn mit dem großen Bart
1940 1906 3087 1960 in Wien, der ihnen ihre Schwächen so graziös, nett und gar nicht
1949 1949 2358 2014 peinlich vorgespielt hat.
2024 1960 3082 2050 Gustaf Grundgens zeichnete für die gelungene Inszene¬
1949 2030 3092 2087 rung dieser Bilder. Spielte selbst die Rolle des Anatol, seinen
1955 2067 3092 2128 Freund Max übernahm Diktor Kowarzik mit gleichem
1955 2110 3079 2170 Geschick. Die Damen Stein, Windschild, Jerndo¬
1954 2148 3082 2200 und Mattner teilten sich in die weiblichen Rollen. Die Gesamt¬
1952 2187 3089 2242 leistung hatte ausgezeichneten Erfolg beim zahlreichen Publikum.
2138 2464 2753 2537 Dr. Max Goldschmidt
2138 2511 2759 2614 Büro für Zeitungsausschnitte
2508 2568 2923 2667 Telefon: Norden 3051
1972 2608 2223 2687 BERLINNA
2295 2703 2603 2772 Ausschnitt aus:
2098 2756 2808 2863 Hamburger Nachrichten
2482 2978 2710 3087 1 Nov.
2269 3095 2739 3222 Theater und Kunst
1942 3164 3093 3285 d. Die Hamburger Kammerhielt haben Arthur Schnee¬
1934 3237 3035 3326 ers „Anatol wieder in den Spielplan aufgenommen.
1929 3257 3098 3369 die vieraktigen Gespräche um die „zärtliche Liebe ohne das Be¬
1931 3300 3093 3409 dürfnis der Treue herum, schafft die Spielleitung von Gustaf
1929 3352 3096 3465 Gründgens den leichten, mondänen Rahmen. Gründgens gibt
1928 3395 3105 3502 mit Lässigkeit und wohl temperierten Gefühlsanklängen als Anato.
1931 3430 3107 3549 den erlebenden, liebenden und vielgeliebten Lebemann. In die
1931 3479 3105 3588 Atmosphäre voll seinem Spott und Schatten von Schwermut, voll
1942 3514 3105 3635 süßer Wiener Innigkeit und wohliger Müdigkeit fügten sich auch
1936 3562 3107 3672 die übrigen Darsteller gut ein: Viktor Kowarzik
1940 3606 3112 3715 als Max, Irma Stein, Christa Mattner und Herta
1942 3658 3108 3761 Windschild als die jeweiligen Partnerinnen Anatols.
1948 3700 3112 3816 Ellen Schwanneke spricht den Vorspruch, den Hugo von Hof¬
1942 3741 3118 3853 mannsthal dem „Anatol“ einst mitgab, und Wiener Walzer um¬
1939 3788 3139 3914 nahmen die der alle. Das Publikum bereits der Meinung
1946 3866 2496 3955 eine sehr beifällige Aufnahme.
