3436 4320
291 186 806 267 4.9. Anatol
650 186 1144 298 Zykl
811 439 907 509 -
718 475 1212 543 Budapest, Chicago, Clevelan
696 520 1307 581 en, London, Madrid, Mailand, M...
397 563 1432 623 New-York, Paris, Rom, San Francisco, Stockholm, St. Peter.
796 607 1069 662 burg, Toronto.
639 653 1213 737 (Quellenangabe ohne Gewähr).
398 690 1424 804 Ausschnitt aus Neues Pester Journal
617 785 898 868 2
407 843 528 898 vom
522 879 1375 994 Peater, Kunst und Literatur.
532 981 1443 1074 (Ungarisches Theater.) Arthur Schnitz¬
435 1040 1446 1118 ler Anatole — im Ungarischen Theater heute
441 1110 1438 1170 zum ersten Mal gegeben — erzählt seine Liebschaften
437 1156 1443 1202 auf dem Theater so wie der viel ernstere Hoffmann.
437 1187 1438 1261 Auch Anatol könnte so anfangen: „Meine erste Liebe
437 1242 1438 1304 war Cora" — wenn das überhaupt wahr wäre. Denn
435 1287 1438 1364 es ist kaum zu glauben, daß der naiv-melancholische
430 1329 1440 1412 Wiener Noceur sich an seine erste Liebe erinnert. Er
434 1391 1442 1465 hat deren zu viele gehabt. Hoffmann blos drei, und
430 1424 1442 1501 das waren ernste, tragisch angehauchte Liebschaften.
437 1482 1443 1544 Anatol hatte blos Verhältnisse oder wie man in
446 1526 1440 1593 seiner Mundart sagen würde: „Pantschern." Hoff¬
431 1583 1440 1640 mann's Erzählungen sind retrospektive Darstellungen
430 1628 1442 1689 bizarrer Liebestragödien. Die fünf Einakter Schnitz¬
438 1674 1433 1739 ler's bilden eine Revue von Liebeleien, in denen
430 1718 1443 1794 Anatol steckt, oder die er gerade lösen will und dabei
431 1779 1439 1851 einige geistvoll hingestellte „surprises d'amour
431 1813 1438 1885 erlebt. Die Sachen sind hübsch, gefällig in dem
438 1867 1431 1945 Humor der Resignation, und in der wieneri¬
435 1919 1429 1992 schen Darstellung Schnitzler's im Buch wie auf
432 1962 1432 2040 dem Theater von eigenem Reiz. Uns dünkt das
427 2020 1436 2094 Ganze als Bühnengegenstand ein bischen ver¬
424 2047 1431 2134 blüht. Es hat einen Theil seiner Lebenskraft in
419 2109 1427 2175 den achtzehn Jahren seiner Buchexistenz verlebt.
430 2154 1427 2222 Hypnose, süßes Mädl und Garçonwohnungslyrik sind
432 2218 1427 2281 doch gewiß durchsprochene Dinge von gestern und
426 2258 1421 2339 vorgestern. Die Darstellung im Ungarischen Thea¬
432 2297 1428 2383 er packt die Sache ein wenig zu der an und die
422 2349 1424 2411 Wiener Note kommt gar nicht zum Klingen. Ueber¬
422 2399 1428 2468 haupt ist die fünftheilige Komödie in der ungarischen
420 2452 1421 2517 Darstellung niche recht zuhause. Anatol ist ein Kind
418 2498 1421 2573 der Ringstraße. Herr Goth transferirt ihn nach dem
422 2540 1424 2606 Boulevard des Italiens und macht einen Feydeau¬
423 2592 1424 2663 schen Komiker aus dem lebefreudigen Gemüthsmen¬
426 2645 1427 2712 schen Schnitzler's. Und für die Annie der Frau
422 2697 1424 2750 Forrai wurde der Meldezettel in irgend einer volks¬
412 2732 1421 2818 thümlichen Gasse unseres sechsten Bezirks ausgestellt.
411 2781 1421 2867 Was den Max Z. Molnar's anbelangt, ist dieser
412 2837 1414 2909 in einem früheren Rollenkreis dieses sonst erfinderischen
416 2883 1416 2954 Künstlers stecken geblieben und kann nicht heraus.
416 2942 1412 3012 Eine plausible Anatol=Liebhaberin war von den fünf
408 2977 1416 3050 mitwirkenden Damen blos die Helene der Frau
419 3036 1418 3094 Göth-Kerteß in der letzten Piece: „Anatol am
408 3072 1412 3143 Hochzeitsmorgen". Hier war auch die Komikerfagon
407 3132 1409 3199 des Göth'schen Anatol angebracht. Er war aber auch
415 3174 1409 3259 sehr unterhaltend, nahezu von voller Possenwirkung.
409 3229 1412 3284 Aber das Publikum ging Herrn Goth nach. Es
412 3286 1402 3346 amüsirte sich vortrefflich über das, wozu „Anatol
404 3328 1412 3382 durch Herrn Goth und seine Spielgenossen sehr be¬
404 3369 1412 3434 lustigend verfälscht wurde. Was das war, darum
407 3423 1413 3497 fragte kein Mensch, sondern lachte und applau¬
404 3468 1417 3552 dirte. Dazu konnte sich jeder Zuschauer an einer
401 3513 1418 3611 Reihe reizend hübscher Interieurausstattungen er¬
407 3562 537 3642 freuen.
1265 3577 1367 3648 t. r.
518 3603 675 3657 .
840 3603 1397 3709 und Karl Fran¬
1408 182 1753 273 box 8/7
2675 1240 3033 1331 Telephon 12801.
1960 1495 3050 1569 I. österr. behördl. konz. Unternehmen für Zeitungs-Ausschnitte
2100 1550 2943 1655 Wien, I., Concordiaplatz 4.
2320 1635 2709 1708 Vertretungen
1956 1686 3040 1779 in Berlin, Budapest, Chicago, Christiania, Genf, Kopen¬
1972 1722 3049 1798 hagen, London, Madrid, Mailand, Minneapolis, New-York,
2025 1767 3006 1841 Paris, Rom, San Francisco, Stockholm, St. Petersburg.
2345 1810 2655 1869 Quellengabe, ohne Ge¬
1988 1801 3033 1942 Ausschußgester Sonn- u. Montags=Zeitung
2229 1939 2521 2030 28 2 19
1938 1948 2149 2040 vom
2100 2018 2935 2122 Das Ungarische Theater hatte San
1983 2081 2977 2176 wieder einmal einen Ehrenabend und wir rech¬
1992 2156 2993 2209 es Direktor Bethy als großes Verdienst an, daß er
1990 2184 2991 2255 neben dem Königstheater, auch diesem zum Schau¬
2006 2224 2997 2305 spielhaus avancirten Theater, so viel künstlerische
1990 2279 2996 2342 Aufmerksamkeit widmet. Man gab „Anatole eine
1995 2315 3002 2387 Reihe von Bildern, welche die Lie schaften des
1999 2357 3002 2456 Helden behandeln, von Schnitzler. Diese er¬
2010 2406 3003 2474 — es waren ursprünglich ihrer sieben Trieb
1961 2462 3003 2516 — Schnitzler schon vor nahezu 2 Dezenien. Stielen
1995 2500 2995 2558 damals sehr. Am ungarischen Theater kamen jedoch
2002 2536 2995 2604 nur fünf zur Aufführung, die ebenfalls außerordent¬
2002 2585 3003 2662 lich gefielen. Als Repertoirstück hat sich ja die Di¬
2002 2640 3003 2701 rektion, diese hübschen Kleinigkeiten selbst nicht gedacht,
2010 2670 3010 2739 aber ihre Schuldigkeit werden sie redlich thun. Die
2010 2713 3003 2784 Mitwirkenden wären alle zu loben. Allen voran
2013 2755 3006 2829 Frau Goth-Kerteß und Herr Z. Molnar
2007 2800 3015 2883 Die Titelrolle spielte Herr Goth, sehr nett, sehr
2018 2848 3002 2928 gut, sehr lustig — aber doch nicht so, wie sie hätt,
2020 2908 3002 2973 gespielt werden sollen. Es geht Herrn Goth seit ei
2014 2931 3015 3021 niger Zeit mit allen seinen Rollen so. Er spielt sie
2009 2982 3018 3065 alle gut, aber alle doch nicht so, als sie gespielt
2016 3027 3018 3098 werden sollen. Die Ausstattung erstklassig und ge¬
2029 3080 3019 3185 schmackvoll. Das Publicum unterhielt sich gut und
2016 3132 2339 3192 applaudirte viel.
