3248 4256
336 192 877 294 k
31 184 701 294 4.9. Anton
453 1027 917 1114 Dienstag, 2. Februar
402 1226 1047 1345 Alles lacht
704 1325 1037 1406 amüsiert sich bei
402 1388 1215 1509 Rócz Antal
396 1491 1219 1571 und seinen lustigen Zigeuner-Symphonikern
402 1576 1129 1698 PAVILLON
973 1662 1226 1725 Tel. R 21-0-29
399 1669 797 1729 I. WALISCHASSE 11
413 2036 1084 2162 Röbbelings „Anat
573 2139 1040 2218 Im Akademie=Theater
456 2188 1242 2263 Mit diesem „Anatol" hat's uns Röbbe¬
369 2239 1238 2327 ling gründlich gezeigt. Nur immer fix.
373 2302 1153 2369 Premiere muß sein, auch ohne Anatol.
447 2343 1238 2402 Das Ergebnis: Raoul Aslans stür¬
364 2404 1236 2455 mischer Publikumserfolg ist ein Sieg der
367 2453 1242 2518 Persönlichkeit. Einer geistigen und leise
364 2504 1238 2568 parodistischen Ueberlegenheit, die mit ihrer
367 2555 1235 2622 noch so satten und funkelnden Routine
367 2605 947 2676 allein freilich nicht auskäme.
447 2629 1233 2721 Aslan ist kein unbedingter Anatol. Er
364 2709 1236 2770 trägt die Stirnlocke Oskar Wildes, ein Prä¬
364 2765 1230 2824 raffaelit, der bei Sacher speist. So schmerz¬
364 2811 1256 2874 lich und so vielwissend mag Lord Byron
364 2854 1244 2910 mit seiner Geliebten gezankt und geplaudert
369 2906 1234 2973 haben. Und Tasso macht beim Abschieds¬
360 2953 1205 3022 souper einen leicht ennupierten Eindruck.
447 3003 1244 3062 Das macht, Aslan ist nicht physisch, er
364 3052 1247 3109 ist künstlerisch zu alt. Sein Anatol ist kein
366 3106 1234 3160 leichtsinnig träumerisches Erlebnis. Aber
369 3149 1238 3216 ein wundervoll zartes und trauriges und
364 3208 1236 3284 dazu ein blitzgescheites Bekenntnis. Zu der
367 3254 1235 3320 Figur, die schon an den Kahlenberghängen
364 3311 1236 3363 unserer Jugend hinschwindet, im Duft der
367 3356 1239 3416 Erinnerung und der Seele dieser Stadt,
369 3408 1236 3474 wie sie war und nie mehr sein wird: Elegie
358 3458 738 3522 im Dreivierteltakt.
447 3494 1233 3556 Aslan kann nicht anders, er erläutert
364 3552 1236 3616 den Schwärmer und Genießer Anatol mit
363 3610 1236 3672 einer bezaubernd nachsichtigen Heiterkeit.
364 3660 1226 3715 So spricht er auch des 17jährigen Hoff¬
364 3711 1236 3766 mannsthal silberschimmernde Prolog=Verse.
373 3761 1246 3816 Mit einem sanften Kennerlächeln auf dem
367 3798 1239 3869 Wort Rokoko, wie umfächelt von den
364 3853 1233 3916 wolkengleich schwebenden „langstieligen
364 3906 1229 3968 Nelken" des Dichters, fernem süßem Mäd¬
367 3950 1236 4025 chenkichern lauschend, vom Frühabendlicht
363 4009 1236 4070 umsponnen und von jenen Träumen, wie sie
364 4062 1230 4130 hier genannt werden: „frühgereift und zart
376 4112 632 4176 und traurig,
1141 197 1499 288 box 9/4
2056 983 2268 1079 an
1801 1047 2214 1193 Allgemeine
2265 1055 2531 1200 Zeitung
1277 1168 2152 1246 Nur die Cora Frau Dregers bleibt eine
2274 1169 3065 1250 Und Anatol? Ist er uns entrückt, weil
1277 1235 2144 1288 blässere, wenn auch sehr eifervolle Neben¬
2193 1244 3065 1296 er sachlicheren erotischen Belangen zuliebe
1283 1286 2150 1346 figur und das an sich einfallsreiche Mienen¬
2193 1286 3065 1353 im Kostüm gespielt wurde? Eine Schubert¬
1286 1338 2145 1393 spiel Herrn Eybners als Separeekellner eine
2193 1341 3063 1396 Geige umseufzte diesmal seine Zwischen¬
1286 1383 1600 1451 Nüance zu viel.
2193 1396 3074 1447 akte und ein Rosenstrauß blühte beziehungs¬
1363 1426 2148 1492 Die Regie Hofrat Herterichs wirkt nicht
2193 1438 3063 1495 voll ins Proszenium. Mußte einer aus
1283 1468 2145 1535 nur in den fast boshaft stilechten Damen¬
2196 1487 3065 1545 Hamburg kommen, um uns zu zeigen, daß
1270 1530 2152 1588 kostümen Ladislaus Czettels, dieses Grand¬
2193 1533 3063 1584 diese frühe Dichterwissenschaft des Herzens
1286 1581 2145 1638 seigneurs dekorativer Phantasie, überaus
2184 1583 3065 1646 heute dem Geist gehört und nicht mehr der
1277 1636 2149 1685 bildhaft. Sie hat auch den Dämmerduft
2189 1636 3065 1690 Erotik? Daß die Herzen noch schlagen wie
1279 1684 2146 1742 dieser Gespräche sehr nobel getroffen, den
2193 1678 3063 1738 damals, hold verwirrt, von süßer Lüge,
2189 1725 3073 1782 die tiefste Wahrheit ist, verblendet, im
1277 1728 2152 1783 geheimnisvollen Celloton dieser frühalten
2184 1777 3047 1842 ewigen Ampelschein der Liebesstunden..
1278 1781 2154 1839 und altklugen Melancholie, diese sanfte und
2183 1840 3064 1887 und daß ein Dichter nicht nur ihren Dialog
1277 1830 2149 1889 holde Unschlüssigkeit zwischen Scham und
1286 1878 1406 1937 Spott.
2189 1879 3064 1946 schrieb, sondern auch ihr Schicksal. Eine
2184 1927 3065 1997 „jüngere Aufführung, eine flottere,
1368 1922 2146 1984 Noch ein Wort fürs vielgeschmähte,
2199 1975 3066 2030 frechere, kokett hintergründigere wäre ge¬
1283 1981 2144 2030 angeblich so geniearme Burgtheater:
2189 2019 3068 2084 wiß denkbar. Begnügen wir uns mit dem
1283 2024 2150 2079 Röbbeling konnte nicht wissen, wie Alma
2193 2067 3063 2130 Echo jener Frühlingsstimmen, in denen
1278 2073 2146 2134 Seidler die alte, fast zu oft schon belachte
2184 2125 3068 2173 Schwermut und Tanzschritt war, Herzens¬
1277 2122 2134 2175 Glanzrolle der Annie im „Abschiedssouper
2186 2173 3065 2224 weisheit und Possenspiel dieser Weisheit.
1282 2167 2138 2233 spielen würde. Es war hinreißend, selbst
2192 2221 3072 2266 Huldigen wir diesem berauschenden
1277 2217 2149 2275 dort, wo ein Schwipsglückser oder ein
2188 2263 3073 2332 Theaterspuk, der mit Makart-Farben un¬
1277 2272 2145 2325 Balleteusenbeinschwung die Burgtheater¬
2189 2312 3059 2375 sterbliche Visionen schuf. Der „unseres
1277 2323 2145 2376 würde anzurempeln schien. Es war jener
2188 2365 3058 2425 Fühlens Heut und Gestern spielt, noch
1276 2358 2152 2430 hier geringgeschätzte Markersdorfer, der
2189 2411 2680 2484 immer, immer noch ...
1276 2414 2145 2491 den Champagnerstich hat. Es war ein Fest
1278 2462 2146 2513 drolligster Inspiration und ein Rekord an
2262 2444 3059 2535 Es gehört eigentlich nicht hieber, daß
1277 2514 2152 2567 Echtheit, so überschäumend, daß selbst ein
2186 2531 3059 2591 der auch hier fixe Ordnungsmacher Rebbe¬
1277 2555 2145 2619 Argus des Burgtheatergeistes wie ihr
2189 2574 3059 2631 ling im Zwischenakt die Witwen Schnitzlers
1278 2614 2145 2667 Partner Aslan bestürzt und bewundernd
2186 2630 3058 2689 und Hofmannsthals begrüßte. Aber es
1277 2654 2149 2713 das Haupt zu beugen schien. Ein
2196 2674 3054 2733 sichert ihm einen unverbindlichen Hände¬
1289 2700 2143 2767 Elementarereignis des Humors, für das es
2175 2718 2311 2776 druck.
2545 2733 3030 2810 Ludwig Ullmann,
1285 2750 1999 2839 seltsamerweise kein Repertoire gibt.
