3344 4256
1312 151 1662 247 box 9/1
187 139 860 265 4.9. Anatol-
682 154 1116 274 ku
2039 609 2443 688 on Kauli
1909 645 2859 742 Die Gesellschaft haftet mit ihren gesamten Garantiefonds
1918 730 2850 781 für die in Oesterreich eingegangenen Verpflichtungen
2006 769 2775 842 KAUTIONS-VERUNTREUUNGS-)
2009 820 2778 917 u. GARANTIE VERSICHERUNG.
2003 887 2772 977 Redlichkeits-Garantie.
2129 956 2642 1029 Prospekte und Auskünfte:
2099 1013 2675 1089 General-Direktion für österreich:
395 1035 1541 1119 se zwischen Art und Waisen
2006 1059 2772 1137 Wien, I., Rotenturmstrasse 20.
398 1101 661 1161 Boden nieder.
1918 1116 2853 1216 Telephon 23084. (Residenz-Palast.) Telephon 23084
443 1107 1596 1197 Von der Lustschiffhalle gingen sofort die anwesenden Soldaten
410 1170 1599 1240 und der Kraftwagen nach der Landungsstelle ab. Der Mon¬
2006 1179 2772 1252 VERSICHERUNG GEGEN UNRED
404 1216 1602 1288 teur Gatting wurde bewußtlos auf dem Felde gefunden
2003 1246 2769 1309 LICHE HANOLUNGEN IM BUCI¬
401 1261 1596 1327 und sofort nach dem Schwetzinger Krankenhaus gebracht, wo ein
410 1300 1599 1369 Rippenbruch und eine Schulterquetschung festgestellt wurden;
2003 1306 2775 1400 FORDERUNGSESCOMPTE.
404 1351 1611 1415 die Verletzungen sind aber nicht lebensgefährlich. Prof.
2217 1366 2567 1427 Auskünfte erteilt:
410 1387 1608 1460 Schütte fuhr sofort nach dem Landungsplatz. Er war sehr auf¬
1909 1394 2859 1502 „FIDES REVISIONSGESELLSCHAFT m. b. H.
413 1442 1605 1511 geregt, und erzählt, nachdem er sich kurze Zeit erholt hatte, daß
2151 1475 2633 1544 Wien IX/1, Peregringasse 1.
410 1481 1605 1547 er die Gefahr des Ausstoßens wohl bemerkt und sofort das
410 1520 1614 1590 Kommando zum Abstellen der Motore gegeben habe; im gleichen
407 1568 1611 1629 Augenblick prallte das Lustschiff aber schon auf. Er selbst verlor
413 1620 1611 1677 die Gondel unter den Füßen und überschlug sich in der Luft. Bei
407 1620 2335 1719 dem Sturz zog er sich eine schmerzhafte Verstauchung des wärtigen Zeitungen aufger wur¬
1885 1701 2582 1761 Die spanisch-französischen Verhandlungen.
416 1698 1608 1765 Beckens zu. Pros. Schütte konnte sich im Augenblick nicht er¬
1731 1716 2847 1813 Paris, 13. April. Der Temps glaubt zu wissen, daß die
407 1746 1611 1807 klären, wie das Luftschiff so schnell niedergehen konnte, da die
1638 1786 2841 1858 gestrige Unterredung zwischen dem französischen Bot¬
419 1792 1608 1852 Steuerung doch ausgezeichnet funktioniert hatte. Kommerzienrat
1653 1837 2844 1906 schafter und dem spanischen Minister des Aeußern wieder
413 1834 1605 1906 Aug. Röchling erlitt einige ungefährliche Hautabschür
1641 1873 2835 1936 ergebnislos verlaufen sei. Die französische Regierung
419 1888 555 1958 fungen.
1647 1921 2838 2015 scheint entschlossen, die neue Schutzherrschaft in Marokko ohne
455 1888 1614 1991 Das Luftschiff ist ziemlich intakt, nur der untere Teil
419 1967 1614 2027 der Hülle ist an mehreren Stellen zersetzt, was das Aufstreifen auf
1647 1979 2003 2051 Zögern einzurichten.
1674 1985 2841 2072 „Es ist vielleicht von Nutzen, darauf aufmerksam zu machen," schreibt
422 2006 1611 2081 den Weidenbäumen verursachte. Die Landung erfolgte auf Acker¬
1641 2045 2844 2108 der Temps, „daß die Lage nach der Einrichtung der Schutzherrschaft
428 2054 1605 2126 gelände und ging glatt von statten. Die Einwohner von Altri
422 2096 2844 2163 eilten hinzu, hielten das Schiff fest und seilten es an den Bäumen eine Reihe von Vorteilen in sich schließt, die ebensoviele Nachteile Spa¬
428 2126 2844 2205 an. Der Bürgermeister stellte bereitwillig jede mögliche Hilfe zur niens sein werden. Infolge des vom Sultan unterzeichneten Vertrag¬
1653 2166 2847 2232 haben allein französische Beamte als Zwischenglieder zwischen den Be¬
425 2187 1629 2247 Verfügung. Um 3 Uhr traf Prof Schütte in Altrip ein und
1644 2199 2838 2271 amten des Machsen und den fremden Nationen zu dienen. Die spa¬
428 2229 1620 2292 verweilte bis 4 Uhr am Landungsplatz, worauf er zur Werft zurück¬
1653 2238 2847 2307 nischen Konsuln könnten z. B. nur durch den französischen Residenten
443 2277 1623 2341 fehrte. Bald darauf kamen zwei Monteure der Firma Lanz an
1650 2283 2847 2347 mit den scherifischen Beamten in Beziehungen treten. Strenggenom¬
443 2310 1620 2389 m bei den Bergungsarbeiten, die von Hauptmann v. Müller ge¬
1650 2323 2853 2383 men könnte dem im ganzen Gebiet von Marokko ebenso sein, also auch
1656 2362 2850 2422 in der spanischen Zone. Es versteht sich von selbst, daß vor dem
419 2362 1626 2416 Heitet wurden, mitzuwirken. Als Ursache des Unfalls wird an¬
1656 2395 2853 2464 Zustandekommen eines neuen französischen Abkommens die Kontrolle
437 2407 1623 2476 gegeben, daß eine Seitensteuer nicht richtig funktionier¬
1656 2431 2856 2543 der Zölle in Händen Frankreichs bleibe, entsprechend den Bestimmun¬
431 2449 1626 2510 habe. Die Steuerleitung und die Benzinleiter sind zerrissen; von
1653 2500 2120 2561 gen des früheren Vertrags.
425 2497 1620 2558 den Motoren sind die Oelbehälter abgerissen, die Auspuffrohre ver
431 2528 1626 2591 bogen. Die Motoren selbst haben wenig gelitten. Die Konstruk¬
1698 2503 2859 2615 Berlin, 13. April. (Privattel.) Herzog Adolf Fried¬
425 2573 1629 2663 tion der vorderen Gondel ist verbogen, auch die hintere Gondel
1653 2585 2865 2651 rich zu Mecklenburg ist hier eingetroffen und wird in den
431 2621 775 2681 ist stark beschädigt.
1653 2627 2871 2703 nächsten Wochen im Reichskolonialamt tätig sein, bevor er
480 2618 1632 2712 Das Luftschiff konnte it motorischer Kraft nicht zurückbeför¬
1487 2690 1638 2748 bot die
1680 2681 2500 2742 das Amt eines Gouverneurs von Togo antritt.
413 2663 1421 2784 dert werden. Die Hauptschwierigkeit für den Trans¬
1689 2687 2826 2781 Berlin, 13. April. (Privattel.) Generalentin Kraus
1680 2754 2865 2829 Inspekteur der 1. Pionierinspektion, ist in Genehmigung seines Ab¬
1671 2793 2868 2871 hiedsgesuchs zur Disposition gestellt worden. Im Jahre 1908
1662 2838 2847 2914 var Generalleutnant Krause zum Kommandeur der Pioniere des X
1659 2887 2449 2965 Armeekorps in Straßburg ernannt worden.
1710 2890 2871 2986 w Berlin, 13. April. Wie die Nordd. Allgem. Ztg. erfährt,
1662 2956 2868 3031 ist die Meldung eines englischen Blattes, daß über ein Zu¬
1683 3001 2862 3068 sammentreffen des Kaisers mit Pierpont Morgani¬
1665 3055 2386 3122 Venedig verhandelt würde, erfunden.
1710 3068 2871 3164 Oldenburg, 13. April. (Privattel.) Die Vertrauensmänner¬
1674 3128 2865 3200 versammlung der Nationalliberalen stellte als Kandidaten für
1674 3164 2865 3264 die Reichstagsersatzwahl (für den verstorbenen Abgeordneten Träger
1668 3224 2105 3294 Albrecht=Hamburg auf.
1722 3224 2878 3327 Pest, 13. April. (Privattel.) Die Obstruktion im Par¬
1671 3288 2874 3360 lament wurde auch gestern fortgesetzt. In der Arbeitsparte
1596 3333 2871 3466 ne herrscht tiefe Verstimmung und Unmut wegen der offenbare
