3436 4256
1446 199 1808 291 box 8/5
326 208 1286 310 4.9. Anatol - Zyklus
847 452 1066 526 .
521 468 1429 604 l'ew-York, Paris, Rom, San Francisco, Stocknen,
920 549 1200 612 burg, Toronto.
873 568 1246 662 und das Ge¬
516 628 1610 817 Ausschnitt aus Paris gemeine Zeit
516 729 1327 864 vom 4. 191 Berlin
571 887 1449 1000 Theater, Kunst u. Wissenschaft
590 1024 1133 1114 Schnitzlers „Analol-
950 1096 1470 1188 im Lessing=Theater.
648 1171 1470 1227 So tändelten fünf der köstlichen Ausschütte
593 1216 1465 1274 aus Anatols Liebesleben gestern über die Bühne.
585 1271 1462 1316 Leicht, graziös, spieleris. Und sie befanden die
590 1304 1465 1346 Probe auf ihre Bühnenwirksamkeit als Ganzes,
588 1341 1457 1393 Das famose „Abschiedssouper" und „Die Frage
579 1382 1462 1435 an das Schicksal sind ja schon oft gespielt
587 1410 1465 1460 orden. So gab es nur den Zweifel, ob fünf
599 1457 1466 1496 Einakterchen, die sich nacheinander abrollen und
604 1485 1470 1548 stets dasselbe Motiv variieren, nicht zu viel des
603 1531 1485 1585 Guten wären. Das Publikum strafte die Sep¬
590 1571 1459 1617 tiker Lügen und applaudierte, stark und ehrlich,
599 1604 1455 1676 Nur ganz zuletzt meldete sich eine leichte Er¬
587 1640 754 1692 mühung.
603 1675 1452 1731 Diese entzückenden, leicht hingehauchten, wie
587 1720 1454 1770 auf Blumenblätter geschriebenen Anatole¬
579 1765 1446 1817 Skizze sind nicht mehr neu; aber sie werden
584 1803 1452 1845 auch nicht veralten. Sie entstammen einem
587 1836 1455 1892 Manne von Geist und harmonischem Stil.
584 1875 1452 1922 Kirgends ein Aufschrei oder ein Auffahren im
584 1908 1455 1969 Stil, er fliegt mit breiten Schwingen sanft
579 1947 1449 2014 dahin, hat Melodie und Farbe. Darum werden
585 1984 1443 2053 diese Gaben Arthur Schnitzlers bleibenden
587 2024 864 2091 Wert behalten.
645 2034 1449 2108 Anatol und seine kleinen Lieben in allen Ab¬
590 2091 1423 2153 arten! In der „Frage an das Schicksal
615 2146 1446 2189 - sie leitet den Abend ein —, ist's das süße
579 2178 1449 2236 Mädel Cora, das so lieb und herzig tut und den
576 2224 1446 2274 Schatz doch betrügt. Diesem Anatol, dem die
584 2261 1443 2307 Illusion lieber ist, als die Wahrheit, der drum
581 2302 1440 2341 auch aus der hypnotisierten Cora nicht die ent¬
576 2330 1443 2385 scheidende Frage herauspreßt: „Bist Du mir
576 2377 689 2426 treu,
632 2388 1448 2468 Brillant war die Szenerie in der zweiten
549 2446 1443 2501 Bagatelle: „Weihnachtseinkäufe, ge¬
576 2488 1440 2543 stellt, dem Geplauder zwischen Anatol und der
579 2529 1438 2574 verheirateten Frau, die nicht den Mut hat, aus
581 2571 1437 2623 ihrer Liebe die Konsequenzen zu ziehen. Die
573 2612 1440 2659 Szene, ganz in Schneeflockenstimmung getaucht,
579 2648 1440 2701 stellte den Ausschnitt einer Wiener Straße im
579 2689 1443 2737 matt erleuchteten Abenddunkel vor. Man hatte
584 2731 1446 2773 große Liebe auf die kleine Sache verwandt,
576 2768 1440 2819 Fröhlichen Erfolg hatte das übermütige
590 2808 1437 2861 schiedssouper"; man lachte herzhaft über
576 2847 1435 2889 Mathilde Sussin, die das kleine, ober¬
576 2881 1446 2934 flächliche und schließlich beschwiste Theaterdäm¬
576 2923 1435 2967 chen mit einem hinreißenden Temperament
576 2959 1435 3013 spielte. Gleichwertig. Hilde, Herterichs
570 2999 1444 3045 kapriziöser Zirkusdame Bianka („Episode"),
570 3042 1434 3094 die den geknickten Anatol nicht wiedererkennt.
573 3074 1429 3127 Den Beschluß machte „Anatols Hochzeits¬
570 3117 1429 3157 morgen, in dem Irene Triesch die schnell ge¬
570 3158 1434 3219 tröstete, letzte Geliebte des Junggesellen Anatol
565 3193 1207 3252 gab; etwas blaß und gezwungen.
632 3222 1430 3288 Während Brahm seine Damen in bunter
573 3279 1432 3322 Reihe für die verschiedenen süßen Mädels an¬
568 3318 1440 3360 marschieren ließ (Paula Somary eine rei¬
568 3354 1435 3396 zende Cora, Lina Lossen eine matte Ga¬
573 3398 1429 3440 briele), blieb als ruhender Pol in der Erschei¬
570 3432 1437 3482 nungen Flucht der Anatol Heinz Mon¬
568 3466 1429 3513 nards. Er war liebenswürdig und von
573 3502 1434 3556 heiterer Blasiertheit; nur ein bißchen steif, es
573 3551 1429 3592 fehlte die leichte Eleganz des Liebesflaneurs.
599 3587 1435 3637 dem Raisonneur, dem Freunde Max, verlieh
615 3625 1429 3695 nanuel Reicher eine resignierte Munter¬
1139 3667 1440 3745 in Kuopi-
2750 235 3056 335 OPSERVER
2762 307 3117 379 terr. behördl.
2736 372 3058 444 konzessionirtes
2274 592 2416 653 0
2423 729 2750 859 dauer¬
2094 995 3199 1153 se des natus in re un=
2358 1092 2928 1166 gran den een een Buche
2160 1102 3218 1221 Berlin, 3. Dezember. In Lessing=Theater
2066 1147 3205 1260 riefen fünf Stücke aus Artur Scho¬
2075 1208 3202 1304 Zyklus große Heiterkeit hervor und fanden erzlichen Bei¬
2078 1241 3211 1358 fall. Heinz Monnerd war ein vortrefflicher Anatol, der
2072 1279 3204 1398 die Schöstironie und die Sentimalität, die im Charakter
2072 1322 3210 1438 dieser Figur sich mischen, sehr liebenswürdig, sehr lebenswahr
2072 1368 3199 1480 und echt wienerisch zum Ausdruck brachte. Emanuel Reicher
2070 1418 3189 1531 in der Code des Tax and dem Anatol als Partner von
2072 1451 3191 1570 einem Humor zur See. Auch die Frauenrollen waren fast
2070 1493 2343 1592 gut besetzt.
2208 2238 2518 2338 OB
2166 2316 2612 2396 I. österr. hördl.
2218 2371 2562 2451 konzession
2307 2434 2488 2502 Bureau
2182 2471 2595 2568 für Leitungen richten
2214 2570 2568 2664 Konkordiaplatz 4
2074 2790 2326 2895 12 1910
1891 3122 3047 3224 Aus Berlin wird uns telegraphiert: Das Lessing¬
1809 3150 3042 3272 Theater führte heute den „Anatole-Zyklus von Artur
1809 3236 3042 3321 Schnitzler auf. Am besten gefiel das in Berlin schon lange
1808 3269 3030 3379 bekannte „Abschiedssöller" und daneben das für Berlin neue
1808 3327 3035 3405 „Anatols Hochzeitmorgen". Auch die übrigen drei Stücke üblen
1803 3376 3033 3465 eine starke Wirkung, was umso bemerkenswerter ist, als die Dar¬
1814 3416 3033 3507 stellung, namentlich der männlichen Hauptrolle Anatols durch den
1801 3476 3038 3557 Schauspieler Monnard durchaus nicht befriedigte. Gut waren die
1795 3515 3050 3617 weiblichen Hauptrollen, die von fünf Darstellerinnen gespielt,
1795 3568 3024 3681 wurden. Besonders zeichnete sich Frau Triesch in „Anath¬
1798 3610 2224 3697 Hochzeitsmorgen" aus.
