3436 4224
341 156 1146 219 Nun, die Entschädigung darf er sich ge¬
286 208 1139 267 fallen lassen. Die fünf Anatol-Szenen fügen
294 255 1136 308 sich zu einer runden fünfaktigen Komödie. Die
302 295 1137 360 Beiber wechseln, Anatol und sein Freund Max
291 338 1136 400 sind das Beharrende. Der posierende Viveur
283 388 1139 445 Anatol, der sich die Rolle des Herzenzertreters
282 434 1130 491 andichtet, ist immer nur ein naiv betrogener
283 468 1134 525 harmloser Betrüger; und wenn er im ersten
280 517 1136 578 Stückchen, der „Frage an das Schicksal,
282 559 1130 617 zu feige ist, die hypnotisierte Geliebte zu fragen,
283 614 1130 657 ob sie ihm treu sei, weil er die verneinende
283 652 1136 703 Antwort fürchtet, so ist die Don=Juan=Komödie,
286 692 1133 755 die er sich nur vorspielt, mit liebenswürdigster
283 737 1158 789 Ironie angeschlagen. Zwar Max meint: „Die
282 778 1136 842 Weiber lügen selbst in der Hypnose“, aber kann
276 829 1136 887 man's wissen? Lieber nichts hören! — Anatol
274 863 1133 922 bleibt im Glück bei den süßen Mädchen der Vor¬
283 910 1136 970 stadt; die Frauen der Gesellschaft zwingt er sich
273 953 1133 1017 nicht. Gabriele, die er am Christabend bei
277 999 1130 1054 letzten Einkäufen begleitet („Weihnachts¬
274 1047 1127 1104 einkäufe") hat nicht den Mut zur Liebe,
277 1090 1124 1137 und sie läßt sich von dem vergebens lockenden
279 1133 1124 1186 Anatol sein Vorstadtglück beschreiben. Er weiß
274 1170 1131 1235 es wohl selbst nicht, ob er die Wahrheit erzählt
268 1216 679 1275 oder nur renommiert.
332 1259 1139 1313 Aber er definiert das „füße Mädl“, das nicht
267 1291 1127 1371 besonders schön ist, nicht elegant, aber die An¬
503 1951 841 2040 ter behördl.
457 2010 795 2090 konzessionirtes
540 2065 729 2148 Bureau
919 2092 1413 2190 GUELEN. 1916
430 2104 820 2209 für Zeitungenachrichten
547 2181 719 2243 Wien, I.
458 2227 801 2292 Konkordiaplatz 4
872 2271 1493 2363 Nationale
568 2382 1334 2559 Kleines Feuilleton.
851 2580 1026 2648 „Anatol
442 2621 1527 2671 — Der Goldglanz dieser wehmütig schwelgerischen Jugend
356 2670 1530 2726 die sich und ihre winzigen Erotica — in ironischer Distanz — so
368 2704 1537 2777 wichtig nimmt, ist schon sehr verblaßt. Aber was ihre Erlebnisse
368 2757 1530 2817 noch heute verklärt, das ist die Zärtlichkeit, mit der Arthur
369 2803 1533 2857 Schnitzler sie in runde Rahmen gefaßt hat. Und von eine
556 2843 1533 2898 vollkommenen Anatol hat wie das Lessing¬
368 2889 1528 2940 theater ihn in Herrn Monnard besitzt, dann muß ihr die
371 2932 1533 2983 Aufführung der fünf Einakterchen auch jetzt noch zu einem sehr
377 2978 1531 3042 sympathischen Erfolg verhelfen. Herr Monnard gab dem senti¬
371 3017 1527 3078 mentalen Genießer eine liebenswürdig=schlaffe Wohlgenährtheit
374 3061 1536 3119 eine elegante Müdigkeit und Weichheit, die den Ernst aller seiner
374 3115 1540 3165 Probleme von vornherein abwehrt und die philosophischen Ge¬
374 3146 1539 3210 bärden seines Gesellschafts=Schmarotzertums vergnüglich belächeln
371 3190 1536 3254 läßt. So trug er auf seinen lässigen Schultern das ganze Behagen
374 3239 1539 3296 dieser süßlichen Welt, und Herr Reicher begnügte sich als
374 3279 1537 3346 Freund Max damit, nicht zu stören. Frl. Somary, Fel.
374 3327 1537 3386 Lossen, Frau Triesch und Frl. Herterich ließen die Ge¬
382 3365 1537 3431 stalten, die Anatol umschwärmt, beschwingten Schrittes vorüber¬
371 3410 1533 3463 huschen. Die dankbarste Rolle hatte Frl. Sussin als Annie im
371 3457 1536 3511 „Abschiedssouper" und trotz einiger Momente kreischender Auf¬
362 3496 1551 3580 dringlichkeit und eckiger Altjungferlichkeit erntete auch sie starken
353 3561 1524 3632 Beifall. Am frischesten wirkte „Anataols Hochzeitsmorgen", weil
351 3617 1515 3677 hier die Anatol=Situation auf die Spitze gestellt und die bürger¬
356 3660 1518 3720 lich vornehme Welt zur Kleinbürgerwelt der süßen Mädel und der
353 3699 1515 3758 Theatersternchen in leiblichsten Kontrast gebracht ist. Das Publi¬
353 3745 1517 3816 kum hat sich im Theater schon lange nicht so gut unterhalten wie
350 3800 583 3865 dieses Mal.
2680 166 3027 252 box 8/5
1563 173 2510 267 4.9. Anatol - Zyklus
2059 734 2333 824 601.1910
2317 780 3015 915 rankfurter Zeitung
2307 975 2821 1130 Kleines Feuilleton.
2034 1054 3094 1199 entier, Theater Gewiß niemand daß der
1995 1103 3100 1232 Zweifeln, es wäre schlechter gegangen, wenn es besser war.
1991 1159 3100 1271 So, wie es war, wurde es ein fröhlicher Abend, und man
1988 1201 3101 1308 nahm eigentlich einen Erfolg auf, der seit Jahren auf der
1988 1230 3090 1351 Straße gelegen hatte. Sie waren denn auch alle anwesend,
1988 1268 3090 1388 das gesamte Berliner Premierenpublikum, in seiner Eleganz
1978 1306 3087 1422 und in seiner Neugier, und sie gingen alle höchlichst befrie¬
1981 1342 3087 1465 digt heim. Nur einer fehlte, und es war gut, daß er nicht
1975 1397 3087 1500 dabei war, zumal er auch keineswegs zu dem Berliner Pre¬
1976 1420 3078 1539 mierenpublikum gehört, zumal ihn die Sache wenig anging.
1982 1462 3084 1577 Dieser eine war Arthur Schnitzler. Man führte nämlich
1976 1494 3079 1614 im Lessingtheater fünf seiner „Anatol-Einakter
1969 1542 3073 1650 auf . . . Arthur Schnitzler also, der nicht dabei war, blieb
1957 1568 3064 1694 die Verwunderung erspart mitanzusehen, was aus seinem
1892 1668 2993 1778 Anatol geworden war. Ja, was denn ne biedere, derbe,
1893 1745 2998 1795 außerordentlich wirkungsvolle Lustspielfigur. Vom Schlag¬
1886 1767 2998 1843 der Ritter von Kadelburgs und Oskar Blumenthals
1890 1812 3002 1877 Gnaden. Ein wienernder Dümmling mit der Aestheten=Kra¬
1893 1850 2993 1914 watte. Ein reicher Jüngling mit einem Bonbonherzen. Herr
1880 1902 2996 1955 Heinz Monnard (diesen Griechen beginn ich nachgerade
1890 1927 2984 1988 zu fürchten, und zumal wenn er schenkt) hatte die Provinz¬
1881 1966 3001 2030 tüchtigkeit in Anatol entdeckt. Nicht wahr, Anatol ist doch ein
1890 1997 2995 2074 Lebemann? Herr Monnard wird ihn also im ersten Spiel im
1880 2027 2998 2096 vollen Schmuck der braunen Haare geben, wird ihn von Ein¬
1881 2084 2993 2145 akter zu Einakter kahler werden lassen, wird ihn schließlich
1875 2116 2987 2179 im „Hochzeitsmorgen mit einem Kürbisschädel spielen und
1881 2148 2987 2224 dabei triumphierend ins Publikum blicken. Wie, das ist doch
1878 2191 2987 2262 Charakteristik? Wie, das ist doch witzig? Fern ganz fern
1877 2228 2990 2299 entschwindet der andere Anatol, den wir kannten, mit dem
1868 2267 2984 2329 wir uns ein wenig verwandt fühlten, dessen verzärtelte
1874 2298 2981 2366 Finger weich über ein Mädchenhaupt glitten, die Haarflechten
1878 2341 2978 2415 verwundert betastend, als wäre jede Lora oder Annie ein
1877 2372 2983 2449 Frühlingswunden. „Also spielen wir Theater, spielen unsre
1866 2421 2990 2489 eigenen Stücke, früh gereift und zart und traurig, die Ko¬
1869 2462 2981 2522 modie unserer Seele" hieß es nicht so in dem Widmungsge¬
1866 2491 2981 2569 dicht zu „Anatol“? Und was ist davon geblieben? Das
1862 2529 2989 2605 Frühlingswunder selbst! Das erneute sich auf der Bühne
1866 2565 2987 2646 des Lessingtheaters. Man mag Anatol noch so provinzmäßig
1862 2611 2983 2685 verschustern, er lebt (wie wir alle) in denen, die er liebte,
1862 2646 2983 2722 von den Mädchengestalten, den immer wechselnden, geht ein
1866 2683 2981 2753 Licht aus, dies Licht, das ein junger, wissender Poet in einem
1869 2725 2969 2790 Prisma fing, daß es bunt und bunter leuchtete. Nun steht
1859 2766 2975 2843 die Frau mit den klugen Augen — ein Glücksverlangen ist
1849 2802 2766 2864 darin, dem die Klugheit die Gewährung versagte
2858 2821 2975 2875 neben
1856 2839 2777 2918 Anatol: Frl. Lossen. („Weihnachtseinkäufe.)
2818 2858 2978 2916 Nun ist
1850 2880 2972 2949 der Tisch zum „Abschiedssouper, gedeckt, und die kleine
1852 2916 2969 2992 Ballettratte schlüpft ins Zimmer hinein, und Frl. Sussin
1849 2961 2964 3024 entdeckt sich uns als ein ganz ursprüngliches Temperament,
1852 2999 2969 3069 und die Frechheit steht ihr prachtvoll zu Gesicht. Frl.
1856 3032 2971 3113 Herterich macht in „Episode recht glücklich Figur, wie
1853 3073 2969 3146 Frl. Nomary dem Stuhl, auf dem sie („Frage an das
1853 3112 2966 3184 Schicksal") hypnotisiert einschläft, nicht zur Unehre gereicht.
1846 3143 2965 3223 Und schließlich kömmt Irene Triesch in Anatols Hochzeits¬
1844 3181 2966 3253 morgen, und da vollzieht sich das letzte Wunder —: Natur.
1846 3227 2964 3291 Das ist nicht mehr Laune und Temperament und Frechheit
1844 3263 2958 3337 nebeneinander, es ist das alles in eins verschmolzen, es ist Na¬
1847 3312 2959 3368 tur. Man kann auch sagen, es ist „Gnade", und der alte Fon¬
1843 3333 2961 3422 tane hätte sich so ausgedrückt. Wie sich neben dieser großen
1840 3376 2961 3460 Künstlerin Herr Monnard mit seinem witzigen Kürbisschädel
1841 3423 2958 3482 ausnahm, ist unaussprechbar. Es gibt allenfalls ein Bild da¬
1846 3456 2961 3528 für. Man ist eines Wintermorgens, von dem Lärm verärgert,
1835 3512 2958 3571 ans Fenster getreten und blickt in den Hof hinaus. Unten
1847 3533 2959 3600 steht ein Drehorgelmann mit einem Mädchen, das singt. Und
1837 3567 2959 3668 der Invalide leiert und leiert, und die Stimme des Kindes
1840 3613 2537 3696 klingt ganz rein, ganz jugendhell ...
2775 3632 2906 3688 E. H.
