3344 4256
220 147 761 254 4.9. Anatol
116 3229 638 3325 lose & Seidel
135 3301 724 3391 für Zeitungsausschnitte.
121 3367 775 3456 . 43, Georgenkirchplatz 21
138 3470 715 3543 le meisten Zeitungen und ist das
140 3536 722 3608 lierteste Barons Deutschland)
244 3661 700 3753 Landeszt.
295 3770 734 3854 Braunschweig
299 3961 519 4040 Ma
816 140 932 222 7.
1335 135 1688 234 box 9/1
1773 1087 2497 1164 Braunschweigische Landeszeitung.
1179 1188 3120 1249 charakteristisch ist, und seinen Bühnendichterruhm be¬ auf der Chaiselongue herumrangelt und mit den Beiner
1188 1234 2142 1285 gründete, andererseits aber auch das Wiener „süße Ma¬
2174 1244 3113 1294 in der Luft strampelt, bis zur vollen Echtheit jedes To
1183 1278 2801 1321 del", das durch Schnitzler eigentlich erst für die Bühne nes und jeder Geste unterzutauchen.
1183 1307 2140 1352 entdeckt wurde, dort heimisch gemacht hat. Die in ihrer
2222 1292 3118 1355 Das Publikum, das durch keine übermäßig langer
1174 1333 2145 1386 ganzen Gestaltung merkwürdig reife Jugend=Dichtung
2174 1338 3115 1396 Pausen aus der Stimmung gerissen wurde, dankte sehr
1251 1381 2142 1422 sie ist bereits im Jahre 1902 erschienen und
2171 1381 2826 1447 freundlich für den Abend. Wir auch
1186 1413 2132 1459 jetzt also zwanzig Jahre alt — trägt schon alle
2864 1398 3089 1488 Chr. Satz,
1186 1451 2130 1497 Züge von Schnitzlers literarischem Charakte¬
1183 1490 2142 1529 scharf ausgeprägt an sich: seine sichere Beobachtung der
1186 1521 2145 1567 Wirklichkeit, seinen ausgesprochenen, aber durch ein wei¬
1183 1563 2140 1599 ches Stimmungselement gemilderten Naturalismus,
1188 1594 2142 1645 seine Vorliebe für das rauschende Großstadtleben Wiens
1174 1628 2145 1671 mit seiner sinnenfreudigen, schwülen Atmosphäre und
1176 1662 2145 1710 endlich seinen geistvollen Feuilletonismus, der sich am
1174 1695 2140 1746 liebsten in den kleinen Formen der dramatischen Skizze
1174 1734 2142 1777 ausgibt. Der Zyklus besteht aus einer glänzenden Folge
1176 1768 2135 1811 von in sich abgeschlossenen Augenblicksbildern aus dem
1174 1804 2140 1852 Dasein eines Lebemannes, dessen Widersprüche und in¬
1176 1840 2140 1886 nere Unwahrheit er mit sprühendem Humor ans Licht
1183 1879 2140 1922 bringt. Ohne von allzu viel Handlung belastet zu sein,
1188 1910 2135 1956 sind es fast mehr Dialoge, in denen zwei Freunde über
1174 1944 2142 1990 das Thema „Liebe" disputierten, und jedesmal eine Frau
1174 1980 2142 2026 durch Haltung und Benehmen den Streit entscheidet.
1176 2019 2135 2058 Aber die Dichtung geht nicht auf in der komischen Spie¬
1179 2055 2142 2096 gelung des großstädtischen high life. Ihre Lustigkeit
1176 2091 2135 2130 hat einen ernsteren Hintergrund, denn die Szenenreihe
1179 2125 2142 2164 entwirft das Bild einer unter der Herrschaft der Mo¬
1174 2159 2137 2200 derne weit verbreiteten Krankheit, die daria besteht, daß
1174 2195 2140 2241 man in einer Sensibilität, die wehrlos jedem Eindruck
1174 2229 2137 2273 preisgegeben ist, das Kennzeichen einer vornehmen Na¬
1174 2265 2132 2306 tur und die Garantie eines verfeinerten Lebensgenusses
1186 2301 2132 2343 sieht. Schnitzlers Anatole ist ein Schwächling dieser
1174 2330 2137 2379 Art, der stolz auf seine Schwäche ist. Nicht stark genug,
1179 2372 2130 2410 seine Leidenschaft zu zügeln, als Zögling einer hohen
1171 2405 2135 2454 Kultur zu reich und zu sein organisiert, die Liebe
1174 2439 2128 2485 obenhin in gedankenlosem Genießersinn, wie sein Freund
1179 2480 2130 2519 Max, zu genießen, läßt er sich durch ein gesteigertes Be¬
1176 2509 2132 2555 dürfnis nach immer neuen farbigen Eindrücken vom
1174 2543 2130 2589 Leben in verzehrender Hast von einer Liebe in die an¬
1171 2582 2130 2623 dere treiben, bis er, was uns die heutige Auswahl aus
1171 2615 2128 2669 den sieben Einzelbildern des „Anatole leider
1176 2656 2130 2693 vorenthielt, im letzten Stücke sich mühsam in den Armen
1174 2688 2130 2734 eines leidenschaftlichen Weibes anträgt, um, erschöpft
1174 2719 2125 2765 und kraftlos geworden, im Fühlen und Wollen, in ein¬
1174 2760 2128 2801 konventionelle, von vornherein zerrüttete Ehe zu wanken.
1174 2797 2128 2838 Es ist schade, daß man nicht noch oder wenigstens statt einem
1174 2830 2128 2869 der aufgeführten Einakter den „Hochzeitsmorgen uns ge¬
1171 2867 2123 2917 boten hat, der ganze Abend hätte dadurch eine schärfe
1171 2900 2123 2963 ausgeprägte Note, ein Ziel, seine eigentliche Pointe be¬
1169 2934 2123 2980 kommen. Immerhin waren es auch so genußreich¬
1176 2975 2123 3012 Stunden, ein Schmaus für Auge und Ohr, denn es
1169 3009 2128 3048 lebt in den Stücken eine Weichheit der Empfindung,
1174 3043 2130 3084 eine Grazie des Ausdrucks, eine Ungezwungenheit und
1169 3077 2123 3123 Nonchalance und zuletzt eine Echtheit des Kolorits,
1169 3123 2130 3159 wie wir sie vorden nur den Franzosen zutrauten.
1159 3149 2130 3200 Und die Aufführung mühte sich, mit sehr gutem Erfolg,
1169 3181 2123 3226 ein Spiegel dieser Stimmung zu sein, sowie äußerlich
1164 3219 2130 3260 das Kolorit so echt wie möglich wiederzugeben. Herrn
1162 3255 2125 3304 Müller=Heintz als Spielleiter gebührt dafür
1164 3289 2128 3340 vollste Anerkennung. Die Interieurs hatten alle einen
1176 3323 2128 3367 so feinen, intimen Reiz, boten so glänzende Rahmen
1210 3359 2118 3405 er die geistreichen Plaudereien und amüsanten Ge¬
1166 3393 2113 3444 schehnisse, daß eins das andere hob. Das Lob triff
1171 3434 2123 3475 noch viel mehr für die äußere Herrichtung des zweiten
1169 3466 2120 3509 Bildes zu, ein Straßenbild mit Gassen und Gäßchen
1169 3499 2128 3548 mit riefelnden Flocken und haftig eilenden Passan¬
1171 3540 2123 3586 ten voll Winterstimmung und Weihnachtswonne, und
1169 3577 2123 3618 — mit einem eleganten, veritablen Auto, in das
1162 3606 2125 3666 mit elegantem Schwung Lotte Horst verschwand, wäh¬
1169 3642 1758 3690 rend der Chauffeur ankurbelte...
1215 3656 2118 3719 In einem Punkte freilich haperte es etwas: Der
1164 3700 2118 3760 Anatol-Zyklus wurzelt so tief in wienerischer Erde, daß
1164 3750 2116 3792 er eigentlich nur von echten Wienern — wobei nicht nur
1171 3782 2120 3828 der Dialekt, sondern auch die ganze leichte Wiener Le¬
1164 3823 2116 3864 bensauffassung zu verstehen ist — gegeben werden kann
1171 3854 2116 3898 Ist das bei uns in Norddeutschland aus leicht verständ¬
1162 3893 2113 3934 lichen Ursachen nicht möglich, so geht die weiche Melodi¬
1169 3929 2120 3968 des Wienertums verloren, und es entstehen schärfere
1164 3963 2116 4011 Linien. Darunter litt die Aufführung etwas, wenn
1162 3999 2113 4040 gleich sich alle Mitwirkenden mit mehr oder minder Er¬
1162 4028 2116 4074 folg auch um den leichten Wiener Dialekt mühten. Aber
1164 4064 2111 4113 nur Robert Schneeweiß gelang restlos die Durch
1179 4101 2111 4151 führung. Aber nicht das allein sicherte ihm einen Vor
