3484 4224
1447 160 1801 257 box 8/5
331 191 1264 273 4.9. Anatol - Zyklus
1682 657 1968 754 Anatol
1194 749 2508 828 Der gemütliche Urenkel Child Harolds tänzelte diese Woche über die Bühne
1133 821 2508 873 des Lessing-Theaters. Die Wiener Mama hat den englischen Gemahl mit einem
1140 868 2510 918 Franzosen, genannt Mauppassant, betrogen. Das ethnographische Experiment
1137 913 2508 954 dieser Rassenmischung hat der Dame viel Vergnügen verursacht, und es ist dar¬
1137 950 2508 1013 aus ein gar zu nettes Kelchen entstanden. Der lebenslustigste Weltschmerzler,
1142 994 2503 1051 der Mann mit dem kusshungrigen Sattsein, ein ewig beschäftigter Müssiggänger,
1194 1035 2501 1090 Ein Kunstprodukt der Grosstadt charakterisiert durch die gut gebügelte
1135 1076 2508 1144 Hosenfalte. Das ist Anatol. Aber die ewige Sehnsucht nach dem Weibe veredelt
1137 1128 2503 1185 diesen Gecken. Ein künstliches Etwas, ein Dandy in steter Berührung mit dem
1133 1173 2353 1218 Elementaren alles Weiblichen. Das ist das Problem dieser Einakter.
1197 1204 2508 1276 Es sind lustige, wohlige, leichte Stücke. Leicht in der Form, lustig im Dialog,
1133 1263 2503 1314 wohlig in der Atmosphäre, aber eigentlich tief rührend und aufwühlend, ge¬
1133 1301 2296 1358 schrieben in verstecktem Leid von einem Vielgeprüften am Weibe.
894 1258 1018 1383 0
1189 1339 2500 1399 Anatole auf seiner unaufhörlichen Liebesjagd ist wie ein unbeholfenes Kind,
1137 1383 2508 1446 das seine Mutter sucht. Hat das Kind seine Mutter gehabt, soll auch der Mann
1133 1437 2508 1482 die seine haben. Untreue Männer sind nicht hart und herzlos (wie man sie ge¬
1135 1468 2503 1537 wöhnlich schildert), — sie sind die grössten Kinder, die weichsten Muttersöhnchen,
1128 1534 2503 1582 mit einer Sehnsucht ganzer Hingabe und eines vollen Geliebtseins. Kein Wunder,
1133 1561 2503 1622 dass ihre Seelenwanderung durch viele Frauenleiber dauern muss ein Leben lang.
1194 1608 2506 1661 Werde ich allein geliebt? Nur für mich geliebt? Kann ich im Augenblick
1128 1647 2327 1701 eine Ewigkeit schenken? Das sind die Schicksalsfragen Anatoles.
1185 1699 2508 1749 Seine Existenz ist ausgefüllt durch den Kampf mit der Frau. Das hat für uns
1128 1730 2506 1794 Heutige, Nervigere etwas störendes. Der Kampf des Mannes, der durch das Weib
1132 1789 2506 1841 aus seinen Bahnen gelenkt wird, regt mich auf. Aber das enge Leben eines fin de
1121 1832 2508 1882 siècle-Männchen, der gar keine Bahnen geht sein Winseln und sein Söhnen,
1121 1875 2503 1922 seine Gebärden und seine Witze, das alles wirkt schon etwas verstaubt. Es gibt
1130 1915 2503 1963 uns mehr dokumentairen Aufschluss über ein entschwundenes Jahrzehnt, als
1128 1960 2500 2008 der Stoff an aufpeitschendem, in uns eingreifendem Interesse erregen könnte.
1185 2003 2503 2056 Darum hat auch das Publikum, das vier Stücke geniessend und mitempfindend
1121 2027 2508 2092 aufnahm, plötzlich nach dem fünften widerstanden. Es war zu viel aus einem
1128 2084 2494 2139 Guss, und mit der gewohnten Undankbarkeit der abgekühlten Theaterbesucher
1128 2129 2046 2180 verliessen die Leute kaum applaudierend das Haus.
1187 2170 2493 2237 Von dem Recht dieser Undankbarkeit will ich nun auch Gebrauch machen.
1121 2225 2508 2272 Ich will es sogar missbrauchen. Ich schweige über manches Treffliche, das uns
1130 2265 2500 2313 besonders die Schauspielerinnen boten und möchte einige verfängliche Fragen
1121 2306 1276 2358 stellen:
1175 2348 2487 2412 Hat man je einen Weltmann so eine scheussliche Bude bewohnen sehen
1123 2399 2450 2467 Anatole in so einem Zimmer ist um die Hälfte seiner Wirkung gebracht.
900 2729 1273 2803 Die Wartenden
2189 2743 2279 2808 133
964 2851 2275 2917 Ist das eine Gasse am Weihnachtsabend? Bewegen sich diese Schauspieler
907 2914 2279 2962 in einem gut geheizten Salon oder in Schnee und Eis, zwischen Häusermauern?
966 2960 2279 3005 Ist das eine Wiener Balleteuse? Fräulein Sussin spielt glänzend, aber sie
909 3000 2284 3060 trägt einen Regenmantel wie ein Berliner Dienstmädchen, das zu Schramm geht.
969 3048 2282 3095 Kleinigkeiten. Frivole Aeusserlichkeiten. Aber sie stören mein Auge. Und
907 3088 2279 3148 wenn ich ins Theater gehe, kann ich doch meine Augen nicht in die Seele stecken?
913 3133 2284 3188 Weil es Aeusserlichkeiten gibt, die ablenken, darf man aus Trotz gegen solchen
913 3179 2282 3231 eitlen Aufwand nicht vergessen, dass es auch Aeusserlichkeiten gibt, die zu¬
907 3222 1446 3290 gleich das Innere offenbaren.
1849 3224 2246 3283 LUDWIG HATVANY
1264 3334 1666 3462 Die¬
964 3447 1132 3514 Mensch¬
