3248 4320
1228 162 1589 260 box 9/4
122 175 617 256 4.9. Anatol
510 170 1041 283 Zyklus
1465 590 1587 723 2
1472 746 1672 875 2. 2.
993 764 1398 888 und
1043 989 1472 1069 PARKAS-REVUE im
860 1063 1620 1163 SIMPLICISSIMO
972 1137 1527 1188 I. Wollzeile 34 — Telephon R 26-4-31
849 1168 995 1255 9 Uhr
1162 1179 1346 1267 Täglich
1509 1210 1663 1270 ½9 Uhr
845 1296 1643 1413 Karray Festspiele
849 1398 1598 1479 „Der Häuptling Jellinen
873 1471 1630 1538 Die erste Wildwent-Revue in 25 Bildern von
1040 1507 1474 1560 KARL FARKAS
1017 1540 1489 1600 Musik von Trojan Wellisch
965 1581 1526 1635 In Szene gesetzt von Karl Farkas
903 1630 1591 1683 Tänze Ballettmeister Hans Heinz Klüfer
1096 1665 1386 1719 Mitwirkende:
846 1688 1089 1740 Louise Kartouch
1156 1701 1334 1744 Karl Farkas
1399 1678 1647 1750 Darlotte Mann
845 1729 1089 1773 Fritz Wiesenthal
1157 1736 1335 1777 Franz Engel
1402 1739 1648 1786 Alexander Straha
849 1762 1337 1804 Hans Heinz Klüfer Polly Frank
1390 1769 1642 1809 Die kulet-Girls
913 1822 1588 1857 Am Flügel: Komponist Trojan Wellisch
901 2136 1630 2245 HEATER
831 2259 1637 2353 Schnitzlers Anatole im
950 2335 1531 2444 Akademietheater
846 2431 1670 2487 * Der neue Direktor macht mit der Wahl
799 2461 1657 2525 des „Anatole als seine erste Akademie¬
801 2515 1662 2567 theater-Premiere sichtlich eine Reverenz vor
804 2560 1655 2621 dem Geist des Österreichischen. Eine
808 2596 1668 2653 Demonstration guten Willens, das öster¬
801 2648 1658 2704 reichische zu pflegen, wenn er auch — wie
802 2688 1665 2736 Hermann Röbbeling bei seinem ersten Er¬
805 2739 1662 2789 scheinen im Burgtheater sagte — aus nord¬
799 2772 1663 2838 lichen Bezirken kommt. Das heißt, herbere
807 2820 1367 2877 Luft zu atmen gewöhnt ist.
848 2864 1657 2917 Nun ist „Anatole burgtheaterreif gewor¬
802 2905 1671 2970 den. Das hat er sich damals, vor 40 Jahren,
801 2957 1662 3013 als er zum ersten Male in die Literatur trat,
807 2999 1655 3055 wohl kaum gedacht. Und jetzt ist er schon
808 3040 1655 3088 so etwas wie ein museales Kleinod. Aus
801 3082 1655 3141 lächelnder, nachsichtigkritisierender Satire
798 3131 1658 3179 der Zeitgenossen wurde Historie. Wurde be¬
804 3170 1662 3229 reits eine Geschichte aus der Geschichte.
798 3212 1655 3270 Aber gerade, daß man den Anatol heute in
799 3254 1662 3306 Kostüm spielen kann, zeigt, daß er von
805 3296 1659 3353 einem Dichter geschaffen ist. Denn sonst
805 3347 1660 3402 wären diese Menschen mit ihren oft ab¬
799 3385 1662 3438 sichtlich müd-berspitzten Gedanken schon
801 3432 1655 3510 längst zu geistigem Moder, zu Bücherstub
802 3469 982 3531 zerfallen.
846 3510 1655 3568 Arthur Schnitzlers „Anatol“ und die Ge¬
805 3554 1662 3604 fährten um ihn leben, leben als ein Symbol
802 3601 1659 3659 Wiens, wenn auch ihre Zeit unwiderbringlich
797 3648 1659 3691 vorüber ist. Nicht weil die Strecke der uns
799 3690 1660 3748 von ihnen trennenden Jahre so lange, nur
802 3734 1659 3787 weil der Abgrund so tief ist, der sich zwi¬
799 3779 1659 3833 schen damals und heute aufgetan hat. Allen,
797 3819 1662 3865 die irgendeinen Anatol noch selbst gekannt
793 3859 1659 3917 haben, die mit diesen Menschen einer späten
802 3904 1659 3957 Zeit gelebt haben, wird warm ums Herz,
802 3950 1655 4003 wenn sie ihn heute wieder auf der Bühne
793 3991 1659 4038 begegnen, aber auch die anderen, die Jun¬
804 4042 1655 4086 gen können sich dem nachdenklichen
805 4075 1659 4122 Scharm dieses schmerzlich Genießenden
802 4116 1489 4156 schwer entziehen. Denn er ist doch
1706 753 2550 820 eröffnet Gerda Dreger, die recht nett den
1710 815 2551 874 lon des süßen Mädels findet. Die Gabriele
1700 857 2551 918 Maria Mayens geriet um ein paar
1698 906 2555 953 Nuancen zu geziert — im Grunde ist das
1698 949 2551 995 doch eine liebe, bloß etwas verwirrte Frau.
1700 988 2550 1041 Lilly Marberg ist sehr lebendig als Bianca
1700 1037 2557 1083 der „Episode“, Ebba Johannsen tobt
1704 1077 2542 1125 sich lustig durch die heftigen Tempera¬
1692 1123 2545 1177 mentsausbrüche der lona und Alma Seid¬
1694 1163 2550 1210 ler ist sehr echt und drastisch als das
1698 1208 2549 1261 Ballettmädel Arie. Ladislaus Czettel
2570 1232 2649 1286 ein
1694 1251 2550 1302 hat phantasievoll aus den Modeformen der
1700 1297 2541 1340 Neunzigerjahre seine Kostümentwürfe ge¬
1698 1339 2543 1386 schöpft. „Anatol“ wurde nach Jahren wie¬
1693 1373 2158 1436 der ein großer Erfolg.
2576 1403 2652 1459 Ad¬
2572 1492 2661 1543 sche
1710 1479 2506 1570 Die gestrige „Anatole-Vorstellung im
2576 1535 2650 1598 schi¬
1823 1541 2421 1598 Akademietheater ausverkauft.
2577 1581 2655 1634 übe
1688 1576 2545 1652 Die gestrige erste Wiederholung des
2571 1624 2655 1676 dies
1690 1646 2542 1689 Anatol“ im Akademietheater
1694 1675 2541 1729 war ausverkauft. Es ist die erste Vorstel¬
1694 1706 2660 1769 lung im Akademietheater in dieser Saison,
1688 1754 2656 1837 die ein so erfreuliches finanzielles Resultat
2573 1802 2658 1854 wir
1692 1808 2055 1867 aufweisen konnte.
2530 1897 2628 1995 1
