3344 4256
126 138 683 238 4.9. Anatol
1252 117 1613 238 box 9/5
888 150 1059 244 klu-
722 165 818 259 .
259 1366 918 1462 Witwe heiraten einen Professor, der
259 1399 1444 1486 weltmännisch auftritt. Wer kann gegen den Zug der Zei¬
1483 1417 2642 1519 Töchter: Frl. Felicitas Hallama; Ratsherren: die Herren Fuchs,
265 1474 1432 1537 Kadelburg und Skowronnek nicht! Trotzdem sie so fortschrittlich
1486 1483 2633 1546 Dr. Haßler, Heyer, Kandl, Linden, Plaut und Werner Neidhart
259 1510 1432 1574 sind, daß sie bei ihren Jagdabenteuern die Löwenjagd von Lei¬
1483 1528 2639 1583 echt, Kämmerer der freien Reichsstadt: Herr Eduard Schüller:
262 1556 1432 1601 erwähnen, setze ich das Datum der Premiere um — daß ich ihnen
1483 1571 2639 1622 Wendelin, die Tenorpartie: Herr Paul Hansen; Georg v. Frunds¬
250 1598 1426 1649 nicht unrecht tue! — zwanzig oder fünfundzwanzig Jahre zur
1483 1610 2642 1667 berg: Herr Ernst Lehmann. Der Name des berühmten Lands¬
256 1631 1435 1688 Eins nur darf man ihnen gern zugeben, daß der Schwank in diesen
1480 1649 2636 1700 knechtsführer Frundsberg bezeichnet die Zeit, in der das Musikdrama
253 1667 1426 1733 Jahren völlig unkenntlich geworden ist. Aber nicht weil er da¬
1468 1676 2633 1748 pielt. Die musikalische Leitung hat Herr Eduard Mörike, die szenische
256 1715 1399 1760 grünen Rock angezogen, sondern weil er jeden Geist abgelegt hat.
1483 1733 2633 1781 Herr Dr. Kaufmann. Die Proben finden unter Mitwirkung des
292 1751 1435 1817 Das Lustspielhaus sollte eher heute als morgen eine ander¬
1477 1763 2639 1832 Wichter-Komponisten statt. Fräulein Lulu Kasser singt in der
253 1784 1423 1853 Schwankgattung pflegen. Da wir aber gute Lustspieltheater haben
1477 1808 2639 1859 Sonntags=Aufführung der „Undine" im Deutschen Opernhause zum
250 1832 1426 1886 und eine neue Gattung nicht sofort geboren wird, sollte es eine
1474 1841 2633 1908 ersten Male die Titelrolle. — Im Theater am Nollendorfplatz
250 1871 1423 1929 Stätte für große gastierende Komiker werden. Es hat früher mi¬
1474 1886 2633 1935 gelangt am Freitag die burleske Operette „Mikado“ von Arthur
253 1908 1429 1971 Pallenberg, dann mit Richard Alexander den Anfang gemacht.
1468 1926 2633 1977 Sullivan, textlich neu bearbeitet von Fritz Friedmann Frederich,
250 1947 1423 2019 Andere Bühnen würden nicht mehr in die Versuchung kommen, ihr
1471 1959 2636 2019 in der Inszenierung von Franz Zavrel zur Aufführung.
256 1989 1429 2046 Ensemble durch Gäste sprengen zu lassen. Das Lustspielhaus
1540 2004 2636 2052 Am Sonnabend, 15. d. M., beginnt im Friedrich¬
247 2022 1420 2106 hätte neue Bedeutung, und wir kämen zum Genuß an der selbst
1468 2013 2636 2100 Wilhelmstädtischen Theater ein Operetten Gastspiel
250 2064 978 2121 herrlichen Entfaltung komischer Genies.
1477 2082 2636 2133 „Die Kinokönigin von Julius Freund und Okonkowski, Musik von
286 2100 1423 2178 Dazu müßte allerdings das Stamm=Ensemble des Lustspiel¬
1468 2121 2627 2172 Jean Gilbert. Für die Titelrolle ist die bekannte Wiener Operetten¬
244 2148 1417 2220 hauses besser werden. Man freut sich schon, wenn ein unpersön¬
1468 2154 2627 2214 sängerin Helene Merviola verpflichtet worden. Die übrigen Haupt¬
1465 2202 2630 2248 rollen werden von den Damen Dusedan und Berger und den
244 2193 1414 2251 licher Komiker wie Franz Arnold, der den Strösemann gab
247 2236 1420 2293 nicht verletzt, wenn Richard Georg durch eine drastische Schutz¬
1465 2239 2627 2293 Herren Langendorf, Werner, Conradi, Suttner dargestellt. Als
1471 2272 2434 2359 Dirigent wird Kapellmeister Lehner am Pult erscheinen.
244 2275 1420 2335 mannsmaske für Augenblicke komisch wird. Aber diese Regie! In
247 2314 1420 2368 vielen Provinztheatern beginnt man unaufdringlicher Komödie zu
238 2350 1414 2416 machen! Herr Ernst Bach läßt die Schauspieler aneinander vorbei¬
1501 2323 2630 2431 Moriz Rosenthal hat das 4. Klavierkonzert (F-moll von Later
244 2395 1414 2449 reden und vorbeilaufen, als ob sie sämtlich so unbegabt wären wie
1465 2386 2245 2464 Scharwenka in sein Repertoire aufgenommen.
238 2440 1417 2497 er. Diese Unterstreichungen! Diese Hinweise! Das Ensemble ist so,
1498 2428 2624 2515 Berliner Konzerte. Edyth Walker bringt in ihrem einzigen
247 2467 1420 2533 daß die Ausgeborgten ausfielen: Julia Serda durch ihre
1465 2485 2627 2557 Liederabend, 15. November im Beethovensaal, unter Mitwirkung
244 2506 1372 2606 Routine, Heinrich Schroth durch seine Diskretion. —ng
1459 2536 2624 2591 von Kapellmeister Gustav Brecher (am Klavier) Gesänge von
1459 2582 2624 2633 Schubert, darunter „Der Hirt auf dem Felsen" (mit obligater Kla¬
274 2600 1417 2669 Aus dem Metropoltheater wird uns geschrieben: In der
1459 2609 2624 2669 rinette), Brahms, Liszt, Strauß und Volkslieder aus dem inter¬
241 2648 1414 2702 gestrigen Aufsichtsratssitzung der Metropoltheater A.=G. teilte
1453 2654 2627 2705 nationalen Volksliederbuch von H. Reimann zum Vortrag. — Der
244 2687 1411 2738 der Vorstand mit, daß entgegen dem bekanntlich ungünstig ver¬
1456 2690 2621 2750 letzte Kammermusik=Abend von Schnabel, Flesch, Gérardy, ist
241 2720 1411 2777 laufenen vorigen Geschäftsjahr sich in diesem Jahre die Einnahmen
1456 2738 2618 2789 am 18. November im Beethoven=Saal. Das Programm
241 2762 1408 2816 ganz außerordentlich günstig gestaltet haben. Die Erträge der
1459 2765 2621 2834 lautet: Trio B-dur op. 99 Schubert, Sonate C-moll op. 32 für
235 2804 1408 2855 ersten 50 Vorstellungen der „Reise um die Erde" waren 373 959,50
1459 2804 2615 2864 Klavier und Cello St.-Saëns, Trio A-moll op. 30-Tschaikowsky. —
235 2837 1399 2912 Mark, d. h. pro Abend 7479,20 Mk. Diese Ziffer stellt einer
1456 2846 2618 2909 Einen Zyklus von vier Sinfoniekonzerten mit historisch geordneten
235 2870 457 2937 Rekord dar.
1456 2882 2618 2943 Programmen veranstaltet im Laufe der Saison der junge Dirigent
1450 2921 2612 2985 Karl Maria Artz mit dem Philharmonischen Orchester. Als
277 2888 1405 2982 Aus Berliner Theatern. Morgen geht zur Feier von
1450 2964 2615 3021 Solisten wirken Kammersängerin Margarete Siems von der
238 2964 1408 3021 Schillers Geburtstag im königl. Schauspielhause die „Jung¬
1453 3000 2618 3063 Dresdener Hofoper, der bekannte Pianist Max von Pauer
232 3000 1405 3066 frau von Orleans" in Szene. Die Titelrolle wird zum erstenmal
1453 3039 2612 3108 (Stuttgart) und die beiden Konzertmeister des Philharmonischen
232 3048 1402 3099 von Frl. Adele Schönfeld dargestellt werden, die seit Beginn dieser
1441 3084 2618 3147 Orchesters Julius Thornberg und Veit mit. Die Konzerte
232 3084 1405 3147 Spielzeit dem Schauspielhause angehört. Den Dunois spielt Herr
1447 3117 2609 3180 finden statt am 6. Dezember (Bach-Beethoven), am 3. Januar
232 3120 1393 3177 Mühlhofer, den Lionel Herr Zimmerer, Talbot Herr Dr. Pohl
1444 3162 2612 3234 (Brahms=Bruckner), am 13. Februar (Romantiker); im letzten
238 3162 1396 3216 König Karl Herr Geisendörfer, Burgund Herr v. Ledebur
229 3201 1402 3252 Frau Poppe tritt zum erstenmal als Königin Isabeau
1444 3198 2612 3271 („Modernen") Abend gelangen u. a. die „Vier Tondichtungen nach
226 3231 833 3298 vor das Berliner Publikum.
1447 3234 2004 3304 Böcklin" zur ersten Aufführung.
900 3237 1393 3304 Die Agnes Sorel wird
220 3252 2633 3400 von Frl. Ressel dargestelt. Spielleitung: Herr Regisseur (Theater und Musiksiehe auch hinter dem Koman)
2783 1261 3225 1417 Canadi¬
2783 1411 3207 1550 k. k. österr
2897 1528 3222 1625 Grösster Lu¬
2900 1622 3210 1706 Eigenes Lese
2900 1697 3207 1763 AUSSICHT
2900 1775 3210 1847 Dolmetsch,
2786 1823 3210 1905 ..................
2967 1886 3213 1965 Neue di
2780 1929 3198 2061 TRIEST
2696 2217 3207 2290 Außerdem in der siebente
2660 2260 3216 2332 Aus der Frauenwelt mit Beiträ¬
2762 2311 3210 2389 anwalt Dr. Wilhelm
2672 2389 3210 2473 Gerichtliche Bekanntmachung
2663 2461 3204 2515 Offizielle Bekanntmachungen:
2666 2509 3201 2557 Familien=Nachrichten; 3. Beil
2663 2554 3204 2603 Theater= und Konzert=Anzeige
2669 2597 3204 2645 Unterrichts- und Pensions=An
2663 2642 3204 2711 Literarische und Kunst=Anzeig
2663 2684 3069 2744 Auktionen: 6. Beilage,
2663 2735 3204 2792 Grundstücks=Verkehr, 9. Beilag
2666 2774 3159 2825 Verpachtungen: S. Beilage.
2663 2810 3207 2882 Geld= und Hypotheken-Verkehr
2660 2858 3117 2928 Beteiligungen: Beilage.
2663 2900 3186 2970 Geschäftsverkaufe: 9. Beilage.
2654 2949 3096 3015 Kaufgesuche: V. Beilage.
2657 2973 3198 3051 Verkäufe bewegl. Sachen: 6.
2654 3036 3186 3099 Vermietungen: 10. Beilage. —
2663 3081 3201 3132 Gesuchte u. Suchende männli
2660 3129 3201 3195 Vermischte Anzeigen: 6. Beila
2651 3171 3099 3237 Lotterieliste: 3. Beilage.
2651 3264 3189 3337 Verantwortlich für den Verlag:
2774 3319 3195 3391 für die Inserate: Paul
