3248 4064
2397 502 2656 598 Nr. 13.719
1537 508 1910 608 31. Januar 1932
617 526 1107 617 Neues Wiener Journal
1777 671 2638 755 Sprechstunden unserer Modereferentin
1774 734 2635 818 Montag von 12—1, Donnerstag von 6—7
211 680 1639 824 Unsere Mode
2117 923 2211 1005 66
773 959 2153 1068 Die Damen una
986 1059 2024 1164 Modenotizen bei der Generalprobe.
1474 1128 1567 1188 Von
1350 1149 1693 1257 Mizzi Neumann.
198 1356 319 1444 lig
208 1435 292 1516 15
373 2746 686 2821 A
725 2740 947 2830 NANCE
941 2833 2126 2932 „Der neu inszenierte Anatol im Akademietheater.
1558 2869 2740 2971 souper: Alma Seidler als Balletteuse ist von bezaubernder Kom¬
439 2893 1522 2971 Frage an das Schicksals Gerda Dreger ist eine reizende
328 2932 2740 3011 Cora in diesem von grünen Volants reich überrieseltem Frühlings in ihrer hellblauen Atlasrobe: breite, dunkelblaue Samtschleifen,
1032 2992 2746 3050 Weihnachtseinkäufe: Maria reiche Straßstickerei und Guipuréspitzenputz (1). Anatols Hochzeits¬
337 3011 1005 3053 kostüm aus geblümtem Wollstoff (2).
340 3023 2743 3095 Mayen interpretiert die Gestalt der Gabriele in einem eleganten morgen: Ebba Johannsen interpretiert ein elegantes Deshabille
343 3065 2740 3131 aupe Samtkostüm mit Fehblenden, Toque mit Reihe, kleiner Muff aus Gaze und Spitzen mit gestuften fraise Volantrüschen (3). Der
1558 3098 2743 3158 lange Abendmantel aus schwarzem Tüll mit Flitterstickerei ist den
343 3122 1528 3173 nit Veilchenbukett (6). Episode. Köstlich ist Lilli Marberg als
1555 3143 2746 3206 leytmodischen Pariser Abendhüllen im Schnitt gar nicht unähnlich.
352 3158 1525 3212 ibi in auffallender abendlicher Tenue aus knallroten Spitzen
355 3191 2310 3266 hattierte Federnboa, Samthut mit Straßpleureusen (5). Abschieds= Sämtliche Kostümentwürfe von Czettel.
1555 3230 2746 3308 leibchen, reich geputzten Röcke, bei deren Herstellung die
433 3254 1531 3317 Wenn Mode, wie man dies immer so überzeugt sagen
1555 3290 2746 3359 Schneiderin wirklich zeigen konnte, was sie imstande war. Die
349 3296 1528 3380 ört, Zeitausdruck ist, dann sind die Menschen, zumindest die
1555 3341 2749 3417 Herstellung dieser Kleider aus den Tagen um 1900 erforderte
352 3356 1525 3417 weiblichen, wirklich ganz anders geworden seit 1900. Frag
1555 3389 2532 3465 nämlich ungemein präzise, zeitraubende Arbeit.
358 3407 1528 3474 in das Schicksal!... Wer würde uns heute zumuten, in
1654 3414 2749 3510 Frau Mayen huscht in ihrem hübschen Trotteurmantel
352 3453 1525 3525 ng und unnatürlich auf unsere Körper gezwängten, fischbein
1552 3480 2746 3552 einen Moment nach absolvierten „Weihnachtseinkäufen über
352 3501 1528 3567 espickten Taillen, in unendlich stoffreichen, schwer schleppenden
1555 3534 2755 3603 die Bühne. Ist das wirklich ein und dieselbe Frau? Minuten
1317 3552 1522 3621 gebauschten
349 3558 1293 3615 Schößen, in umständlichen Hutgrotesken, die auf
1552 3591 2746 3651 zuvor noch stand sie, die Mondane von damals, da im langen
352 3603 1528 3666 lockenschöpfen verwegen thronen, herumzulaufen, in hoch¬
1552 3633 2743 3699 Promenadenkostüm aus grauem schweren Samt, ein urkomisches
352 3651 1528 3711 eichenden, unhygienischen Blankscheimiedern, die man nicht
1552 3681 2743 3741 Reiherhütchen auf dem pompösen Lockenkopf, ein winziges
349 3699 1528 3765 genug fest zusammenschnüren konnte. Man schwur ja damals
1555 3723 2755 3792 Müsschen in der Hand, darauf das Veigerlbukett, das sie dem
343 3747 1528 3811 noch auf enge Taille, auf beengende Aermel, Folterwerkzeuge von
1564 3774 2752 3841 süßen Mädl in der Vorstadt mit Wehmut im Herzen schickt.
346 3795 1531 3856 versteiften Halskragen, auf Hüften, die sich mit einer dreisten
1555 3826 2749 3895 Sagen Sie ihr: „Diese Blumen, mein süßes Mädel, schickt die
346 3841 1531 3904 Deutlichkeit keck bemerkbar machten, über die man heute Lach¬
1555 3871 2749 3943 eine Frau, die „vielleicht ebenso lieben kann wie du und die
352 3889 1531 3952 rämpfe bekommt. War dies wirklich alles möglich? Hat man
2111 3961 2713 4039 lüssigen PUDEN
1573 3970 2054 4051 „PROTUS"
905 3943 1134 4048 DER
695 3952 788 4057 A
364 3955 511 4054 C
