3344 4256
692 45 1909 142 .
105 109 1905 191 ich geistig und künstlerisch geleitet und zahlreiche Leninisten vorhaftet. Lenin selber ist
2474 124 2575 187 Von
109 146 1463 210 entiert. Johann Strauß, unauffindbar. Er soll geflohen sein.
2298 153 2773 247 Egon Dietrichstein.
797 183 1901 254 Die Finanzlage Englands. Auf eine Anfrage Harry
105 183 655 251 und schufen noch, das Burg
681 206 1897 296 im Unterhause erklärte Bonar Law, daß die Fortsetzung dieser
2025 217 3144 311 Kürzlich besuchte ich einen Magenspezialisten. Nicht um mich
116 243 1901 326 genialsten Darsteller und er¬ Geldwirtschaft nicht ohne ernstlichen Schaden bleiben
109 299 1897 371 zer eine bisher nicht wieder könne. Es werde der ganzen Geschicklichkeit der Regierung bedürfen
1920 284 3136 348 diagnostizieren oder kurieren zu lassen. Ich kenne mein Magen¬
101 337 666 397 sermaßen wienerischer, als es
692 341 3140 423 um einer ernsten Lage vorzubeugen, selbst wenn leiden ganz genau und weiß auch, wie es zu heilen wäre:
685 374 1561 438 die Engländer den Sieg erringen.
109 374 666 442 trat, einem europäischen Ru¬
1920 385 3140 449 durch eine günstigere Proportion zwischen Gasthausrechnung und
801 400 1894 475 Die Revolten in Spanien. Eine Madrider Meldung versichert
109 427 670 498 pation auf. Der Strom neuer
1920 442 3140 498 Speisezufuhr, zwischen der linken und rechten Seite der Speise¬
685 430 1897 516 daß in Barcelona wieder normale Zustände herrschen
105 472 662 546 tive Stadt, die eine geistig
1920 483 2489 573 karte. Und so kann man
2799 487 3151 558 mit vielen anderen
685 490 1901 576 Hingegen dauere die Gärung in Valencia an. Bei Zusammen¬
101 509 921 599 mus nahm hier einen kulti- stößen wur-
1171 531 1680 636 ret.
2837 531 3159 603 lechtert werden.
2885 584 3129 647 a
105 565 666 647 schland, war von Form ge¬
116 618 273 685 geadelt.
101 647 670 726 ute aus den vornehmeren, be¬
109 715 670 775 entschlossen, ihre Persönlichkeit
94 763 659 835 mmenfanden. Es konnte da,
97 808 662 876 gesehen, von vornherein keine
94 857 662 932 de wenigen Ausnahmen glichen
689 835 853 947 Zring 1.
771 906 872 969 2.
105 906 662 977 den Welt, kamen aber zumeist
681 932 850 1014 virag 2.,
101 958 662 1014 inz. Das vielverspottete „Café
116 999 857 1085 dieser neuen Repräsentanten, Szelmalo
142 1048 655 1104 daß sie sich gegenseitig ver¬
677 1089 861 1160 Tot. 13:
112 1089 644 1156 „allen Geheimnissen Europas
97 1141 655 1216 ehrte die Akrobatenkünste eines
674 1138 857 1224 Festetics
101 1198 853 1276 in wie seine Stirnlocke. Er 38.10
120 1231 659 1302 Moschus umgeben, schillerte
116 1284 655 1359 die ihn kopierten, versuchten
677 1261 861 1359 Frieda 1,
112 1329 655 1407 ein wenig Gärung in die
1437 1310 2096 1441 Justina 2., Fata 3. Spez.
2818 1340 3125 1430 suchen. Sonst
670 1317 1407 1463 Tot. 30: 10...... pag. 16, 24, 30: 10.
94 1377 651 1445 Humor in den Ernst. Ein
1905 1385 2373 1478 waren alle vollzählig
2807 1411 3028 1478 alten und
157 1422 651 1497 seiner schönen äußeren Er¬
1901 1422 3009 1519 jungen Frauen, die blassen, blutarmen jungen Mütter
97 1478 647 1546 vollen Liebenswürdigkeit und
861 1456 1692 1572 Rennen zu Kapostasmegyer.
1894 1504 3125 1568 die magenkranken gelben Herren aus Karlsbad, die jungen Herren
97 1519 647 1594 son in frühen Jahren eigen
820 1531 1879 1643 Eröffnungsrennen. Amasys Brandenburg 1., Mac 2.
1901 1561 3136 1613 aus guter Familie, denen das Essen nicht recht schmeckt und jene,
109 1576 1179 1635 Begabung dieses Kreises auf: Herodes 3. Tot. 35, 18. 18,
1901 1602 3016 1665 die ihre pathologischen Fettbäuche nicht los werden können.
3035 1609 3121 1673 Ich
101 1617 644 1703 Anatol" dichtete, von dem
835 1617 1875 1725 Isvantelker Handikap. Orssichs Perbeli 1., Rohatyn 2.
1905 1650 3136 1707 traf noch denselben Fliegenden Jahrgang von 1904 und als
655 1658 1228 1725 Malva 3. Tot 116, 32, 28, 24
105 1658 632 1737 die Verleger und Theater
1901 1695 3028 1759 ich ihn aufschlug, sah ich den für die jetzigen Zeiten und
771 1684 1879 1785 3. Großes Hürdenrennen der Dreijährigen. Batthyany¬
105 1710 636 1793 und der seine Stücke in
666 1710 812 1804 Miert
861 1740 1561 1789 Bödi 2., Chandon 3. Tot. 28, 16. 36.
1905 1740 3125 1811 Ordination zimmer eines Magenarztes besonders inaktuellen Witz,
105 1763 539 1834 legensten Vorstädte
767 1785 3129 1879 4. Steplecha=Handikap. Zivenovits a. Taben 1., Bojowy 2., der wohl aus dem Jahrgang 1717 übernommen wurde: Der
97 1789 1145 1894 ter Begleitung befand sich Roham 3. Tot. 29, 18, 26.
1905 1841 3125 1909 Gast bestellt einen Käse und bemängelt, daß dieser keine Löcher
97 1856 629 1927 der erlesenen Blume im Knopf
820 1864 3132 1950 Verkauferennen. Suborits Ketes 1., Damaska 2., Elöd 3. habe. Da weist ihn der Kellner zurecht: „Ja, essen Sie denn
655 1879 951 1957 Tot. 27, 12, 16
101 1901 629 1991 Holmannsthal, noch Gymna
1894 1935 2444 1991 die Löcher oder den Käs.
816 1927 1879 2010 Handikap. Zangens Fenseg 1., Rose d'or 2., Szertelen 3.
2493 1939 3125 2013 Ich weiß freilich nicht, ob ein
109 1957 629 2013 aber schon durch seine Reise
659 1942 1052 2051 Tot. 108, 22, 16, 14.
1886 1976 3125 2070 derartiger illustrierter Humor nicht als Brechmittel ver¬
97 2002 640 2077 eben sein verheißungsvolles
1897 2028 2156 2100 ordnet wurde.
146 2051 636 2129 schlank, mit einer frühret
947 2025 1606 2129 Trabfahren zu Baden.
2010 2047 3129 2141 Der Herr Professor ist ein Mann der liebenswürdigsten
116 2073 629 2171 der junge Dichter, der
831 2073 1879 2212 Dreijährigen ennen. Kerestine Chrus 1., Lenka 2.,
1897 2107 3121 2193 Heiterkeit, sonnig und fröhlich, ich glaube, er vermag die düstersten
94 2152 632 2208 schwang und durch sein un¬
655 2118 1493 2231 Clematis 3. Tot. 21: 10. Platz 16, 66, 22: 10.
1897 2178 3129 2249 Sorgen seiner Patienten hinwegzulächeln und die schwersten
94 2193 632 2275 bot. Dörrmann gefiel sich
816 2197 3121 2305 Preis vom Lindrogel. Schachermanns 4jähr. August 1., Diagnosen zu mildern. „Was die Patienten jetzt suchen," sagte
651 2197 1662 2290 Cocon 2., Backisch 3. Tot. 92: 10. Platz 23, 16, 51: 10.
97 2253 640 2328 tete an der Neurotia".
756 2260 1860 2358 3. Südbahnpreis. Weidhofs Sardelle 1., Stalliebling 2.
1894 2279 3125 2339 er, „ist hauptsächlich die Diagnose. Gewiß, auch früher wollte
153 2298 1463 2362 den kritischen Geistern Reserl 3. Tot. 238: 10. Platz 54, 19, 35: 10.
1886 2324 3125 2399 man Ursachen und Wesen der Beschwerden kennen, aber dann
90 2332 632 2425 järkere Beteiligung die viel
756 2350 1864 2433 4. Allvölkischer Preis. Oscars Exerjo 1. Eszeveszeit 2
1894 2369 3114 2440 kam das Allerwichtigste: die Kur. Darum kümmert man sich
647 2380 1699 2440 Miß Zealous and 3. Tot. 98: 10. Platz 23. 17, 26: 10.
157 2391 629 2478 Schwarzkopf. Engelber
1894 2418 3118 2481 heute weit weniger als früher. Nein, von Krebs ist gar keine
827 2433 1860 2511 karennen. Rudolfshofs Olly 1. Lausbub 2
213 2444 625 2515 sich zu einer ge¬
651 2444 1504 2537 Ortner 3. Tot. 8: 10. Platz 28, 28. 165: 10.
1886 2466 3118 2541 Rede. Nur ein chronischer Magenkatarrh. Da ist der Patient
195 2485 632 2564 gegen die kritischen
831 2504 3121 2601 Preis von Haitos. Kerestinec Germania II 1., Colum schon zufrieden. Er weiß, daß diätetische Rezepte heute nur
195 2534 621 2612 auf, die sich ihrer
647 2534 1755 2609 bus 2., Rosen Leyburn 3. Tot. 26: 10. Platz 18, 19, 16: 10.
1886 2567 3110 2627 ziemlich akademischen Wert haben. Man stellt fest, daß der
180 2579 625 2650 wehrten. Ein jungen
831 2586 3121 2680 Preis von Melk, Kerestinec Nagysad 1., Boccaccio 2., Blutarme nur blutarm ist. Wenn man will, kann man
647 2601 842 2683 Odaliste 2
865 2620 1490 2672 Tot. 78: 10. Platz 18. 14, 14: 10
86 2620 625 2698 wegung nicht lange überlebte,
816 2650 1864 2747 Badener Ausgleich. Puszaberenys Pengö 1., Young 2.
1879 2661 3121 2732 ihm auch noch eine Mastkur empfehlen. Aber die Saarien
86 2672 1475 2754 gegründeten Halbmonatsschrift Extra 3. Tot. 106: 19. Platz 36, 29, 31: 10.
1894 2710 3110 2773 können ja heute keine Mastkur mehr bieten, sie haben nicht mehr
90 2732 618 2784 nach Wien und gestaltete da¬
1882 2758 3121 2822 jene Patienten, die dort wochenlang aufgefüttert, aufgefrischt
94 2769 618 2852 neuen literarischen und künst¬
1886 2811 3106 2874 wurden, sondern rasch wechselnde Sanatoriumsgäste. Den Leuten,
86 2829 625 2893 Rundschau", fand so wenig
644 2826 876 2897 prätendenten
906 2833 1856 2904 im Restaurant Kaiserhof veranstaltet wurde. Ich
1882 2852 3103 2919 denen durch Mastkuren zu helfen ist, ist also wohl nur sehr schwer
86 2870 614 2934 beitern auch materiell unter
651 2878 853 2942 sehe Ibsen,
891 2867 1860 2957 von Burckhard geführt, in den Saal treten, ein¬
1875 2908 3110 2990 zu helfen. Am besten ergeht es noch den Diabetikern, die ja eher
94 2930 614 2998 nslokal des Blattes ver¬
644 2927 1856 3005 hochelegante Erscheinung, in einem kostbaren Pelz und tadellosen
1879 2960 2930 3043 eine besondere Auswahl als reichliche Nahrung brauchen.
90 2968 614 3050 se „Jung=Wiener" und hie
647 2975 1849 3054 Zylinder, die Gestalt kraftvoll, etwas untersetzt, breitschulterig
1987 2972 3110 3069 Hat der Herr Professor nicht einen erheblichen Verlust des
644 3028 1856 3099 das Gesicht stark gerötet, schneeweiß das Haar. Er hatte etwas
1879 3035 3095 3110 Gewichtsquantums seiner Patienten konstatiert Gewiß. Aber das
86 3028 1853 3155 Gerade jetzt hatte das Burg von einem Seemann in seiner Physiognomie, etwas durchan¬
1879 3095 3091 3162 ist keineswegs immer eine böse Sache. Denken Sie sich einen
105 3121 618 3196 eine glanzvolle Aufführung
644 3129 1845 3185 Nordisches. Die Stimme war leise, beseelt und ungemein diskret
1879 3136 2032 3196 Mann
2070 3147 3103 3207 und es muß dies noch kein Fettleibiger sein — der
82 3155 610 3230 bereitet, die durch die An
640 3174 823 3230 wenn er
850 3170 1845 3241 die Worte ein wenig zögernd hervorbringend, sprach
1871 3189 3095 3252 im Frieden zehn bis zwanzig Kilogramm Fett herumschleppte.
94 3207 614 3282 verden sollte. Das Erscheiner
644 3222 3095 3312 Unter einer tiefen Verneigung der harrenden Gäste schritt Ibsen Er hat sie jetzt verloren. Er braucht also schon an und für sich
94 3263 3095 3357 Wiener zur Veranlassung zu seinem Platze und wurde sofort von den Damen umringt, weniger Nahrung, denn diese zwanzig Kilogramm Fett waren eine
90 3312 1838 3383 tnis zu Ibsen war nicht das Man sah Adele Sandrock, Maria Pospischill, Frau Lewinsky
1871 3331 3091 3402 Last, wie wenn ein Magerer einen schweren Tornister auf dem
82 3365 606 3424 an verehrte den Großmeiste
640 3365 797 3421 Fräulein
827 3368 3095 3458 Hebbel und Leuthold, die Schriftstellerinnen Emil Buckel trägt. Ich möchte in dieser Zeit der Ersparnisse noch für
90 3413 808 3462 verhielt sich aber dem Dogma Marriot,
838 3421 1845 3484 Eugenie delle Grazie, Marie Herzfeld. Vom Burg¬
1864 3432 3088 3492 eines plädieren: Für eine Ersparnis an Bewegung, an Stra¬
82 3451 1838 3525 legen. Man fand es unter theater kamen noch Gabillon, Krastel, Hartmann, Thimig, Devrient
1864 3481 3091 3552 pazen. Es gibt ja so viele Anstrengungen, die man auf sich
90 3510 3095 3600 gerlich und nicht revolutionär Reimers, Hübner, Römpler, Witte und Rüden. Von Gelehrten nehmen muß, die ein erhöhtes Nahrungsquantum erfordern.
86 3555 3080 3649 heit des Dichters zu einem Minor. Mataja und Singer, von Musikern Brüll und Goldschmidt Aber es gibt eben auch Strapazen, die man vermeiden kann,
90 3612 3080 3690 halt der festliche Abend, der Zwischen dem schwermütig versonnenen Richard Voß und dem Luxusstrapazen. Ich denke natürlich vor allem an den Sport.
86 3649 3080 3765 en Aufführung der „Kron- noch jugendlichen Burckhard saß Ibsen und hörte ein wenig Wir haben noch so viele Bergkraxler, Ruderer, Athleten
