3296 4224
1234 177 1589 260 box 8/6
114 182 590 267 4.9. Anato
620 186 1034 294 Zyklus
378 932 1410 1011 Bitte Rückseite beachten!
990 1007 1395 1086 Telephon 12.801.
1167 1104 1300 1191 et
571 1180 1217 1273 OBSERVER
354 1262 1423 1347 I. österr. behördl. konz. Unternehmen für
665 1326 1131 1398 Zeitungsausschnitte
384 1359 1416 1439 Wien, I., Konkordiaplatz 4.
774 1438 1019 1497 Vertretungen
362 1469 1420 1534 in Berlin, Basel, Budapest, Chicago, Cleveland, Christiania,
372 1518 1419 1580 Genf, Kopenhagen, London, Madrid, Mailand, Minneapolis.
362 1559 1414 1615 New-York, Paris, Rom, San Francisco, Stockholm, St. Peters¬
762 1599 1043 1663 burg, Toronto.
687 1644 1179 1718 ellenangabe ohne Gewähr).
563 1652 1188 1769 vor Nachten
359 1699 735 1778 Ausschnitt aus:
735 1752 1006 1848 Hamburg
359 1784 751 1878 vom 3. 5 1911
638 1986 1238 2057 Deutsches Schauspielhaus.
661 2051 1242 2127 Anatol von Arthur Schnitzler.
472 2079 1470 2167 Die sieben Gespräche des „Anatol=Buches sind das
409 2150 1475 2206 Bekenntnis eines Dreißigjährigen. Als Erstlingswerk Arthur
413 2186 1471 2248 Schnitzlers ist der schlanke Band mit einem moschusweichen
413 2230 1471 2283 Rokokoprologe des achtzehnjährigen Gymnasiasten Hugo von
409 2281 1469 2335 Hofmannsthal im Jahre 1893 erschienen. Die Mädchen¬
418 2307 1470 2366 Katastrophen „Das Märchen“ und „Liebelei“ folgten nach
413 2353 1469 2398 dieser gedämpften Ouvertüre. Con sordino spielte
418 2393 1471 2442 Schnitzler mit dem atlaszarten Poeten der szenischen So¬
414 2422 1470 2480 nate „Gestern die mildesten Cello=Träume vor. Schon
416 2461 1482 2526 waren die Bildhauer geneigt, das künftige Denkmal des
418 2501 1471 2559 Aratolsängers in Sèvres-Biskuit oder in kaiserlich=alt¬
416 2539 1475 2597 wienerischer Porzellanmasse zu denken. Wobei sie in
425 2577 1471 2634 ihren Entwürfen den glorifizierten Dichter von der musen¬
416 2617 1469 2673 haften Gestalt eines „süßen Mädels" mit Oleanderblüten
416 2654 1470 2720 und Fliederzweigen bekränzen ließen. Da zerbrach Arthur
425 2688 1474 2750 Schnitzler mit entrüsteter Faust den goldenen Käfig, der
413 2732 1478 2790 ihn allzu literarisch beengte. Dramen aus Blut und Feuer
428 2771 1474 2834 schlugen den falschen Sezessionisten ins Gesicht. Das „Ver¬
425 2807 1478 2864 mächtnis“, der „Grüne Kakadu", der „Schleier der
425 2842 1457 2908 Beatrice“ die „Lebendigen Stunden", der „Einsame Weg
425 2890 1485 2941 das „Zwischenspiel, der „Ruf des Lebens wurden ein
429 2927 1477 2988 siebenfältiges Ereignis. Inzwischen war auch Hofmanns¬
431 2964 1475 3022 thal bei seiner tierischen „Elektra“ angelangt. Das süße
421 3002 1477 3065 Mädel lag in Scherben. Wenn das traditionelle Mai¬
421 3035 1470 3102 lüfterl darüber hinstrich, seufzten die papierdünnen Trüm¬
431 3080 1479 3137 mer melancholisch=heiter auf. Aber eine neue Tradition
433 3120 1482 3173 hub an. Und in der Bühnenhistorie des „Jungen Herrn
1174 3160 1479 3208 schicksalformender
437 3160 1121 3212 Medardus“ meldete sich (1909) ein
431 3207 1486 3254 Meister, der seine kunstgewerbliche Periode endgiltig über¬
428 3230 1482 3293 wunden hatte und nun zwischen monumentalen Gebilden
429 3273 1479 3332 als großzügiger Plastiker dastand. „Beatrice" und „Me¬
431 3308 1479 3368 dardus“ sind die Gipfel seines Oeuvres. Wer heute ein
433 3352 1474 3405 Schnitzler=Denkmal entwerfen will, kann die winzige
437 3387 1482 3450 Figur des süßen Mädels nur noch als galvanoplastisches
428 3432 1483 3493 Zierstück auf der Rückseite des steinernen Sockels ver¬
429 3483 573 3532 wenden.
496 3483 1483 3562 Ein Theater, das mit der Zeit und mit den Ent¬
431 3542 1481 3603 wicklungen der zeitgenössischen Dichter Schritt hält und
433 3593 1487 3633 nicht in bequemen Aufgaben sein Heil sucht, wird also die
416 3628 1491 3710 fundamentalen und unbequemen Werke der respektiven
1533 1310 2599 1376 Autoren bevorzugen müssen. Aber das Deutsche Schau¬
1541 1365 2594 1416 spielhaus richtet sich nach Berlin. Berlin bringt den ver¬
1536 1404 2591 1451 ballhornten „Pourceaugnac. Das Hamburger Schauspiel¬
1538 1442 2591 1494 haus tut es auch. Berlin versucht den Amphitryon Mythos.
1538 1487 2591 1532 Das Hamburger Schauspielhaus tut es auch. Berlin ser¬
1538 1521 2591 1565 viert: „Herr und Diener“, „Die drei Grazien“, „Der Feld¬
1545 1560 2597 1612 berrnhügel“. Das Hamburger Schauspielhaus tut es auch.
1548 1600 2594 1644 Berlin gräbt (Winter 1910) fünf Szenen aus dem „Anatol¬
1541 1636 2587 1689 Zyklus aus. Das Hamburger Schauspielhaus tut es auch
1541 1673 2597 1730 Dagegen wäre nun gar nichts zu sagen, wenn sich diese
1541 1717 2597 1766 ornamentalen Randleisten den Hauptschöpfungen Arthur
1545 1754 2597 1799 Schnitzlers als ergänzende Arabesken anschließen würden.
1541 1797 2593 1840 Wo aber bleibt die Bewältigung der großen und neueren
1548 1825 2594 1876 Werke: Die „Lebendigen Stunden“ und das „Zwischen¬
1545 1870 2597 1921 spiel stehen seit einigen Jahren im Repertoire oder in den
1548 1907 2606 1954 Archiven des Deutschen Schauspielhauses. Damit ist das
1548 1943 2609 2000 Schnitzler=Besitztum dieser Bühne erschöpft. Nun hat man
1550 1982 2597 2032 uns vor wenigen Monaten den „Schleier der Beatrice" in
1548 2020 2609 2068 Aussicht gestellt. Aber aus nichtsbesagenden Gründen wird
1553 2060 2597 2111 der mehrfach angekündigte „Schleier" auf einmal zurück¬
1545 2095 2594 2151 gezogen und dem nächsten Spieljahre vorbehalten. Wofür
1545 2145 2605 2193 der „Anatol“ Ersatz bieten soll. Gibt sich der Ehrgeiz des
1545 2176 2603 2230 Deutschen Schauspielhauses mit Miniaturen zufrieden, wo
1545 2218 2459 2283 ein Freskogemälde versprochen und erwartet wurde
1604 2241 2602 2308 Fünf Gespräche — fünf Beichten. Der Dichter zieht die
1550 2294 2602 2345 zierlichste Diagonale durch jene tragikomische Frauen¬
1550 2328 2606 2385 kennerschaft, die er als spielerisch überlegener Mensch
1550 2366 2602 2425 zwischen dem zwanzigsten und dreißigsten Lebensjahre er¬
1545 2404 2606 2456 worben. Gedankenstimmungen wechseln mit Stimmungs¬
1553 2446 2611 2501 gedanken. Das Verhältnis zum „Weibe" spiegelt sich in
1553 2481 2609 2552 nervösen Reflexen. Spitze Gesichtswinkel, stumpfe Gesichts¬
1553 2520 2609 2570 winkel ergeben psychologische Guckkastenbilder, die am
1553 2571 2609 2623 äußersten Ende eines langgestreckten Stereoskops in lieb¬
1557 2598 2610 2654 lich ernsten Dämmerfarben zu tanzen scheinen. Der Weib¬
1563 2649 2609 2695 Begriff schwankt zwischen den Konturen der anspruchslosen
1560 2678 2611 2724 Vorstadtmädchen, der begehrlichen Maitressen, der an¬
1557 2719 2617 2768 standssichtigen Halbweltdamen und der halbanständigen
1553 2758 2609 2810 Weltdamen. Ein Wiener Gourmand führt seine Amouren
1550 2794 2610 2839 vor. Er stöbert in lebendigen und fast schon zu Ende ge¬
1565 2830 2609 2890 schriebenen Liebesbriefen. Jeder Brief ist eine Frau mit
1560 2874 2602 2924 den naturwissenschaftlichen Merkmalen ihres besonderen Typs.
1557 2917 2610 2963 Und jeder Typ ist eine szenische Skizze, die knisternd und
1560 2953 2610 3014 duftend verbrennt. „Die Frage an das Schicksal“, „Weih¬
1557 2983 2615 3037 nachtseinkäufe", „Abschiedssouper", „Episode, „Anatols
1557 3023 2617 3078 Hochzeitsmorgen" bilden in dieser summarischen Art einen
1557 3073 2611 3124 rätselhältigen Reigen. Inmitten der wirbelnden Kette
1565 3104 2617 3164 steht Anatol. Steht ein Pierrot im Frack. Er ist Melan¬
1565 3135 2617 3195 choliker und Optimist, Träumer und Realpolitiker, Frauen¬
1565 3180 2617 3234 lob und Zyniker, Troubadour und Büßer, Abenteurer und
1565 3219 2617 3273 Mönch, Kantianer und Nietzscheaner, Leichenbitter und Har¬
1563 3273 2618 3313 lekin, Totengräber und Auferstehungsapostel, Neurasthe¬
1565 3297 2617 3353 niker und Phlegmatiker, Philister und Genie. Geist und
1563 3333 2617 3385 Grazie bewegen den komplizierten und doch so einfältigen
1563 3372 2614 3428 Mechanismus dieses wienerischen Don=Juans. Aber man
1569 3415 2618 3472 fügt sich ohne Widerspruch der Stimmungsgewalt seiner
1560 3451 2618 3503 nachdenklichen Launen, weil er im Grunde das autobio¬
1564 3485 2619 3556 graphische Geschöpf eines echten, lieben und starken
1563 3537 1791 3595 Dichters ist.
1616 3545 2621 3623 Dieser Stimmungsgewalt, die den magischen Zauber des
1569 3605 2637 3680 Zwielichts hat, sucht das Deutsche Schauspielhaus sozusagen
2676 1321 3184 1371 bei hellem Tage beizukomm
2669 1363 3188 1412 die doch sonst stilistische Neig¬
2673 1402 3184 1455 ganz ausschließlich mit na
2681 1441 3183 1497 sieht vier kompakt gestellte
2673 1478 3192 1533 „Ausstellung bemalter Woh¬
2673 1520 3176 1577 dem Kamin der ersten un
2669 1557 3177 1607 ein Hamburgisches Heidebild¬
2676 1593 3160 1655 im Wohnraume des Wien
2660 1632 3176 1701 Dazu gesellt sich im zweiter
2676 1673 3172 1722 machung einer Wiener Stra
2674 1711 3152 1765 Spaziergängern und Gesch
2673 1750 3185 1804 von Ed. Weishappel, Seife
2673 1788 3188 1838 Brandhuber“). Auch ein re¬
2666 1828 3183 1871 ohne Zylinder) fährt zwei
2674 1868 3187 1923 nimmt die Heldin eines für
2681 1905 3164 1960 gesprächs auf. So werden
2673 1943 3164 2000 unausgesprochenen Dramer
2678 1981 3180 2035 Zeitseele. Und die Galerie
2681 2020 3176 2072 und Darstellerinnen geher
2678 2060 3188 2121 erster Linie Heinrich Lang¬
2678 2096 3173 2153 intensivere Ueberlegenheit,
2673 2143 3156 2193 winnen muß. Hermann
2681 2176 3121 2239 versagt und läßt Rober
2676 2217 3126 2279 bewünschen. Eugenie
2681 2248 3104 2303 und Tony Heydor se
2678 2300 3151 2346 pikantesten Weiblichkeiten.
2681 2327 3173 2402 aber ungezügeltes Tempero
2681 2375 2850 2429 Strange.
