3436 4352
1358 192 1707 288 box 8/4
241 198 1170 316 4.9. Anatol - Zyklus
1185 863 1544 960 Telephon 12.801.
696 918 1161 1113 OBSER
475 1071 1535 1168 1. österr. beh. konz. Unternehmen für Zeitungs¬
687 1144 1342 1201 Ausschnitte und Bibliographie.
660 1194 1387 1273 Wien, I., Concordiaplatz 4.
881 1265 1164 1337 Vertretungen
478 1288 1542 1375 in Berlin, Brüssel, Budapest, Chicago, Cleveland, Christiania,
493 1372 1544 1414 Genf, Kopenhagen, London, Madrid, Mailand, Minneapolis,
487 1399 1542 1463 New-York, Paris, Rom, San Francisco, Stockholm, St. Peters¬
878 1442 1158 1496 burg, Toronto.
836 1475 1207 1544 (Quellenangabe ohne Gewähr.)
487 1535 861 1620 Ausschnitt aus:
813 1545 1489 1697 nen gemeene Ladung
481 1664 636 1719 vom
1095 1689 1484 1785 5. Dez. 1910
337 1822 1472 1933 Theater, Kunst und Literatur.
1023 1915 1448 1998 Wien, 5. Dezember.
475 1962 1465 2046 (Deutsches Volkstheater.) Fünf Stücke
350 2016 1474 2099 aus der dramatischen Skizzenreihe „Anatol“ von Arthur
344 2068 1471 2168 Schnitzler. — Diese zierlich=spassigen, mit Melancholie
341 2189 1441 2294 etupften Dialoge, vom Deutschen Volkstheater mit der
343 2243 1444 2344 nötigen spitzfingerigen Behutsamkeit angefaßt, erweckten viel
341 2279 1441 2397 heiteres Wohlgefallen. Ihre Reize sind schon ein wenig ver¬
343 2332 1435 2441 ilbt, und ihr Humor duftet welk. Aber die feine, wohl¬
334 2397 1433 2490 ausgeglichene Technik, in der sie gearbeitet sind, hat die
328 2427 1438 2541 Jahrzehnte überdauert. Es ist noch immer ein Vergnügen,
343 2487 1433 2588 u merken wie restlos hier Kraftlosigkeit in Anmut um¬
328 2531 1427 2625 setzt erscheint, wie musikalisch immer eine ironische Zeile
329 2568 1421 2673 u eine sentimentale reimt, wie gut ausbalanciert Spott
323 2598 1418 2730 nd Liebe des Dichters für sein Anatol=Geschöpf sind. Und
325 2667 1417 2766 ies vor allem: die Kunst, eine Oberfläche so glatt zu
322 2716 1412 2809 hleifen, daß sie, spiegelnd, Tiefe vortäuscht, ist in diesen
323 2757 1412 2871 natol-Skizzen zur Meisterschaft entwickelt. — Für Anatols
319 2823 1411 2907 freundinnen hat das Deutsche Volkstheater seine sämtlichen
307 2856 1409 2959 Frimadonnen bemüht. Fräulein Hannemann (akzentuiert
307 2910 1400 3011 dar das Rührende, Sanfte), Fräulein Reinau (das
307 2949 1399 3050 liebliche), Frau Glöckner (das Fesche), Fräulein
310 2999 1400 3103 Müller (das kühl=Ueberlegene) Fräulein Galafres
298 3055 1397 3145 das gefährlich=Temperamentvolle). Famos Herr Lackner
291 3097 1394 3202 als Freund Max mit seiner trockenen Bonhommie und gui¬
285 3146 1394 3250 gütigen Skepsis. Herr Kramer spielte den Anatol.
298 3194 1396 3297 Delikat, schwerlos, Männlichkeit mit Vanille, Liebens¬
279 3238 719 3339 würdigkeit la crème,
1222 3251 1460 3372 a. p.
2779 255 3082 341 Telephon 12.801.
2797 338 2881 407 4
2221 314 2728 482 „OBSERVI
2020 469 3082 539 1. österr. behördl. konz. Unternehmen für Zeitungs-Ausschnitte
2206 527 2908 598 Wien, I., Concordiaplatz 4.
2420 584 2685 651 Vertretungen
2016 626 3079 686 in Berlin, Basel, Budapest, Chicago, Cleveland, Christiani,
2017 680 3082 732 Genf, Kopenhagen, London, Madrid, Mailand, Minneapolis,
2017 714 3073 773 New-York, Paris, Rom, San Francisco, Stockholm, St. Peters¬
2417 758 2694 809 burg, Toronto.
2338 791 2763 866 (Quellenangabe ohne Gewähr).
2017 851 2369 939 Ausschnitt aus:
3028 867 3119 969 lier,
2562 906 2748 1002 Sonn¬
2246 910 2483 1002 1210
2020 982 2140 1038 vom
2091 1027 3158 1128 (Deutsches Volkstheater.) Mit der Aufführung der „Ana¬
1968 1101 3160 1177 tol"Serie von Artur Schnitzler hat das Deutsche Volkstheater
1971 1149 3164 1232 eine Dankesschuld abgetragen, die Wien dem Dichter seit 18
1969 1195 3167 1271 Jahren zu leisten hat. In dieser langen Zeit haben sich nicht nur
1965 1246 3161 1331 die Lebensverhältnisse geändert. Auch die Kunstwerte haben eine
1975 1295 3163 1399 große Verschiebung erfahren und ihr Inhalt wirkt heute ganz
1978 1345 3169 1435 anders auf das Publikum als zur Zeit ihrer Entstehung. Dies hat
1975 1399 3167 1481 man bei dieser Vorstellung am deutlichsten bemerken können. Auch
1978 1442 3166 1523 bei „Anatol“ wurden die Zuhörer nur mehr durch das Wahre,
1981 1496 3176 1577 Bestechende, die prachtvolle, psychologische Zeichnung der Cha¬
1981 1547 3172 1626 rakteure gefesselt und hingerissen. Den Anatol gab Herr Kra¬
1975 1589 3172 1683 mer. Er unterstrich mehr den liebenswürdigen Leichtsinn und
1984 1671 3184 1733 hatte nicht allzuviel für den melancholischen Schwärmer übrig.
1983 1701 3185 1822 Den überlegenen Skeptiker Max spielte Herr Lackner ganz
2023 1821 3227 1930 vortrefflich. Die weiblichen Rollen waren durch das prachtvolle
2029 1903 3227 1978 Künstlerinnenquartett Hannemann, Reinau, Glöckner
2031 1945 3217 2019 und Müller außerordentlich gut vertreten. Kein Wunder, daß
2026 2007 3226 2068 das Publikum die Darstelle, und den Dichter nach jedem Teile
2020 2061 2315 2147 begeistertief¬
2749 2293 3119 2400 Telephon 10.
2278 2383 2703 2553 OBSER
2050 2517 3110 2604 1. österr. beh. konz. Unternehmen für Zeitungs¬
2255 2585 2899 2654 Ausschnitte und Bibliographie.
2224 2630 2956 2727 Wien, I., Concordiaplatz 4.
2447 2698 2734 2778 Vertretungen
2056 2755 3112 2812 in Berlin, Brüssel, Budapest, Chicago, Cleveland, Christiania,
2062 2797 3109 2850 Genf, Kopenhagen, London, Madrid, Mailand, Minneapolis,
2053 2847 3109 2905 New-York, Paris, Rom, San Francisco, Stockholm, St. Peters¬
2448 2878 2722 2937 burg, Toronto.
2405 2905 2775 2991 Callenangabe ohne Gefahr.)
2062 2959 2460 3056 Ausschnitt aus
2559 2973 2687 3101 on
2785 3008 3185 3149 Journal, Wien
2052 3065 2520 3181 vom 12. 1910
2028 3200 3022 3324 Theater, Kunst und Literatur.
2037 3297 3107 3377 (Deutsches Volkstheater.) Schnitzler jetzt sehr be¬
1933 3351 3103 3408 gehrt. Sein „Anatol“ ist nunmehr mit seiner Akte aus¬
1941 3393 3103 3444 gegraben worden und hat im Volkstheater sehr gefallen. Der
1938 3426 3106 3492 leichte elegante Plauderton Schnitzlers, der in leichtem Ge¬
1932 3465 3107 3531 wande oft tiefe Gedanken festhält, genießt sich wie Champagner,
1933 3503 3103 3578 freilich bleibt auch ebensowenig Spur zurück. Nebst dem be¬
1936 3548 3100 3615 kannten „Abschiedssoupee", „Frage an das Schicksal und
1935 3593 3103 3648 „Hochzeitsmorgen" erschien das reizende Weihnachtsliedchen und
1921 3621 3100 3691 die etwas inhaltsmagere „Episode". Beide ganz reizend, lustig
1932 3661 3097 3732 und unterhaltsam. Nur, daß man die Dingerchen ebenso schnell
1935 3709 3103 3774 vergißt, als man sie aufnimmt. Die Damen Hannemann,
1927 3747 3100 3817 Reinau, Glöckner, Müller und Galafres spielten
1929 3786 3094 3847 die lustigen Pikanterien lustig und pikant. Die Herren Kra¬
1929 3825 3104 3891 mer und Lackner gaben sich alle Mühe, die beiden Freunde
1926 3867 3097 3925 interessant zu machen. Aber „Anatol“ bleibt doch nur ein
1923 3904 3092 3976 liebenswürdiger Schwätzer. Am besten gefiel noch das Weih¬
1926 3955 3109 4039 nachtsstückchen. Frl. Rein ist aber auch im Straßenkostüm
1923 3983 2113 4054 zu hübsch
