3344 4256
1404 152 1754 245 box 9/1
285 152 834 251 4.9. Anatol
717 152 1157 259 Zykl
917 983 1527 1061 Gelsenkirchener Zeitung
1141 1189 1348 1301 14. J.
1746 1378 2809 1442 hängig von den anderen aufgeführt werden. Nur die
815 1375 1615 1479 Fünftes Gastspiel des
1754 1434 2806 1482 Persönlichkeit, die dem Zyklus den Namen gegeben
1746 1471 2809 1527 und deren seine Charakterisierung dem Dichter über¬
669 1468 2804 1591 Düsseldorfer Schauspielhauses. aus glücklich gelungen ist, ist es, die den Zyklus zu¬
1756 1556 2814 1599 sammenhält. Er ist eine Folge von einander unab¬
1047 1543 1356 1612 Anatol-Zyklus.
1748 1599 2806 1647 hängiger Augenblicksbilder aus dem Leben eines
1095 1580 1679 1652 Gelsenkirchen, 13. März 1912.
1754 1634 2812 1684 Wiener Lebemannes, der, ein Junggeselle, wie der
720 1644 1724 1703 Das Düsseldorfer Schauspielhaus hat gestern abend
1754 1674 2804 1724 Schmetterling von Blume zu Blume, von Liebes¬
672 1684 1735 1740 im Saale der Stadthalle ein Gastspiel außer der
1756 1719 2820 1762 abenteuer zu Liebesabenteuer fliegt, die zwar in „rer
677 1735 2806 1802 Reihe der Abonnementsgastspiele absolviert, um auch Aesthetik frei von roher Frivolität, in ihrem morali¬
674 1772 1730 1831 denen, die an diesen nicht teilnehmen konnten, Ge¬
1762 1791 2806 1836 schen Unter= und Hintergrund, aber, trotz ihrer schein¬
672 1818 1727 1860 legenheit zu geben, seine hervorragenden Kunst¬
1756 1828 2806 1881 baren Unbefangenheit, recht leichtfertig sind und teil¬
672 1855 1730 1908 leistungen kennen zu lernen. Das Experiment scheint
1756 1876 2820 1921 weise pariserische Schwankluft amen, die ich am lieb¬
674 1897 1730 1945 mir gelungen zu sein. Denn, wenn auch ein
1756 1913 2820 1964 sten von unseren deutschen Bühnen verbannt sehen¬
674 1929 1732 1985 großer Prozentsatz der Abonnenten der diesjährigen
1756 1956 2814 1996 möchte. Jedenfalls möchte ich entschieden dafür ein¬
674 1975 1730 2025 Schauspielhausgastspiele zum Besuch der Vorstellung
1762 1996 2814 2039 treten, daß das Milieu der moralischen Leichtfertigkeit,
672 2009 1730 2065 erschienen war, um keine der dramatischen Darbie¬
1756 2033 2814 2100 um nicht mehr zu sagen, bei unsern städtischen
674 2055 1724 2105 tungen des Düsseldorfer Schauspielhauses zu ver¬
1756 2073 2814 2124 Theaterabenden ferngehalten werde. Dies will ich
677 2092 1727 2143 säumen, konnte man doch leicht erkennen, daß der
1762 2108 2817 2159 nicht so sehr in bezug auf den „Anatol=Zyklus ge¬
680 2129 1730 2185 größere Prozentsatz der Besucher Nicht abonnenten
1764 2145 2814 2201 sagt, als vielmehr als warnenden Wegweiser für die
677 2172 1732 2217 war. Unter den letztern waren auch zahlreiche
1756 2191 2265 2260 Zukunft aufgestellt haben.
674 2209 1724 2257 Auswärtige aus der nächsten Umgebung, insbe¬
1804 2223 2820 2295 Die Aufführung des Zyklus von dem die vie¬
680 2252 1730 2305 sondere aber auch aus Herne, Dortmund und Essen,
680 2287 2809 2345 ein Beweis, daß die von der Städtischen Verwaltung Einakter „Schicksalsfrage“, „Weihnachtseinkäufe,
672 2329 2817 2375 eingerichteten Theaterabende auch außerhalb des „Episode" und „Das Abschiedssouper“ vorgeführt wur¬
680 2367 2809 2417 Bannkreises unserer Stadt Wertung und den, war vom Regisseur Dr. Bruck intim und behag¬
680 2406 2809 2457 freund nachbarliche Gäste finden. Im übrigen lich vorbereitet und inszeniert. Der Erfolg der Vor¬
1756 2452 2812 2500 stellung hängt ganz und allein von der Darstellung
672 2449 1727 2500 darf festgestellt werden, daß die Vorstellung fast ein
1754 2481 2806 2532 der Figur Anatols ab. Mit gutem Geschick und seinem
672 2494 1210 2558 volles Haus gefunden hat.
1762 2529 2812 2577 Verständnis verkörperte Herr Steinbeck diese
736 2508 1732 2585 Zur Aufführung gelangte der „Anatol¬
682 2556 2812 2625 Zyklus von Artur Schnitzler, einem Wiener Arzt lyrisch-romantische Träumernatur, sie mit natürlicher,
672 2609 2806 2657 und dem erfolgreichsten Wiener Dramatiker der gemütvoller Laune und maßvoller Komik ausstattend,
674 2649 2804 2702 Gegenwart.) „Anatol“ ist sein Erstlingswerk, be= ihr den Stempel Wiener Gemütlichkeit und harmloser
674 2686 2817 2740 kannter ist er durch seine Schauspiele „Der einsame Unbefangenheit ausdrückend. Die übrigen Rollen
1762 2729 2812 2774 sind eigentlich nur Episodenrollen. Unter ihnen
677 2732 1730 2777 Weg“ und „Liebelei“ und den Einakter „Der grüne
674 2764 2806 2820 Kakadu", die eine dramatisch-plastische Gestaltungskraft kommt nur noch dem Freund Anatols eine größere
672 2804 2806 2873 bekunden. Lose aneinander gereihte Einakter sind Bedeutung zu. Er wurde von Herrn Hoch mit
677 2838 2806 2910 auch der „Anatol=Zyklus“, und gerade darin liegt sein sicherer Gewandtheit, mit humorvoller Frische und
680 2884 2809 2937 eigenartiger Reiz, seine literarische Feinheit, sein gutem Erfolg gegeben. Besonders anerkennen möchte
1762 2926 2806 2971 ich noch die prächtige Konversation, womit die beiden
674 2932 1732 2979 dramatischer Wert; Inhalt und Form vereinigen sich
680 2963 2812 3019 in jedem der Einakter zu einem geschlossenen Ganzen, Partner den fein durchgeführten Dialog dahinfließen
674 3009 2812 3057 dem der künstlerische Geist des Dichters Leben ein ließen. Die übrigen Mitwirkenden: die Damen
1762 3043 2806 3094 Janower (Cora), Robert (Gabriele), Veit
690 3043 1727 3099 gehaucht, das die von zarten Lyrismen übergossene
688 3083 2812 3137 dramatische Kunst Schnitzlers in schönstem Lichte er¬ (Bianca) und Stoeger (Anni) fügten sich trefflich
688 3123 2806 3179 trahlen läßt. Eine gemeinsame Idee hält freilich in den Rahmen des Gesamtspiels ein. Der Kellner
680 3171 2804 3222 diesen Zyklus nicht zusammen; jeder seiner Einakter des Herrn Oswald war eine Karikatur, die störend
2670 3211 2780 3273 J. P.
672 3203 1900 3270 ist dramatisch in sich abgeschlossen und kann unab¬ wirkte.
