3392 4256
1322 184 1675 282 box 9/3
203 177 629 290 4.9. Anat
719 169 1062 301 Zykl
2011 230 2892 418 Münchener Neueste Nachrichten
2267 395 2462 497 14
2176 497 2688 621 Waldaus Anatol
2033 569 2869 659 Schnitzlers Anatol, der im Residen
1992 636 2873 700 theaterie feierliche Auferstehung erlebt
1992 674 2865 745 ist ein Typus von gestern. Die heutige Juge
1992 715 2876 787 erkennt sich in diesem leichtsinnigen Melanch¬
1988 757 2876 821 liker nicht wieder; dafür ist er sowohl zu gu
1992 798 2873 870 artig als zu geringwertig. Er ist das Früch
1999 832 2876 907 chen einer bequemeren Zeit. Aber Walda
1999 881 2876 953 Regie holte aus dem leichten Rokokoton
1999 926 2884 990 Hofmannsthalschen Prologs, den Frl. Schran
1995 960 2880 1032 wohl etwas forciert sprach, die Stimmung fi
2007 998 2884 1073 sein eigenstes, beherrschendes Spiel. Und de
2007 1035 2884 1111 musikalische Rahmen Josef Derfins versetzt
2007 1084 2892 1152 lockeren fünf Akte in eine Reinheitsatmosphär
2003 1122 2888 1190 die von Mozart und Schubert ausgeht und von
2003 1163 2892 1231 Gustav Waldaus Anatol=Seele in leichter, selbs
2007 1201 2899 1269 ironischer Verzerrung gespiegelt wird. Diese
2011 1242 2922 1314 Anatol ist ein Leidender, ein Opfer des halbe.
2007 1280 2922 1355 Gefühls, das immer wieder sich vergreift, die
2018 1329 2929 1393 Enttäuschung als blasierte Pose kultiviert und
2018 1355 2922 1434 dabei doch immerhin Gefühl bleibt. Alles
2011 1412 2933 1480 liegt, kaum ausgesprochen in Waldaus schwin¬
2014 1450 2925 1517 gendem Unterton. Ein Kabinettstück war das
2014 1483 2925 1555 streichelnde Zwiegespräch mit Herta v. Hagen.
2018 1529 2922 1600 Auch die übrige Besetzung — mit Karl Grau¬
2018 1562 2925 1638 mann als Max und den Damen Krüger,
2018 1604 2933 1679 Schrantz, Herterich und Pricken in den Rollen
2011 1645 2925 1717 der diversen süßen Mädel“ — traf den Ton
2018 1687 2925 1762 wenn auch manchmal um eine weibliche Nuance
2014 1728 2929 1815 zu grell. Der Applaus klang warmherzig und
2018 1770 2940 1841 zeigte, daß auch diese Einakter um die Gestalt
2022 1811 2933 1882 des dekadenten Romantikerleins mit dem etwas
2018 1849 2940 1935 komischen Namen, daß dieses leichte Vorspiel
2029 1886 2933 1969 gewissermaßen zu Schnitzlers Lebenswerk immer
2779 1931 2925 1995 R. P.
2022 1939 2703 2037 noch sein dankbares Forum findet.
343 1969 1069 2180 Münchener beitrug, Kirchen.
2293 2131 3200 2210 fremd, sondern wie zarte Patina, die das feier¬
1303 2154 2267 2210 ar, sitzt ei Sacher im Separé, erzählt von den schönen
1303 2199 3279 2263 rünetten jenseits der Linie, draußen in Hernals, ist echten Dichters angesetzt. Auch Waldaus köstlicher, bis in
693 2195 1062 2315 14. Dez. 1925
2289 2236 3276 2289 jede Einzelheit empfundener und echter Anatoll, der di¬
1295 2240 2263 2297 n bißl zynisch und ein bißl sentimental, wie's grad trifft
1288 2274 3279 2331 und fängt uns wieder ein für ein paar frohe, vom Geist Linie des Lebenskünstlers aus Beruf und Neigung, eine
1288 2319 3283 2376 iner — subjektiv genommen — unendlich viel glück= unendlich verfeinerten und intimisierten Casanova, ein¬
621 2267 892 2421 Anatol.
2282 2364 3283 2413 hielt, war von dieser leisen Ironie umwittert, die dem
1273 2364 1845 2436 licheren Zeit getragenen Stunde.
2289 2398 3272 2455 hervorragenden Künstler auch in seinem „Schwierigen
1344 2379 2263 2455 Im Residenztheater hat Waldau den Anatol in
361 2391 1160 2481 Fünf Einakter von Arthur Schnitzler,
2293 2447 3287 2496 so gut zu Gesicht steht, und schwang, mit Wehmut versetzt,
1273 2428 2267 2500 szeniert und gespielt. Man weiß, daß er, für den diese
452 2459 1058 2511 (Erstaufführung im Residenztheater.
1269 2481 3283 2538 Rolle gleichsam geschrieben scheint, früher im Schauspiel besonders in „Weihnachtseinkäufe" mit, um dann in den
331 2477 1242 2556 Ein alter Bekannter, der vor einem Vierteljahrhun
1273 2523 3283 2579 haus als Anatol triumphierte und daß er vor einem beiden letzten Stücken einer unbesorgteren, faschingshaften
248 2530 1250 2602 dert in unseren Gesichtskreis trat und uns drüben in
2285 2568 3283 2617 Lustigkeit von ansteckender Kraft und Wirkung zu weichen
1273 2575 2263 2624 Jahr am Josephstädter Theater Reinhardts in Wien auf
256 2587 1250 2639 Schauspielhaus, und wo sonst wir ihn antrafen, frohe
264 2605 3283 2677 Stunden bereitete, kehrte wieder — der leichtsinnige die Wiener selbst als Anatol hinriß. Was lag näher, als Das war wieder der alte lustige Gustl Waldau vom
1273 2654 3283 2703 nun auch an der Hauptstätte seiner Wirksamkeit die frohe Schauspielhaus, den die Münchner so sehr lieben und nie
252 2673 1250 2730 Melancholiker Anatol, der Sohn des Wiener Arthur
2282 2700 3283 2748 vergessen werden, und doch lag auch das Abgeklärte, künst¬
248 2696 1988 2764 Schnitzler, ein über die Maßen verliebter, in Aben Fünfzahl der Einakter herauszubringen
1348 2741 3283 2790 Den Rahnen hatte Waldau sehr stimmungsvoll ge= lerisch Vertiefte, Verfeinerte, Vergeistigte darüber, das
252 2756 1254 2805 teuern der Liebe sein sorgloses Leben erschöpfender, aber
1273 2771 2267 2831 staltet. Eine mehr andeutende als erfüllende, träumerisch
2289 2771 3283 2828 dem Künstler in seiner weiteren Entwicklung, auf dem
252 2797 1246 2854 immer die Linie erlesener Lebenskunst einhaltenden
1276 2816 3287 2876 die Szenen umrahmende kleine Musik, die man hinter Weg zu der letzten Höhe der Schauspielkunst, zuteil ge¬
260 2831 1246 2888 geistreicher junger Wiener von anno 1895, als in der
260 2865 3291 2940 fröhlichen Stadt an der Donau noch die Lust am Dasein, einem Vorhang in der rechten Proszeniumsloge spielen worden. — Ein famoser, leicht überlegener, innerlich
1273 2903 3283 2956 ließ, brachte die Stimmung des „Es war einmal, heiterer, unkomplizierter, gutmütig spottender und herz¬
248 2922 1246 2971 an den schönen Maderln, am guten Leben, am gescheid
1273 2940 3283 2997 Haydn, Schubert, Lanner, Strauß erklangen und da trat haft lachender Mar war Herr Graumann, der Anatol
245 2959 1239 3012 ten Plaudern aufschwang, als Liebe noch ein „Problem
1276 2982 3287 3038 ein Rokokodäuchen (Fräulein Schrantz), sehr appetit köstlich parierte und sekundierte, und durchwegs trefflich
245 3004 1242 3053 war, das die Dichter reizte (Wer fragt heute darnach
1273 3023 2267 3080 lich anzusehen, heraus und sprach Hofmannsthals Prolog
2285 3023 3283 3076 war die Reihe der Frauen. Die muntere Cora, das ge¬
256 3038 1254 3099 Welcher Dramatiker darf es, wagt es, ein Stück ganz
1276 3065 2263 3121 der in seiner Roko Bildhaftigkeit ausgezeichnet in diese
2285 3068 3287 3140 borene Medium, gab Frau Krüger mit der pikanten
260 3091 1254 3144 auf dieses Problem zu stellen?), und als Hofmannsthal
1276 3102 3287 3166 Haus paßt. Von den sieben Einaktern spielte man die Leichtigkeit des Vorstadtmädchens. Die Zirkusreiterin
260 3129 1258 3181 („Loris" nannte er sich zu jener Zeit) in einem wunder¬
2293 3155 3279 3204 Bianca wurde von Fräulein Schrantz mit viel Wit
264 3148 2267 3227 schönen Prolog die Brücke schlug vom Wien der Maria gebräuchlichen fünf. Mit der „Frage an das Schicksal
1322 3181 2267 3238 Anatol als Hypnotiseur, der das geliebte Mädel im
2289 3189 3283 3249 und starkem, echtem Wiener Lokalkolorit gespielt. Eine
252 3208 1250 3272 Theresia, vom Wien Canalettos, vom Wien des Rokoko
1276 3227 3287 3291 Traumzustand nicht zu fragen wagt, ob sie ihn treu mondäne Gabriele von ganz großer damenhafter Haltung,
248 3264 1258 3309 zu dem Wien Schnitzlers und Loris, zu dem zweiten
1276 3279 3279 3324 ist, weil er ein Nein befürchtet und seine Illusionen zu mit der sich die Melancholie der unerfüllten Frau und
248 3294 1250 3377 Rokoko, in dem man dichtete und spielte, was man selb¬
1273 3309 2248 3385 sehr liebt, als daß er sie sich zerstören lassen möchte¬
2278 3306 3279 3370 die unausgesprochene Sehnsucht des Weibes mischten
248 3347 392 3411 erlebte
1276 3347 2259 3411 hebt es an, „Episode folgt — eine wehmütige erotisch
2282 3355 3283 3411 stellte Frau von Hagen heraus. Ganz Uebermut,
441 3351 907 3430 Also spielen wir Theater,
1269 3400 2267 3453 Revue vergangener Freuden — und dann die feinste
2285 3400 3279 3456 sprühende Laune, kapriziös und naiv in einem, ein über¬
441 3407 968 3468 Spielen unsre eignen Stücke
1273 3430 2267 3498 innigste, dichterischste der Szenen, der Dialog „Weih¬
2282 3437 3276 3486 schäumendes Wiener Herz, mitreißend, genial: das war
441 3437 1077 3535 Früh gereift und zart und traurig,
1273 3475 3276 3532 nachtseinkäufe, das Bekenntnis der mondänen Frau, daß Frau Herterichs Anny in der Souperszene. Die
437 3498 934 3562 Die Komödie unsrer Seele
1276 3513 2263 3581 sie das kleine Vorstadtmädel um sein selbstverständliche
2289 3520 3283 3577 Ilona im Schlußstück gestaltete Fräulein Pricken, die
309 3501 1246 3596 Das also war damals. Heute hat es uns den Blunten
1280 3558 3276 3618 primitives Liebesglück beneidet. Nach der Pause das hier vor einer neuen Aufgabe stand, sehr temperament
256 3581 1254 3645 garten verhagelt. Das Lebenstempo ist anders geworden
1273 3596 2259 3660 Scherzo, das sich diesmal zum großen Schlager aus
2289 3603 2993 3663 voll, nur fehlte der ungarische Einschlag.
252 3629 1258 3678 Wichtiges von damals trat in den Hintergrund, man hat
1273 3637 2267 3705 wuchs: „Abschiedssouper, eine übermütige Sache, die
2361 3637 3283 3731 Die Szenen wurden ungemein beifällig aufgenom¬
256 3660 1250 3727 keine rechte Lust mehr zum Plaudern in der alten Weise
1276 3678 2263 3742 nach den vorausgegangenen zarteren Gebilden den Kon¬
2285 3705 3279 3757 men. Stürmischer Applaus galt dem Dichter, dem Spiel¬
252 3701 1246 3765 vielleicht auch keine Zeit; die süßen Mädel haben in die
1273 3731 2263 3795 takt mit dem begeistert mitgehenden Publikum herstellte
256 3742 1250 3806 Vorstadt hinaus geheiratet, sind brave Mütter geworden
264 3742 3272 3852 und leise angegraut — vorbei! Aber da kommt der liebe Als Schlußgalopp „Anatols Hochzeitsmorgen" mit dem leiter, den Darstellern, und bewies, daß „Anatol", das
2285 3776 3287 3863 das Interesse für das Wien, wie's liebt, für das schöne
264 3803 2108 3897 Anatol wieder, bringt seine unterschiedlich gearteten, in drastischen Ausklang einer Lebemannslaufbahn.
1325 3821 3215 3923 Waldau hatte für sich und die Darstellerschaft da und Einst noch lebt, daß sie alle vielleicht unsterblich sind.
260 3878 1258 3934 ihrem Charakter und Intellekt so mannigfaltig abgestimm¬
2300 3867 3249 3938 Wol-
260 3885 2274 4013 ten Weibern daher, philosophiert mit seinem Freund dort eine leise Ironie mittlingen lassen, sie wirkte nicht
