3344 4256
976 152 1190 268 klu-
265 174 805 272 4.9. Anatol
1382 149 1734 268 box 9/1
174 1222 744 1291 zu meinen und die Belastung
1915 1237 3058 1306 melodramatische Szenen und Ensemblesätze aufzuweisen. Der
1121 1255 1553 1339 Lehár: Zigeunerliebe.
163 1277 747 1342 Beihnachtseinkäufe durch einen
1915 1295 3054 1339 Aufführung, unter Leitung des Herrn Kapellmeisters Maut¬
160 1324 736 1368 ebst obligatem Gaul war ent¬
1915 1335 3058 1382 ner, läßt sich viel Gutes nachsagen. Unter den Mitstreitern
834 1302 1890 1389 XS. Der Sonntag abend brachte eine Novität für hier
160 1357 3051 1426 ant de bruit pour une omelette! Lehars „Zigeunerliebe, romantische Oper in drei um den Erfolg ragten hervor Fräulein Bertha Deutz. Ilona,
185 1404 3054 1462 der edlen Rosinante denken, Bildern. Zigeunerromantik gehört allerdings zu den über die ihre Rolle mit sprühendem Temperament verkörperte,
163 1426 1901 1505 cher Darsteller bei uns) mit wundenen Dingen, aber den geschickten Textverfassern A. M.
1923 1447 3054 1502 Fräulein Fuchs, als schelmische Jolán, Fräulein Dereany,
167 1476 736 1524 ile nicht zufrieden schien. Die
1915 1487 3054 1534 Zorika, bei der eine schöne gesangliche Leistung die dar¬
758 1491 1890 1542 Willner und Rob. Bodauskey ist das Libretto recht gut ge¬
192 1509 733 1560 sind in Wahrheit nur Plau¬
1919 1527 3058 1582 stellerische erheblich überwog. Herr Dr. Neumann, gewandt
758 1527 1897 1578 lungen. Dichter und Komponist sind bestrebt gewesen neue
170 1538 733 1614 kus sind ja anderswo oft bei¬
1919 1571 3058 1621 in Spiel und Gesang, bewies mit seinem Jossi, daß er auch
758 1567 1897 1618 Wege einzuschlagen, und ganz unverkennbar ist die Operette
174 1585 733 1636 „Abschiedssouper haben auf
1915 1607 3054 1651 größere Rollen zu tragen imstande ist, wenn sie seiner In¬
758 1611 1890 1661 erfreulicherweise an einem Wendepunkte angelangt, sie such
163 1632 740 1676 ind gar nicht so leicht zu geben,
762 1647 3054 1690 sich allmählich der komischen Oper zu nähern, und damit dividualität entsprechen. An dem Jonel des Herrn Schwalb
167 1672 744 1712 ausschauen, denn in ihrem
1908 1683 3058 1730 interessierten hauptsächlich die gesanglichen Darbietungen. Die
762 1690 1886 1738 gewinnt sie neue Möglichkeiten für ihre Existenzberechtigung
163 1701 740 1759 ner Gefühlsschattierungen und
758 1719 3058 1767 In „Zigeunerliebe sind die Weinerlichkeiten vermieden, auf Herren Wanczycki, Dragotin, Klotz, Kajetan, fanden sich,
163 1748 729 1796 zu sehr gewandtes, verständnis
762 1763 3062 1810 der Bühne geht es immer lebendig zu, ohne daß die Ver¬ wie stets, geschickt mit ihren dankbaren Partien ab. Die
160 1792 3058 1839 Konversationsspiel erfordern. nunft ausgeschaltet werden müßte, es fehlt sogar nicht an tiefem übrigen Mitwirkenden können wir nur mit einem General¬
178 1825 1890 1890 hapert es bei uns aber noch Ernst, der mit gefälliger Lustigkeit abwechselt, und man brauch
1915 1843 3054 1894 lob bedenken. Der Chor hielt sich wacker, Anerkennung ist
163 1872 3054 1944 unsere Darsteller am Schluß sich hinterdrein nicht zu schämen, daß man bei dieser Operette dem Orchester zu zollen, ganz besonders Herrn Konzertmeister
163 1904 1886 1966 nander eingespielt, so flattern sich gut unterhalten hat. Im ersten Bilde soll sich Zorika
1915 1919 3054 1962 Conrad für das schön gespielte Violinsolo. Die Spiel¬
160 1952 1890 2006 Auseinander und bei den Neuen die Tochter eines reichen Bojaren, mit Jonel Bolesca ver¬
1926 1955 3065 2010 tung lag bei Herrn Wanczycki in guten Händen, auf
149 1977 3065 2057 vorn. Dazu kam eine nicht loben, dessen zarte Werbung dem launenhaften phantastischen Szenerie und Kostüme war viel Sorgfalt verwandt. Das aus¬
167 2028 1894 2082 Rollen; Frl. Görling, die Mädchen jedoch nicht zusagt, und wie nun der junge glut¬
1915 2031 2917 2108 verkauft Haus nahm die Novität sehr beifällig auf.
167 2064 1894 2122 inleitungsgedicht nur in einer äugige Zigeuner Jozsi, der Spielmann, auftritt, sich ihr
160 2100 1894 2166 in Linien ihrer Figur zeigen leidenschaftlich näher und ihre Sinne entflammt, ist sie in
167 2147 1886 2195 briele besser am Platze gewesen romantischer Aufwallung des Gefühls bereit, Josi zu folgen
170 2191 1894 2235 Frl. Francke, die durch ihre und in ungebundener Freiheit mit ihm die Lande zu durch¬
152 2227 1894 2278 r Rollen in den jüngsten Fest streifen. Die alte Amme Zorikas beschwört sie, sich nicht
167 2264 1897 2314 besser als Ballettratte Aennie mit dem Zigeuner einzulassen, sie bringt ihr einen Becher,
163 2303 733 2347 ekonvaleszenz des Herrn Wah¬
758 2307 1901 2358 gefüllt mit dem Wasser der Czerna, das am Marientage
181 2343 1894 2398 geteilt werden müssen; beide die Kraft hat, demjenigen, der es trinkt, die Zukunft erschauen
163 2383 1901 2430 alität nicht ganz dem jungen zu lassen. Im zweiten Bilde, Zorikas Traum, betreten Jozsi
163 2420 733 2463 sungen wie ein verkappter Dich
758 2427 1897 2470 und Zorika nach langem Umherschweifen die Czarda der
163 2452 740 2499 t) wechselnder Wiener Schwere
765 2459 1897 2510 Frau Ilona von Köröshaza, der Liebesrausch ist verflogen,
163 2496 733 2536 Feuersche ein bischen arg schwe¬
758 2503 1897 2543 und der Zigeuner behandelt die arme Zorika mit empörender
163 2536 1894 2579 ne seine eingestreuten Versuche, Kälte. Jozsi wendet sich der feurigen Ilona zu, die ihren
163 2568 726 2623 inem biederen Norddeutsch ge
755 2576 1894 2623 Gästen als Ueberraschung eine Zigeunerhochzeit vorführen will,
167 2608 726 2659 der „Frage an des Schiksal
758 2612 1897 2663 den Zorika besteht darauf, ihres Josi rechtmäßig ange¬
152 2652 736 2713 m nur durch die Hypnose leider
765 2652 1894 2699 trautes Weib zu sein. Unter den Gästen der Gutsherrin er¬
152 2684 1894 2742 n wurde, Frl. Forsten im blickt Zorika mit Schrecken ihren Vater, der sich von ihr
156 2724 1894 2779 ganz drollige Aennie, aber ihre lossagt, im Traum naht sich ihr Bräutigam Jonel, der sie
160 2768 1897 2815 gereifte Technik traten doch zu beschwört zu ihm zurückzukehren, und wie Jozsi es ver¬
765 2804 1894 2851 schmäht, mit ihr vor den Altar zu treten, ihr ein rotes
160 2800 729 2855 hübsch sahen übrigens alle mit
755 2840 1883 2898 Tuch zuwirft, womit, wenn sie es aufnimmt, bei den Zi
163 2848 729 2895 in wahrten sie den Ruf Wiens
167 2880 1894 2931 in Stimmung zu kommen, der geunern der Lebensbund geschlossen wird, da kommt sie zur
163 2924 1894 2971 Mit Interesse sehen wir den Besinnung, daß sie wahres Glück doch nur bei den Ihren
762 2960 1901 3014 finden kann, und der Traum ist zu Ende. In das Traumbild ist
181 2967 562 3025 Matineen entgegen.
755 3007 1894 3047 ein allerliebstes Familienidyll des Liebespaares Jolán, einer
163 2989 729 3062 wieder eine Uraufführung
755 3036 1886 3083 Kusine Zorikas, und Kajetan Dimitreanu verwebt, nebenher
160 3043 736 3112 Pernotiz Vermerk nehmen. Der
758 3076 1886 3123 bewirbt sich Zorikas Vater, der Bojare Dragotin, um die
156 3087 733 3156 uppertals, Ernst, Söhn¬
755 3116 1886 3163 Gunst der schönen Ilona. Im dritten Bilde wird dann
152 3127 729 3181 eine Komödie „Der Maul
755 3152 1886 3203 rasch der Schluß herbeigeführt, die Liebespaare Jonel-Zorika,
167 3170 729 3214 ieder eines lebhaften Erfolge
762 3196 1890 3239 Jolán-Kajetan, Dragotin-Ilona „kriegen sich, und Jozsi tritt
167 3199 729 3250 Stückes steht ein Scheinheiliger
160 3228 1883 3287 liche übertragen, in der Blüte wieder sein Wanderleben an. Das Textbuch bietet dem Kom¬
751 3272 1879 3323 ponisten sehr günstige Chancen, die Lehr voll ausgenutz
163 3287 729 3330 dem Gelächter mit ebenso volks
755 3312 1879 3374 hat, seine Musik steht hoch über dem, was heute gangbar
156 3326 733 3374 zu derben Mitteln preisgegeben
751 3348 1886 3395 Marktware ist. Man konnte Freude an dem melodischen
229 3363 733 3417 zweite verdient energische
163 3363 1883 3439 Aufwand für die Lösung einer Reichtum haben, der schon in der Ouvertüre aufglüht. Sehr
755 3424 1886 3472 hübsch ist Zorikas Auftrittslied, dann Jonels Lied von der
156 3435 733 3482 Entlarvung des Sünders. Die
755 3464 1883 3511 Heckenrose, das Duett zwischen Zorika und Jossi, Zorikas
163 3475 729 3519 ichon sehr sorgsam vorbereite
152 3501 1883 3551 dem Akt von dem gutbesuchten Lied „War einst ein Mädel". Lehar ist ein Künstler der In¬
755 3540 1883 3591 strumentation, seine Technik hat eine respektable Höhe er¬
751 3580 1883 3628 reicht. Es kommt dazu ein starkes Gefühl für die Bühnen¬
751 3617 1883 3664 wirksamkeit, auch für die musikalische Untermalung des ge¬
733 3642 1890 3725 sprochenen Wortes, und so hat Zigeunerliebe sehr wirkungsvolle
