<?xml version="1.0" encoding="UTF-8" standalone="yes"?>
<PcGts xmlns="http://schema.primaresearch.org/PAGE/gts/pagecontent/2013-07-15" xmlns:xsi="http://www.w3.org/2001/XMLSchema-instance" xsi:schemaLocation="http://schema.primaresearch.org/PAGE/gts/pagecontent/2013-07-15 http://schema.primaresearch.org/PAGE/gts/pagecontent/2013-07-15/pagecontent.xsd">
    <Metadata>
        <Creator>prov=READ-COOP:name=PyLaia@TranskribusPlatform:version=2.12.1:model_id=39995:lm=provided:date=29_03_2024_01:47</Creator>
        <Created>2019-10-07T11:51:00.742+02:00</Created>
        <LastChange>2024-03-29T01:47:33.228+01:00</LastChange>
        <TranskribusMetadata docId="223994" pageId="9505463" pageNr="340" tsid="156430393" status="IN_PROGRESS" userId="40391" imgUrl="https://files.transkribus.eu/Get?id=NHULVDPAMKKSBRTNHFTZJXIB&amp;fileType=view" xmlUrl="https://files.transkribus.eu/Get?id=PORDJNTALERTSXTWCKBTOKTD" imageId="6195677"/>
    </Metadata>
    <Page imageFilename="223994_0340.jpeg" imageWidth="3344" imageHeight="4256">
        <ReadingOrder>
            <OrderedGroup id="ro_1712662535399" caption="Regions reading order">
                <RegionRefIndexed index="0" regionRef="tr_1"/>
                <RegionRefIndexed index="1" regionRef="tr_2"/>
                <RegionRefIndexed index="2" regionRef="tr_3"/>
            </OrderedGroup>
        </ReadingOrder>
        <TextRegion orientation="0.0" id="tr_1" custom="readingOrder {index:0;}">
            <Coords points="244,177 244,339 1178,339 1178,177"/>
            <TextLine id="tr_1_tl_1" custom="readingOrder {index:0;}">
                <Coords points="237,289 1175,306 1175,243 1072,229 237,237"/>
                <Baseline points="244,277 290,286 337,286 384,289 430,289 477,286 524,286 570,286 617,285 664,283 711,284 757,283 804,282 851,285 897,284 944,285 991,286 1037,286 1084,284 1131,283 1178,280"/>
                <TextEquiv>
                    <Unicode>4.9. Anatol Zyklus</Unicode>
                </TextEquiv>
            </TextLine>
            <TextEquiv>
                <Unicode></Unicode>
            </TextEquiv>
        </TextRegion>
        <TextRegion orientation="0.0" id="tr_2" custom="readingOrder {index:1;}">
            <Coords points="1366,177 1366,332 1704,332 1704,177"/>
            <TextLine id="tr_2_tl_1" custom="readingOrder {index:0;}">
                <Coords points="1359,293 1404,300 1436,286 1478,307 1496,292 1533,302 1590,292 1626,306 1663,292 1701,305 1699,228 1482,228 1454,245 1358,227"/>
                <Baseline points="1366,277 1392,279 1418,280 1444,280 1470,280 1496,280 1522,280 1548,280 1574,280 1600,281 1626,282 1652,282 1678,280 1704,280"/>
                <TextEquiv>
                    <Unicode>box 9/1</Unicode>
                </TextEquiv>
            </TextLine>
            <TextEquiv>
                <Unicode></Unicode>
            </TextEquiv>
        </TextRegion>
        <TextRegion orientation="0.0" id="tr_3" custom="readingOrder {index:2;}">
            <Coords points="2163,168 2163,3830 2909,3830 2909,168"/>
            <TextLine id="tr_3_tl_1" custom="readingOrder {index:0;}">
                <Coords points="2477,194 2485,194 2493,201 2513,196 2528,206 2542,195 2548,198 2557,195 2557,173 2547,173 2541,168 2537,172 2529,172 2519,162 2512,161 2507,165 2494,166 2489,171 2487,168 2484,172 2477,171"/>
                <Baseline points="2483,188 2508,188 2534,188 2560,188"/>
                <TextEquiv>
                    <Unicode></Unicode>
                </TextEquiv>
            </TextLine>
            <TextLine id="tr_3_tl_2" custom="readingOrder {index:1;}">
                <Coords points="2734,199 2741,196 2747,201 2778,201 2803,191 2825,203 2845,201 2842,161 2826,161 2817,168 2804,168 2796,161 2789,165 2776,162 2758,172 2731,168"/>
                <Baseline points="2739,188 2766,188 2793,189 2820,192 2847,193"/>
                <TextEquiv>
                    <Unicode></Unicode>
                </TextEquiv>
            </TextLine>
            <TextLine id="tr_3_tl_3" custom="readingOrder {index:2;}">
                <Coords points="2244,226 2880,233 2880,207 2803,191 2244,196"/>
                <Baseline points="2250,221 2281,218 2313,217 2344,217 2376,217 2408,218 2439,220 2471,220 2503,220 2534,220 2566,220 2598,220 2629,220 2661,220 2693,220 2724,220 2756,220 2788,220 2819,222 2851,223 2883,223"/>
                <TextEquiv>
                    <Unicode></Unicode>
                </TextEquiv>
            </TextLine>
            <TextLine id="tr_3_tl_4" custom="readingOrder {index:3;}">
                <Coords points="2243,266 2893,270 2893,224 2243,234"/>
                <Baseline points="2249,243 2281,248 2313,250 2345,250 2378,247 2410,249 2442,250 2475,250 2507,250 2539,251 2572,252 2604,250 2636,250 2668,251 2701,253 2733,253 2765,253 2798,254 2830,256 2862,254 2895,256"/>
                <TextEquiv>
                    <Unicode></Unicode>
                </TextEquiv>
            </TextLine>
            <TextLine id="tr_3_tl_5" custom="readingOrder {index:4;}">
                <Coords points="2187,305 2233,286 2858,292 2858,268 2816,257 2187,261"/>
                <Baseline points="2193,283 2226,281 2259,280 2292,281 2326,283 2359,283 2392,283 2426,283 2459,283 2492,283 2526,283 2559,283 2592,283 2625,285 2659,286 2692,286 2725,286 2759,284 2792,283 2825,284 2859,292"/>
                <TextEquiv>
                    <Unicode>des</Unicode>
                </TextEquiv>
            </TextLine>
            <TextLine id="tr_3_tl_6" custom="readingOrder {index:5;}">
                <Coords points="2214,320 2898,331 2888,279 2817,302 2214,288"/>
                <Baseline points="2220,313 2254,313 2288,313 2322,313 2356,313 2390,315 2424,315 2458,313 2492,313 2526,315 2560,315 2594,315 2628,320 2662,318 2696,316 2730,319 2764,317 2798,316 2832,316 2866,316 2901,316"/>
                <TextEquiv>
                    <Unicode>mit</Unicode>
                </TextEquiv>
            </TextLine>
            <TextLine id="tr_3_tl_7" custom="readingOrder {index:6;}">
                <Coords points="2175,349 2895,354 2895,331 2811,321 2175,331"/>
                <Baseline points="2181,346 2216,346 2252,346 2288,346 2324,345 2360,343 2396,343 2431,345 2467,346 2503,346 2539,346 2575,346 2611,342 2647,340 2682,345 2718,348 2754,348 2790,347 2826,349 2862,349 2898,349"/>
                <TextEquiv>
                    <Unicode></Unicode>
                </TextEquiv>
            </TextLine>
            <TextLine id="tr_3_tl_8" custom="readingOrder {index:7;}">
                <Coords points="2172,387 2907,386 2895,352 2172,351"/>
                <Baseline points="2178,370 2214,372 2251,373 2287,372 2324,371 2360,373 2397,376 2433,374 2470,373 2506,374 2543,376 2580,379 2616,374 2653,375 2689,376 2726,376 2762,376 2799,379 2835,379 2872,379 2909,382"/>
                <TextEquiv>
                    <Unicode></Unicode>
                </TextEquiv>
            </TextLine>
            <TextLine id="tr_3_tl_9" custom="readingOrder {index:8;}">
                <Coords points="2187,417 2895,421 2895,390 2837,386 2187,386"/>
                <Baseline points="2193,408 2228,408 2263,408 2298,407 2334,405 2369,408 2404,410 2439,410 2475,408 2510,408 2545,408 2580,408 2616,409 2651,411 2686,411 2721,411 2757,411 2792,410 2827,408 2862,405 2898,408"/>
                <TextEquiv>
                    <Unicode>tur, re¬</Unicode>
                </TextEquiv>
            </TextLine>
            <TextLine id="tr_3_tl_10" custom="readingOrder {index:9;}">
                <Coords points="2175,451 2844,451 2835,414 2175,416"/>
                <Baseline points="2181,441 2214,441 2247,441 2280,441 2314,441 2347,441 2380,441 2414,441 2447,441 2480,441 2514,443 2547,444 2580,444 2613,444 2647,444 2680,444 2713,444 2747,444 2780,442 2813,441 2847,442"/>
                <TextEquiv>
                    <Unicode>Mr. A.</Unicode>
                </TextEquiv>
            </TextLine>
            <TextLine id="tr_3_tl_11" custom="readingOrder {index:10;}">
                <Coords points="2175,485 2844,482 2844,448 2175,451"/>
                <Baseline points="2181,477 2214,474 2247,474 2280,474 2314,474 2347,474 2380,474 2414,474 2447,474 2480,474 2514,476 2547,477 2580,477 2613,477 2647,475 2680,475 2713,477 2747,477 2780,475 2813,471 2847,464"/>
                <TextEquiv>
                    <Unicode>to our</Unicode>
                </TextEquiv>
            </TextLine>
            <TextLine id="tr_3_tl_12" custom="readingOrder {index:11;}">
                <Coords points="2217,520 2906,514 2906,480 2881,476 2540,496 2217,480"/>
                <Baseline points="2223,504 2257,506 2291,507 2325,508 2360,510 2394,508 2428,509 2463,510 2497,510 2531,513 2566,511 2600,510 2634,510 2668,510 2703,510 2737,510 2771,510 2806,510 2840,510 2874,508 2909,507"/>
                <TextEquiv>
                    <Unicode>l'arrangement therefore, ut</Unicode>
                </TextEquiv>
            </TextLine>
            <TextLine id="tr_3_tl_13" custom="readingOrder {index:12;}">
                <Coords points="2181,546 2895,548 2888,517 2283,528 2181,497"/>
                <Baseline points="2187,540 2222,540 2258,542 2293,543 2329,543 2364,543 2400,543 2435,541 2471,541 2506,543 2542,543 2578,545 2613,544 2649,543 2684,543 2720,543 2755,543 2791,543 2826,543 2862,543 2898,540"/>
                <TextEquiv>
                    <Unicode>and at every performance</Unicode>
                </TextEquiv>
            </TextLine>
            <TextLine id="tr_3_tl_14" custom="readingOrder {index:13;}">
                <Coords points="2172,584 2895,593 2886,548 2172,541"/>
                <Baseline points="2178,573 2214,575 2250,576 2286,575 2322,572 2358,570 2394,572 2430,575 2466,576 2502,576 2538,576 2574,576 2610,576 2646,576 2682,576 2718,576 2754,579 2790,579 2826,578 2862,577 2898,579"/>
                <TextEquiv>
                    <Unicode>and the</Unicode>
                </TextEquiv>
            </TextLine>
            <TextLine id="tr_3_tl_15" custom="readingOrder {index:14;}">
                <Coords points="2172,622 2889,619 2889,589 2759,581 2172,583"/>
                <Baseline points="2178,605 2213,605 2249,603 2285,603 2320,605 2356,605 2392,605 2427,607 2463,608 2499,608 2535,608 2570,608 2606,610 2642,611 2677,611 2713,608 2749,610 2784,611 2820,610 2856,608 2892,608"/>
                <TextEquiv>
                    <Unicode>the</Unicode>
                </TextEquiv>
            </TextLine>
            <TextLine id="tr_3_tl_16" custom="readingOrder {index:15;}">
                <Coords points="2175,645 2898,642 2847,611 2175,624"/>
                <Baseline points="2181,638 2217,638 2253,638 2289,638 2325,639 2361,641 2397,641 2433,641 2469,641 2505,641 2541,641 2577,641 2613,641 2649,641 2685,640 2721,638 2757,641 2793,641 2829,641 2865,640 2901,638"/>
                <TextEquiv>
                    <Unicode>dem ihre</Unicode>
                </TextEquiv>
            </TextLine>
            <TextLine id="tr_3_tl_17" custom="readingOrder {index:16;}">
                <Coords points="2181,680 2900,684 2893,642 2181,646"/>
                <Baseline points="2187,674 2222,672 2258,673 2294,673 2330,672 2366,674 2401,672 2437,671 2473,672 2509,675 2545,677 2580,677 2616,675 2652,674 2688,674 2724,674 2759,676 2795,675 2831,674 2867,674 2903,674"/>
                <TextEquiv>
                    <Unicode>leeren improvement over</Unicode>
                </TextEquiv>
            </TextLine>
            <TextLine id="tr_3_tl_18" custom="readingOrder {index:17;}">
                <Coords points="2175,719 2900,721 2900,683 2175,679"/>
                <Baseline points="2181,701 2217,703 2253,704 2289,703 2325,702 2361,704 2397,704 2433,704 2469,705 2505,708 2542,710 2578,707 2614,707 2650,707 2686,708 2722,710 2758,710 2794,708 2830,707 2866,707 2903,707"/>
                <TextEquiv>
                    <Unicode>at one</Unicode>
                </TextEquiv>
            </TextLine>
            <TextLine id="tr_3_tl_19" custom="readingOrder {index:18;}">
                <Coords points="2172,740 2889,762 2880,716 2239,705 2172,725"/>
                <Baseline points="2178,737 2213,737 2249,737 2285,737 2320,737 2356,738 2392,742 2427,751 2463,744 2499,739 2535,738 2570,743 2606,741 2642,740 2677,741 2713,743 2749,743 2784,745 2820,746 2856,742 2892,740"/>
                <TextEquiv>
                    <Unicode>-</Unicode>
                </TextEquiv>
            </TextLine>
            <TextLine id="tr_3_tl_20" custom="readingOrder {index:19;}">
                <Coords points="2175,780 2354,787 2401,770 2689,788 2689,766 2623,744 2175,744"/>
                <Baseline points="2181,773 2206,773 2232,773 2257,773 2283,771 2308,770 2334,770 2359,770 2385,770 2410,760 2436,753 2462,763 2487,770 2513,770 2538,771 2564,773 2589,773 2615,773 2640,773 2666,773 2692,775"/>
                <TextEquiv>
                    <Unicode>formance of the in.</Unicode>
                </TextEquiv>
            </TextLine>
            <TextLine id="tr_3_tl_21" custom="readingOrder {index:20;}">
                <Coords points="2210,813 2872,816 2872,784 2717,764 2655,791 2399,769 2210,789"/>
                <Baseline points="2217,805 2249,802 2282,804 2315,805 2348,804 2381,802 2414,804 2446,805 2479,805 2512,805 2545,805 2578,805 2611,805 2644,805 2676,805 2709,804 2742,802 2775,804 2808,805 2841,804 2874,802"/>
                <TextEquiv>
                    <Unicode>for the real</Unicode>
                </TextEquiv>
            </TextLine>
            <TextLine id="tr_3_tl_22" custom="readingOrder {index:21;}">
                <Coords points="2175,844 2883,846 2872,810 2175,808"/>
                <Baseline points="2181,838 2216,836 2251,837 2286,837 2322,835 2357,838 2392,836 2427,835 2463,836 2498,838 2533,838 2568,838 2604,839 2639,841 2674,841 2709,839 2745,840 2780,840 2815,838 2850,838 2886,838"/>
                <TextEquiv>
                    <Unicode>see what the familiar with</Unicode>
                </TextEquiv>
            </TextLine>
            <TextLine id="tr_3_tl_23" custom="readingOrder {index:22;}">
                <Coords points="2175,872 2893,875 2893,844 2791,863 2175,843"/>
                <Baseline points="2181,871 2216,869 2252,868 2288,869 2323,871 2359,868 2395,868 2430,870 2466,871 2502,871 2538,871 2573,871 2609,871 2645,872 2680,874 2716,874 2752,874 2787,872 2823,872 2859,874 2895,871"/>
                <TextEquiv>
                    <Unicode>Arthur Schnitzler sketches mit</Unicode>
                </TextEquiv>
            </TextLine>
            <TextLine id="tr_3_tl_24" custom="readingOrder {index:23;}">
                <Coords points="2186,917 2893,913 2883,878 2186,875"/>
                <Baseline points="2192,915 2227,903 2262,899 2297,899 2332,901 2367,901 2402,901 2438,903 2473,904 2508,904 2543,904 2578,904 2613,904 2648,905 2684,907 2719,907 2754,905 2789,904 2824,904 2859,904 2895,904"/>
                <TextEquiv>
                    <Unicode>die</Unicode>
                </TextEquiv>
            </TextLine>
            <TextLine id="tr_3_tl_25" custom="readingOrder {index:24;}">
                <Coords points="2186,937 2422,961 2889,950 2889,914 2184,902"/>
                <Baseline points="2192,915 2227,929 2262,934 2297,934 2332,934 2367,934 2402,934 2437,934 2472,935 2507,937 2542,937 2577,937 2612,937 2647,937 2682,937 2717,937 2752,938 2787,940 2822,940 2857,938 2892,937"/>
                <TextEquiv>
                    <Unicode>in</Unicode>
                </TextEquiv>
            </TextLine>
            <TextLine id="tr_3_tl_26" custom="readingOrder {index:25;}">
                <Coords points="2167,983 2894,978 2893,951 2818,941 2166,947"/>
                <Baseline points="2172,967 2208,967 2244,967 2280,967 2316,967 2352,969 2388,967 2425,968 2461,969 2497,969 2533,969 2569,969 2605,969 2641,969 2678,969 2714,969 2750,972 2786,972 2822,972 2858,971 2895,969"/>
                <TextEquiv>
                    <Unicode>of many love affairs et the</Unicode>
                </TextEquiv>
            </TextLine>
            <TextLine id="tr_3_tl_27" custom="readingOrder {index:26;}">
                <Coords points="2175,1010 2893,1011 2893,978 2853,976 2175,977"/>
                <Baseline points="2181,1002 2216,1000 2252,999 2288,998 2323,996 2359,999 2395,997 2430,998 2466,999 2502,999 2538,999 2573,999 2609,1001 2645,1003 2680,1005 2716,1002 2752,1002 2787,1002 2823,1002 2859,1002 2895,1002"/>
                <TextEquiv>
                    <Unicode>y relates bacher. The</Unicode>
                </TextEquiv>
            </TextLine>
            <TextLine id="tr_3_tl_28" custom="readingOrder {index:27;}">
                <Coords points="2172,1044 2895,1045 2895,1011 2848,1007 2709,1024 2223,998 2172,1018"/>
                <Baseline points="2178,1029 2214,1031 2250,1032 2286,1032 2322,1032 2358,1032 2394,1032 2430,1032 2466,1033 2502,1035 2538,1035 2574,1035 2610,1035 2646,1035 2682,1035 2718,1035 2754,1038 2790,1036 2826,1036 2862,1038 2898,1038"/>
                <TextEquiv>
                    <Unicode>of his fiele etiam represent</Unicode>
                </TextEquiv>
            </TextLine>
            <TextLine id="tr_3_tl_29" custom="readingOrder {index:28;}">
                <Coords points="2172,1068 2895,1090 2876,1041 2172,1044"/>
                <Baseline points="2178,1065 2214,1065 2250,1065 2286,1065 2322,1065 2358,1065 2394,1065 2430,1067 2466,1068 2502,1067 2538,1065 2574,1068 2610,1068 2646,1067 2682,1066 2718,1068 2754,1071 2790,1069 2826,1068 2862,1068 2898,1068"/>
                <TextEquiv>
                    <Unicode>wie very little</Unicode>
                </TextEquiv>
            </TextLine>
            <TextLine id="tr_3_tl_30" custom="readingOrder {index:29;}">
                <Coords points="2172,1109 2893,1114 2893,1088 2805,1072 2570,1067 2532,1093 2457,1069 2172,1073"/>
                <Baseline points="2178,1095 2213,1095 2249,1095 2285,1096 2321,1098 2357,1098 2393,1098 2428,1098 2464,1098 2500,1099 2536,1101 2572,1101 2608,1101 2644,1101 2679,1101 2715,1101 2751,1101 2787,1103 2823,1104 2859,1104 2895,1104"/>
                <TextEquiv>
                    <Unicode>une coquette.</Unicode>
                </TextEquiv>
            </TextLine>
            <TextLine id="tr_3_tl_31" custom="readingOrder {index:30;}">
                <Coords points="2172,1133 2894,1148 2893,1114 2859,1109 2172,1109"/>
                <Baseline points="2178,1131 2213,1129 2249,1128 2285,1128 2321,1128 2357,1128 2393,1130 2428,1131 2464,1131 2500,1132 2536,1134 2572,1136 2608,1135 2644,1134 2679,1134 2715,1134 2751,1136 2787,1137 2823,1137 2859,1138 2895,1140"/>
                <TextEquiv>
                    <Unicode>Anterioris performer in</Unicode>
                </TextEquiv>
            </TextLine>
            <TextLine id="tr_3_tl_32" custom="readingOrder {index:31;}">
                <Coords points="2175,1168 2894,1185 2893,1148 2818,1143 2175,1142"/>
                <Baseline points="2181,1160 2216,1160 2252,1160 2288,1161 2323,1163 2359,1163 2395,1163 2430,1163 2466,1163 2502,1163 2538,1163 2573,1163 2609,1165 2645,1166 2680,1166 2716,1169 2752,1169 2787,1167 2823,1166 2859,1166 2895,1169"/>
                <TextEquiv>
                    <Unicode>te opera.</Unicode>
                </TextEquiv>
            </TextLine>
            <TextLine id="tr_3_tl_33" custom="readingOrder {index:32;}">
                <Coords points="2172,1214 2859,1213 2888,1175 2170,1168"/>
                <Baseline points="2178,1193 2213,1193 2249,1195 2285,1195 2320,1193 2356,1196 2392,1194 2427,1193 2463,1194 2499,1196 2535,1196 2570,1196 2606,1194 2642,1194 2677,1197 2713,1202 2749,1202 2784,1200 2820,1198 2856,1196 2892,1196"/>
                <TextEquiv>
                    <Unicode>there are</Unicode>
                </TextEquiv>
            </TextLine>
            <TextLine id="tr_3_tl_34" custom="readingOrder {index:33;}">
                <Coords points="2168,1228 2893,1248 2883,1204 2168,1216"/>
                <Baseline points="2175,1226 2211,1226 2247,1226 2283,1227 2319,1228 2355,1226 2391,1226 2427,1226 2463,1227 2499,1229 2535,1229 2571,1232 2607,1230 2643,1230 2679,1232 2715,1232 2751,1235 2787,1235 2823,1234 2859,1232 2895,1229"/>
                <TextEquiv>
                    <Unicode>riberas a con-</Unicode>
                </TextEquiv>
            </TextLine>
            <TextLine id="tr_3_tl_35" custom="readingOrder {index:34;}">
                <Coords points="2168,1270 2889,1275 2889,1247 2855,1239 2168,1228"/>
                <Baseline points="2175,1259 2210,1259 2246,1259 2282,1259 2318,1260 2354,1262 2390,1262 2425,1262 2461,1262 2497,1262 2533,1262 2569,1262 2605,1264 2641,1265 2676,1265 2712,1265 2748,1267 2784,1266 2820,1266 2856,1267 2892,1262"/>
                <TextEquiv>
                    <Unicode>The last one</Unicode>
                </TextEquiv>
            </TextLine>
            <TextLine id="tr_3_tl_36" custom="readingOrder {index:35;}">
                <Coords points="2172,1296 2273,1318 2304,1298 2488,1320 2561,1298 2889,1305 2869,1269 2172,1269"/>
                <Baseline points="2178,1292 2213,1292 2249,1292 2285,1293 2320,1295 2356,1292 2392,1294 2427,1295 2463,1295 2499,1295 2535,1295 2570,1297 2606,1296 2642,1296 2677,1298 2713,1298 2749,1298 2784,1298 2820,1298 2856,1298 2892,1301"/>
                <TextEquiv>
                    <Unicode>ren onde cocotte</Unicode>
                </TextEquiv>
            </TextLine>
            <TextLine id="tr_3_tl_37" custom="readingOrder {index:36;}">
                <Coords points="2175,1329 2896,1346 2895,1305 2851,1300 2529,1296 2492,1321 2175,1304"/>
                <Baseline points="2181,1325 2216,1323 2252,1324 2288,1326 2324,1327 2360,1325 2396,1327 2431,1328 2467,1328 2503,1328 2539,1328 2575,1328 2611,1328 2647,1329 2682,1331 2718,1331 2754,1333 2790,1334 2826,1333 2862,1331 2898,1331"/>
                <TextEquiv>
                    <Unicode>die</Unicode>
                </TextEquiv>
            </TextLine>
            <TextLine id="tr_3_tl_38" custom="readingOrder {index:37;}">
                <Coords points="2168,1369 2896,1390 2877,1339 2284,1349 2168,1328"/>
                <Baseline points="2175,1357 2211,1357 2247,1359 2283,1360 2319,1360 2355,1360 2391,1362 2428,1363 2464,1363 2500,1363 2536,1363 2572,1366 2608,1366 2644,1366 2681,1366 2717,1366 2753,1369 2789,1369 2825,1367 2861,1366 2898,1363"/>
                <TextEquiv>
                    <Unicode>really carrier does not appear in the</Unicode>
                </TextEquiv>
            </TextLine>
            <TextLine id="tr_3_tl_39" custom="readingOrder {index:38;}">
                <Coords points="2175,1407 2200,1412 2210,1402 2239,1395 2286,1407 2295,1400 2308,1400 2309,1358 2262,1373 2236,1364 2216,1369 2198,1359 2176,1371"/>
                <Baseline points="2181,1396 2206,1394 2232,1392 2258,1390 2284,1391 2310,1393"/>
                <TextEquiv>
                    <Unicode>picture.</Unicode>
                </TextEquiv>
            </TextLine>
            <TextLine id="tr_3_tl_40" custom="readingOrder {index:39;}">
                <Coords points="2214,1431 2889,1439 2888,1388 2833,1376 2602,1412 2451,1370 2327,1405 2214,1395"/>
                <Baseline points="2220,1423 2253,1423 2287,1424 2320,1426 2354,1426 2388,1428 2421,1429 2455,1428 2488,1426 2522,1426 2556,1428 2589,1429 2623,1429 2656,1429 2690,1429 2724,1430 2757,1432 2791,1432 2824,1432 2858,1432 2892,1432"/>
                <TextEquiv>
                    <Unicode>There is very na gestion</Unicode>
                </TextEquiv>
            </TextLine>
            <TextLine id="tr_3_tl_41" custom="readingOrder {index:40;}">
                <Coords points="2183,1467 2893,1471 2883,1439 2401,1447 2183,1419"/>
                <Baseline points="2190,1459 2225,1459 2260,1459 2295,1459 2331,1459 2366,1462 2401,1462 2436,1462 2472,1462 2507,1462 2542,1465 2577,1463 2613,1462 2648,1462 2683,1462 2718,1462 2754,1464 2789,1465 2824,1465 2859,1465 2895,1468"/>
                <TextEquiv>
                    <Unicode>and no attempted to.</Unicode>
                </TextEquiv>
            </TextLine>
            <TextLine id="tr_3_tl_42" custom="readingOrder {index:41;}">
                <Coords points="2183,1497 2893,1517 2893,1470 2183,1467"/>
                <Baseline points="2190,1489 2225,1489 2260,1489 2295,1489 2331,1489 2366,1489 2401,1489 2436,1489 2472,1489 2507,1489 2542,1492 2577,1494 2613,1495 2648,1495 2683,1495 2718,1495 2754,1495 2789,1496 2824,1498 2859,1501 2895,1498"/>
                <TextEquiv>
                    <Unicode>The very series of bright,</Unicode>
                </TextEquiv>
            </TextLine>
            <TextLine id="tr_3_tl_43" custom="readingOrder {index:42;}">
                <Coords points="2181,1530 2893,1538 2872,1505 2181,1496"/>
                <Baseline points="2187,1522 2222,1522 2257,1522 2293,1522 2328,1522 2364,1525 2399,1525 2434,1525 2470,1525 2505,1525 2541,1525 2576,1525 2611,1525 2647,1526 2682,1528 2718,1528 2753,1528 2788,1529 2824,1531 2859,1531 2895,1528"/>
                <TextEquiv>
                    <Unicode>in dialogues, sometimes be¬</Unicode>
                </TextEquiv>
            </TextLine>
            <TextLine id="tr_3_tl_44" custom="readingOrder {index:43;}">
                <Coords points="2187,1567 2898,1573 2880,1533 2187,1531"/>
                <Baseline points="2193,1554 2228,1552 2263,1553 2299,1554 2334,1554 2370,1554 2405,1556 2440,1557 2476,1557 2511,1557 2547,1557 2582,1557 2617,1557 2653,1558 2688,1560 2724,1557 2759,1559 2794,1560 2830,1560 2865,1560 2901,1563"/>
                <TextEquiv>
                    <Unicode>ween Anatol and his friend. Max, and</Unicode>
                </TextEquiv>
            </TextLine>
            <TextLine id="tr_3_tl_45" custom="readingOrder {index:44;}">
                <Coords points="2172,1594 2888,1615 2897,1572 2170,1565"/>
                <Baseline points="2178,1584 2214,1586 2250,1587 2286,1587 2322,1587 2358,1587 2394,1587 2431,1587 2467,1588 2503,1591 2539,1593 2575,1593 2611,1593 2647,1593 2684,1593 2720,1593 2756,1593 2792,1593 2828,1593 2864,1593 2901,1593"/>
                <TextEquiv>
                    <Unicode>sometimes between Anstand his lady</Unicode>
                </TextEquiv>
            </TextLine>
            <TextLine id="tr_3_tl_46" custom="readingOrder {index:45;}">
                <Coords points="2172,1626 2900,1634 2898,1612 2831,1599 2172,1595"/>
                <Baseline points="2178,1620 2214,1618 2250,1619 2286,1620 2323,1620 2359,1620 2395,1620 2431,1620 2468,1621 2504,1623 2540,1623 2576,1623 2613,1623 2649,1623 2685,1623 2721,1623 2758,1623 2794,1625 2830,1626 2866,1626 2903,1629"/>
                <TextEquiv>
                    <Unicode>love of the moment. The conversation</Unicode>
                </TextEquiv>
            </TextLine>
            <TextLine id="tr_3_tl_47" custom="readingOrder {index:46;}">
                <Coords points="2172,1664 2890,1677 2889,1633 2172,1625"/>
                <Baseline points="2178,1653 2213,1653 2249,1653 2285,1653 2320,1653 2356,1653 2392,1653 2427,1655 2463,1656 2499,1656 2535,1656 2570,1656 2606,1658 2642,1659 2677,1659 2713,1659 2749,1659 2784,1659 2820,1660 2856,1662 2892,1662"/>
                <TextEquiv>
                    <Unicode>of course, always turn to the subject of</Unicode>
                </TextEquiv>
            </TextLine>
            <TextLine id="tr_3_tl_48" custom="readingOrder {index:47;}">
                <Coords points="2179,1692 2209,1699 2265,1688 2325,1704 2361,1690 2426,1703 2440,1692 2475,1698 2474,1675 2422,1658 2408,1669 2291,1661 2258,1674 2242,1661 2215,1657 2200,1668 2177,1656"/>
                <Baseline points="2184,1686 2210,1686 2237,1686 2263,1686 2290,1686 2317,1686 2343,1686 2370,1686 2397,1686 2423,1687 2450,1689 2477,1692"/>
                <TextEquiv>
                    <Unicode>love and women,</Unicode>
                </TextEquiv>
            </TextLine>
            <TextLine id="tr_3_tl_49" custom="readingOrder {index:48;}">
                <Coords points="2219,1724 2890,1734 2890,1676 2544,1705 2219,1688"/>
                <Baseline points="2226,1716 2259,1716 2292,1717 2325,1719 2359,1719 2392,1719 2425,1720 2459,1722 2492,1722 2525,1722 2559,1723 2592,1724 2625,1722 2658,1724 2692,1725 2725,1725 2758,1725 2792,1725 2825,1724 2858,1722 2892,1725"/>
                <TextEquiv>
                    <Unicode>here thing of the intensity of</Unicode>
                </TextEquiv>
            </TextLine>
            <TextLine id="tr_3_tl_50" custom="readingOrder {index:49;}">
                <Coords points="2173,1758 2896,1767 2868,1731 2172,1723"/>
                <Baseline points="2178,1748 2214,1749 2250,1751 2286,1751 2322,1749 2358,1748 2394,1749 2430,1751 2466,1754 2502,1754 2538,1754 2574,1756 2610,1761 2646,1768 2682,1767 2718,1757 2754,1757 2790,1757 2826,1757 2862,1757 2898,1757"/>
                <TextEquiv>
                    <Unicode>Schneeble, produced in this</Unicode>
                </TextEquiv>
            </TextLine>
            <TextLine id="tr_3_tl_51" custom="readingOrder {index:50;}">
                <Coords points="2172,1793 2886,1801 2886,1768 2736,1776 2660,1745 2606,1772 2172,1760"/>
                <Baseline points="2178,1784 2213,1784 2249,1784 2284,1784 2320,1786 2355,1786 2391,1784 2426,1784 2462,1787 2497,1787 2533,1787 2569,1787 2604,1786 2640,1771 2675,1772 2711,1785 2746,1787 2782,1788 2817,1790 2853,1790 2889,1790"/>
                <TextEquiv>
                    <Unicode>country under the title of The Recon-</Unicode>
                </TextEquiv>
            </TextLine>
            <TextLine id="tr_3_tl_52" custom="readingOrder {index:51;}">
                <Coords points="2177,1824 2893,1834 2893,1796 2633,1786 2596,1813 2561,1792 2177,1791"/>
                <Baseline points="2184,1817 2219,1817 2255,1817 2290,1817 2326,1817 2361,1817 2397,1817 2432,1815 2468,1815 2503,1817 2539,1820 2575,1820 2610,1820 2646,1821 2681,1823 2717,1823 2752,1823 2788,1823 2823,1823 2859,1823 2895,1826"/>
                <TextEquiv>
                    <Unicode>indeed, Anatol, if it belangen</Unicode>
                </TextEquiv>
            </TextLine>
            <TextLine id="tr_3_tl_53" custom="readingOrder {index:52;}">
                <Coords points="2177,1857 2901,1869 2889,1833 2177,1823"/>
                <Baseline points="2184,1847 2221,1849 2259,1850 2297,1852 2335,1852 2373,1851 2411,1853 2448,1850 2486,1850 2524,1852 2562,1854 2600,1855 2638,1853 2675,1856 2713,1856 2751,1856 2789,1856 2827,1856 2865,1856 2903,1856"/>
                <TextEquiv>
                    <Unicode>se at all, as found its proper</Unicode>
                </TextEquiv>
            </TextLine>
            <TextLine id="tr_3_tl_54" custom="readingOrder {index:53;}">
                <Coords points="2173,1897 2894,1892 2893,1863 2852,1857 2172,1862"/>
                <Baseline points="2178,1883 2213,1883 2249,1883 2285,1883 2321,1883 2357,1883 2393,1883 2428,1883 2464,1883 2500,1884 2536,1886 2572,1886 2608,1886 2644,1886 2679,1886 2715,1886 2751,1888 2787,1889 2823,1889 2859,1889 2895,1889"/>
                <TextEquiv>
                    <Unicode>home at the little there, where the</Unicode>
                </TextEquiv>
            </TextLine>
            <TextLine id="tr_3_tl_55" custom="readingOrder {index:54;}">
                <Coords points="2173,1928 2874,1933 2893,1892 2172,1898"/>
                <Baseline points="2178,1916 2213,1916 2249,1916 2285,1916 2321,1916 2357,1916 2393,1916 2428,1916 2464,1917 2500,1918 2536,1916 2572,1918 2608,1919 2644,1919 2679,1919 2715,1919 2751,1921 2787,1922 2823,1921 2859,1919 2895,1919"/>
                <TextEquiv>
                    <Unicode>scheme seems to be to present the un</Unicode>
                </TextEquiv>
            </TextLine>
            <TextLine id="tr_3_tl_56" custom="readingOrder {index:55;}">
                <Coords points="2172,1948 2883,1961 2883,1931 2828,1925 2172,1924"/>
                <Baseline points="2178,1948 2213,1946 2248,1947 2284,1948 2319,1948 2355,1951 2390,1949 2425,1948 2461,1949 2496,1951 2532,1951 2567,1951 2602,1951 2638,1951 2673,1951 2709,1951 2744,1951 2779,1951 2815,1951 2850,1951 2886,1951"/>
                <TextEquiv>
                    <Unicode>and play of literary value rather</Unicode>
                </TextEquiv>
            </TextLine>
            <TextLine id="tr_3_tl_57" custom="readingOrder {index:56;}">
                <Coords points="2175,1986 2883,1996 2883,1962 2842,1958 2175,1952"/>
                <Baseline points="2181,1981 2216,1981 2251,1981 2286,1982 2322,1984 2357,1981 2392,1981 2427,1981 2463,1982 2498,1984 2533,1984 2568,1984 2604,1984 2639,1984 2674,1984 2709,1986 2745,1985 2780,1985 2815,1987 2850,1987 2886,1987"/>
                <TextEquiv>
                    <Unicode>an popular drama. Anato probably</Unicode>
                </TextEquiv>
            </TextLine>
            <TextLine id="tr_3_tl_58" custom="readingOrder {index:57;}">
                <Coords points="2182,2020 2889,2030 2888,2000 2855,1993 2181,1987"/>
                <Baseline points="2187,2014 2222,2014 2257,2014 2292,2014 2328,2014 2363,2014 2398,2014 2433,2015 2469,2016 2504,2014 2539,2014 2574,2014 2610,2015 2645,2017 2680,2017 2715,2017 2751,2017 2786,2018 2821,2020 2856,2020 2892,2017"/>
                <TextEquiv>
                    <Unicode>will be more greatly enjoyed in the</Unicode>
                </TextEquiv>
            </TextLine>
            <TextLine id="tr_3_tl_59" custom="readingOrder {index:58;}">
                <Coords points="2181,2052 2898,2063 2898,2030 2849,2024 2181,2020"/>
                <Baseline points="2187,2044 2222,2046 2258,2047 2294,2047 2329,2047 2365,2047 2401,2049 2436,2048 2472,2048 2508,2050 2544,2047 2579,2047 2615,2049 2651,2050 2686,2050 2722,2050 2758,2050 2793,2050 2829,2051 2865,2053 2901,2053"/>
                <TextEquiv>
                    <Unicode>library than in the theatre, for it is the</Unicode>
                </TextEquiv>
            </TextLine>
            <TextLine id="tr_3_tl_60" custom="readingOrder {index:59;}">
                <Coords points="2177,2093 2895,2105 2886,2057 2177,2052"/>
                <Baseline points="2184,2077 2219,2077 2255,2079 2291,2080 2326,2080 2362,2080 2398,2080 2433,2080 2469,2079 2505,2077 2541,2080 2576,2082 2612,2083 2648,2083 2683,2083 2719,2083 2755,2083 2790,2083 2826,2083 2862,2083 2898,2083"/>
                <TextEquiv>
                    <Unicode>lines and not the action or situation</Unicode>
                </TextEquiv>
            </TextLine>
            <TextLine id="tr_3_tl_61" custom="readingOrder {index:60;}">
                <Coords points="2175,2113 2893,2128 2854,2091 2175,2092"/>
                <Baseline points="2181,2113 2216,2113 2252,2111 2288,2110 2323,2110 2359,2113 2395,2113 2430,2113 2466,2113 2502,2113 2538,2113 2573,2113 2609,2115 2645,2116 2680,2116 2716,2116 2752,2118 2787,2119 2823,2119 2859,2119 2895,2119"/>
                <TextEquiv>
                    <Unicode>which constitue ita merits and delights.</Unicode>
                </TextEquiv>
            </TextLine>
            <TextLine id="tr_3_tl_62" custom="readingOrder {index:61;}">
                <Coords points="2214,2148 2638,2167 2681,2148 2728,2169 2873,2159 2883,2126 2212,2122"/>
                <Baseline points="2220,2142 2253,2142 2286,2142 2319,2142 2353,2142 2386,2142 2419,2142 2453,2143 2486,2145 2519,2145 2553,2146 2586,2148 2619,2148 2652,2148 2686,2148 2719,2148 2752,2148 2786,2148 2819,2149 2852,2151 2886,2151"/>
                <TextEquiv>
                    <Unicode>The sketches contain a value à</Unicode>
                </TextEquiv>
            </TextLine>
            <TextLine id="tr_3_tl_63" custom="readingOrder {index:62;}">
                <Coords points="2175,2193 2887,2191 2866,2155 2226,2156 2175,2126"/>
                <Baseline points="2181,2181 2216,2179 2251,2176 2287,2176 2322,2178 2358,2178 2393,2178 2428,2178 2464,2178 2499,2178 2535,2178 2570,2180 2605,2180 2641,2178 2676,2178 2712,2178 2747,2180 2782,2181 2818,2181 2853,2181 2889,2181"/>
                <TextEquiv>
                    <Unicode>psychological insight into the workings</Unicode>
                </TextEquiv>
            </TextLine>
            <TextLine id="tr_3_tl_64" custom="readingOrder {index:63;}">
                <Coords points="2176,2221 2859,2228 2894,2221 2893,2188 2175,2194"/>
                <Baseline points="2181,2211 2216,2211 2252,2211 2288,2211 2323,2211 2359,2211 2395,2209 2430,2210 2466,2211 2502,2211 2538,2211 2573,2211 2609,2211 2645,2211 2680,2211 2716,2214 2752,2214 2787,2214 2823,2214 2859,2214 2895,2217"/>
                <TextEquiv>
                    <Unicode>of the masculine and feminine</Unicode>
                </TextEquiv>
            </TextLine>
            <TextLine id="tr_3_tl_65" custom="readingOrder {index:64;}">
                <Coords points="2175,2255 2898,2262 2886,2221 2175,2223"/>
                <Baseline points="2181,2247 2217,2245 2253,2244 2289,2244 2325,2243 2361,2241 2397,2241 2433,2241 2469,2242 2505,2244 2541,2244 2577,2244 2613,2244 2649,2245 2685,2247 2721,2247 2757,2247 2793,2247 2829,2247 2865,2248 2901,2250"/>
                <TextEquiv>
                    <Unicode>mind, felicius philosophy and of</Unicode>
                </TextEquiv>
            </TextLine>
            <TextLine id="tr_3_tl_66" custom="readingOrder {index:65;}">
                <Coords points="2175,2293 2893,2294 2893,2264 2845,2250 2175,2255"/>
                <Baseline points="2181,2280 2216,2275 2252,2276 2288,2277 2323,2277 2359,2277 2395,2277 2430,2277 2466,2277 2502,2277 2538,2277 2573,2279 2609,2278 2645,2277 2680,2278 2716,2283 2752,2281 2787,2280 2823,2280 2859,2280 2895,2280"/>
                <TextEquiv>
                    <Unicode>in suicism there is plenty, and the</Unicode>
                </TextEquiv>
            </TextLine>
            <TextLine id="tr_3_tl_67" custom="readingOrder {index:66;}">
                <Coords points="2175,2323 2883,2322 2883,2295 2818,2285 2175,2292"/>
                <Baseline points="2181,2313 2216,2311 2251,2310 2286,2309 2322,2307 2357,2310 2392,2310 2427,2310 2463,2309 2498,2307 2533,2307 2568,2307 2604,2308 2639,2310 2674,2310 2709,2310 2745,2310 2780,2311 2815,2313 2850,2313 2886,2313"/>
                <TextEquiv>
                    <Unicode>dialogue will be best enjoyed by men</Unicode>
                </TextEquiv>
            </TextLine>
            <TextLine id="tr_3_tl_68" custom="readingOrder {index:67;}">
                <Coords points="2172,2350 2893,2353 2865,2319 2172,2321"/>
                <Baseline points="2178,2342 2213,2342 2249,2342 2285,2342 2321,2342 2357,2342 2393,2342 2428,2342 2464,2342 2500,2341 2536,2339 2572,2341 2608,2342 2644,2342 2679,2342 2715,2342 2751,2342 2787,2344 2823,2345 2859,2345 2895,2345"/>
                <TextEquiv>
                    <Unicode>and not the world who have</Unicode>
                </TextEquiv>
            </TextLine>
            <TextLine id="tr_3_tl_69" custom="readingOrder {index:68;}">
                <Coords points="2172,2384 2889,2392 2869,2352 2172,2349"/>
                <Baseline points="2178,2375 2213,2375 2249,2375 2285,2375 2320,2375 2356,2375 2392,2373 2427,2372 2463,2373 2499,2375 2535,2375 2570,2375 2606,2377 2642,2377 2677,2375 2713,2375 2749,2377 2784,2378 2820,2378 2856,2378 2892,2378"/>
                <TextEquiv>
                    <Unicode>known or observed the types depicted.</Unicode>
                </TextEquiv>
            </TextLine>
            <TextLine id="tr_3_tl_70" custom="readingOrder {index:69;}">
                <Coords points="2177,2422 2886,2424 2886,2394 2854,2385 2177,2387"/>
                <Baseline points="2184,2408 2219,2408 2254,2406 2289,2406 2325,2408 2360,2408 2395,2408 2430,2407 2466,2406 2501,2408 2536,2405 2571,2407 2607,2408 2642,2409 2677,2411 2712,2409 2748,2408 2783,2409 2818,2411 2853,2411 2889,2411"/>
                <TextEquiv>
                    <Unicode>ven of plenty runs through the</Unicode>
                </TextEquiv>
            </TextLine>
            <TextLine id="tr_3_tl_71" custom="readingOrder {index:70;}">
                <Coords points="2172,2450 2883,2450 2868,2415 2172,2422"/>
                <Baseline points="2178,2441 2213,2441 2248,2441 2284,2441 2319,2441 2355,2441 2390,2441 2425,2441 2461,2441 2496,2441 2532,2438 2567,2440 2602,2441 2638,2441 2673,2441 2709,2444 2744,2442 2779,2441 2815,2442 2850,2444 2886,2444"/>
                <TextEquiv>
                    <Unicode>sketches and the five scenes ripple with</Unicode>
                </TextEquiv>
            </TextLine>
            <TextLine id="tr_3_tl_72" custom="readingOrder {index:71;}">
                <Coords points="2175,2486 2284,2478 2369,2508 2450,2480 2543,2502 2889,2496 2877,2450 2175,2459"/>
                <Baseline points="2181,2477 2216,2475 2252,2474 2287,2474 2323,2474 2358,2474 2394,2474 2429,2476 2465,2476 2500,2474 2536,2474 2572,2476 2607,2475 2643,2474 2678,2474 2714,2477 2749,2477 2785,2478 2820,2480 2856,2480 2892,2477"/>
                <TextEquiv>
                    <Unicode>allusion to the relationship of</Unicode>
                </TextEquiv>
            </TextLine>
            <TextLine id="tr_3_tl_73" custom="readingOrder {index:72;}">
                <Coords points="2172,2512 2230,2517 2244,2510 2256,2517 2264,2512 2286,2527 2307,2513 2319,2519 2352,2515 2352,2485 2295,2487 2284,2478 2236,2495 2201,2480 2172,2487"/>
                <Baseline points="2178,2510 2203,2508 2228,2507 2253,2507 2278,2507 2303,2507 2328,2508 2354,2510"/>
                <TextEquiv>
                    <Unicode>the sexes.</Unicode>
                </TextEquiv>
            </TextLine>
            <TextLine id="tr_3_tl_74" custom="readingOrder {index:73;}">
                <Coords points="2204,2548 2877,2550 2877,2513 2749,2496 2204,2517"/>
                <Baseline points="2211,2539 2244,2539 2277,2539 2311,2539 2344,2539 2378,2539 2411,2539 2445,2539 2478,2539 2512,2539 2545,2539 2578,2538 2612,2536 2645,2536 2679,2537 2712,2540 2746,2542 2779,2540 2813,2539 2846,2540 2880,2542"/>
                <TextEquiv>
                    <Unicode>Mr. Ame has produced to ex¬</Unicode>
                </TextEquiv>
            </TextLine>
            <TextLine id="tr_3_tl_75" custom="readingOrder {index:74;}">
                <Coords points="2172,2581 2880,2590 2880,2551 2818,2542 2172,2555"/>
                <Baseline points="2178,2575 2213,2572 2248,2572 2283,2572 2319,2572 2354,2572 2389,2572 2424,2572 2460,2572 2495,2572 2530,2572 2565,2572 2601,2572 2636,2572 2671,2572 2706,2572 2742,2572 2777,2572 2812,2572 2847,2572 2883,2572"/>
                <TextEquiv>
                    <Unicode>quisites. Each of the different eines</Unicode>
                </TextEquiv>
            </TextLine>
            <TextLine id="tr_3_tl_76" custom="readingOrder {index:75;}">
                <Coords points="2172,2622 2886,2623 2886,2589 2858,2581 2172,2582"/>
                <Baseline points="2178,2608 2213,2608 2249,2606 2284,2605 2320,2605 2355,2605 2391,2605 2426,2605 2462,2605 2497,2605 2533,2605 2569,2605 2604,2605 2640,2606 2675,2608 2711,2608 2746,2608 2782,2607 2817,2606 2853,2608 2889,2608"/>
                <TextEquiv>
                    <Unicode>is a marvel of good taste and detail. The</Unicode>
                </TextEquiv>
            </TextLine>
            <TextLine id="tr_3_tl_77" custom="readingOrder {index:76;}">
                <Coords points="2172,2655 2889,2648 2889,2622 2819,2613 2172,2620"/>
                <Baseline points="2178,2641 2213,2641 2249,2639 2285,2639 2320,2641 2356,2638 2392,2640 2427,2639 2463,2638 2499,2638 2535,2638 2570,2638 2606,2640 2642,2640 2677,2638 2713,2638 2749,2638 2784,2640 2820,2641 2856,2641 2892,2641"/>
                <TextEquiv>
                    <Unicode>er also have been on with a</Unicode>
                </TextEquiv>
            </TextLine>
            <TextLine id="tr_3_tl_78" custom="readingOrder {index:77;}">
                <Coords points="2166,2680 2893,2689 2893,2647 2166,2650"/>
                <Baseline points="2172,2674 2208,2672 2244,2671 2280,2671 2316,2671 2352,2671 2388,2671 2425,2671 2461,2671 2497,2671 2533,2671 2569,2674 2605,2672 2641,2671 2678,2671 2714,2671 2750,2671 2786,2673 2822,2674 2858,2674 2895,2674"/>
                <TextEquiv>
                    <Unicode>discreet knowledge of their finess for</Unicode>
                </TextEquiv>
            </TextLine>
            <TextLine id="tr_3_tl_79" custom="readingOrder {index:78;}">
                <Coords points="2166,2721 2877,2713 2847,2679 2166,2680"/>
                <Baseline points="2172,2707 2207,2707 2242,2705 2278,2705 2313,2707 2349,2704 2384,2704 2419,2704 2455,2705 2490,2707 2526,2707 2561,2707 2596,2706 2632,2704 2667,2704 2703,2704 2738,2704 2773,2705 2809,2707 2844,2707 2880,2707"/>
                <TextEquiv>
                    <Unicode>the roles assigned, and it is due to Mr.</Unicode>
                </TextEquiv>
            </TextLine>
            <TextLine id="tr_3_tl_80" custom="readingOrder {index:79;}">
                <Coords points="2168,2744 2893,2756 2893,2714 2168,2714"/>
                <Baseline points="2175,2739 2211,2739 2247,2739 2283,2739 2319,2739 2355,2739 2391,2739 2427,2739 2463,2739 2499,2739 2535,2739 2571,2739 2607,2739 2643,2738 2679,2737 2715,2739 2751,2739 2787,2739 2823,2739 2859,2739 2895,2739"/>
                <TextEquiv>
                    <Unicode>Ames to record that he has established</Unicode>
                </TextEquiv>
            </TextLine>
            <TextLine id="tr_3_tl_81" custom="readingOrder {index:80;}">
                <Coords points="2172,2779 2629,2782 2678,2805 2883,2787 2883,2749 2172,2747"/>
                <Baseline points="2178,2775 2213,2773 2248,2772 2284,2772 2319,2772 2355,2772 2390,2770 2425,2771 2461,2772 2496,2772 2532,2772 2567,2772 2602,2772 2638,2773 2673,2775 2709,2772 2744,2772 2779,2772 2815,2773 2850,2775 2886,2781"/>
                <TextEquiv>
                    <Unicode>himself as one of our most paistaking</Unicode>
                </TextEquiv>
            </TextLine>
            <TextLine id="tr_3_tl_82" custom="readingOrder {index:81;}">
                <Coords points="2168,2823 2257,2810 2370,2834 2392,2821 2442,2833 2495,2810 2530,2818 2530,2784 2499,2778 2338,2793 2300,2773 2262,2787 2168,2777"/>
                <Baseline points="2175,2808 2200,2806 2226,2805 2251,2805 2277,2805 2302,2805 2328,2806 2354,2808 2379,2806 2405,2805 2430,2805 2456,2805 2481,2805 2507,2805 2533,2805"/>
                <TextEquiv>
                    <Unicode>dramatic producers,</Unicode>
                </TextEquiv>
            </TextLine>
            <TextLine id="tr_3_tl_83" custom="readingOrder {index:82;}">
                <Coords points="2298,2872 2754,2887 2754,2842 2624,2827 2604,2809 2546,2839 2482,2814 2384,2842 2298,2825"/>
                <Baseline points="2304,2862 2329,2862 2354,2862 2379,2862 2404,2861 2429,2860 2455,2859 2480,2859 2505,2860 2530,2862 2555,2862 2580,2862 2606,2862 2631,2862 2656,2862 2681,2862 2706,2862 2731,2864 2757,2865"/>
                <TextEquiv>
                    <Unicode>Barry more and Yorke.</Unicode>
                </TextEquiv>
            </TextLine>
            <TextLine id="tr_3_tl_84" custom="readingOrder {index:83;}">
                <Coords points="2202,2922 2893,2923 2893,2883 2853,2880 2499,2904 2417,2874 2202,2888"/>
                <Baseline points="2208,2915 2242,2915 2276,2915 2311,2915 2345,2915 2379,2913 2414,2914 2448,2915 2482,2915 2517,2915 2551,2915 2585,2915 2620,2915 2654,2915 2688,2915 2723,2915 2757,2916 2791,2918 2826,2918 2860,2918 2895,2921"/>
                <TextEquiv>
                    <Unicode>John Barrymore was the Anatol with</Unicode>
                </TextEquiv>
            </TextLine>
            <TextLine id="tr_3_tl_85" custom="readingOrder {index:84;}">
                <Coords points="2162,2964 2880,2971 2880,2928 2797,2920 2162,2941"/>
                <Baseline points="2169,2960 2204,2958 2240,2957 2276,2957 2311,2957 2347,2957 2383,2957 2418,2955 2454,2955 2490,2957 2526,2957 2561,2957 2597,2955 2633,2955 2668,2957 2704,2957 2740,2957 2775,2957 2811,2958 2847,2959 2883,2957"/>
                <TextEquiv>
                    <Unicode>a fine repression of the Barry more ip¬</Unicode>
                </TextEquiv>
            </TextLine>
            <TextLine id="tr_3_tl_86" custom="readingOrder {index:85;}">
                <Coords points="2175,3001 2883,3008 2883,2972 2806,2958 2175,2969"/>
                <Baseline points="2181,2993 2216,2990 2251,2990 2286,2990 2322,2989 2357,2987 2392,2987 2427,2989 2463,2990 2498,2990 2533,2990 2568,2990 2604,2990 2639,2990 2674,2990 2709,2990 2745,2990 2780,2990 2815,2991 2850,2992 2886,2990"/>
                <TextEquiv>
                    <Unicode>pany. The sincerity which he gave to</Unicode>
                </TextEquiv>
            </TextLine>
            <TextLine id="tr_3_tl_87" custom="readingOrder {index:86;}">
                <Coords points="2168,3032 2893,3034 2893,3010 2838,2994 2168,3003"/>
                <Baseline points="2175,3023 2211,3023 2247,3023 2283,3023 2319,3023 2355,3023 2391,3023 2427,3023 2463,3022 2499,3021 2535,3023 2571,3023 2607,3023 2643,3023 2679,3023 2715,3023 2751,3023 2787,3023 2823,3024 2859,3025 2895,3023"/>
                <TextEquiv>
                    <Unicode>Anatol in each of the love affairs was</Unicode>
                </TextEquiv>
            </TextLine>
            <TextLine id="tr_3_tl_88" custom="readingOrder {index:87;}">
                <Coords points="2175,3063 2883,3068 2883,3033 2819,3028 2175,3035"/>
                <Baseline points="2181,3059 2216,3056 2251,3054 2286,3055 2322,3056 2357,3056 2392,3056 2427,3056 2463,3056 2498,3055 2533,3053 2568,3056 2604,3056 2639,3055 2674,3054 2709,3056 2745,3056 2780,3056 2815,3056 2850,3056 2886,3056"/>
                <TextEquiv>
                    <Unicode>the very spirit of the sketches. Oswald</Unicode>
                </TextEquiv>
            </TextLine>
            <TextLine id="tr_3_tl_89" custom="readingOrder {index:88;}">
                <Coords points="2172,3097 2886,3109 2886,3067 2172,3063"/>
                <Baseline points="2178,3086 2213,3088 2249,3089 2284,3089 2320,3089 2355,3089 2391,3089 2426,3087 2462,3086 2497,3086 2533,3089 2569,3089 2604,3091 2640,3091 2675,3089 2711,3089 2746,3091 2782,3092 2817,3092 2853,3092 2889,3095"/>
                <TextEquiv>
                    <Unicode>Yorke made an excellent foil for him as</Unicode>
                </TextEquiv>
            </TextLine>
            <TextLine id="tr_3_tl_90" custom="readingOrder {index:89;}">
                <Coords points="2166,3149 2209,3130 2318,3139 2338,3125 2375,3139 2420,3126 2457,3142 2478,3125 2599,3140 2599,3103 2578,3096 2166,3100"/>
                <Baseline points="2172,3124 2197,3124 2222,3124 2247,3124 2273,3123 2298,3122 2323,3120 2349,3118 2374,3120 2399,3121 2424,3121 2450,3120 2475,3119 2500,3119 2526,3121 2551,3122 2576,3124 2602,3124"/>
                <TextEquiv>
                    <Unicode>the more cynical friend.</Unicode>
                </TextEquiv>
            </TextLine>
            <TextLine id="tr_3_tl_91" custom="readingOrder {index:90;}">
                <Coords points="2196,3159 2884,3161 2884,3136 2709,3103 2595,3140 2196,3130"/>
                <Baseline points="2202,3157 2236,3155 2270,3156 2304,3154 2338,3154 2373,3154 2407,3154 2441,3154 2475,3154 2509,3154 2544,3154 2578,3154 2612,3154 2646,3154 2680,3154 2715,3154 2749,3154 2783,3154 2817,3155 2851,3156 2886,3154"/>
                <TextEquiv>
                    <Unicode>It would be, indeed, difficult to dis¬</Unicode>
                </TextEquiv>
            </TextLine>
            <TextLine id="tr_3_tl_92" custom="readingOrder {index:91;}">
                <Coords points="2166,3191 2394,3215 2432,3192 2883,3202 2883,3161 2295,3174 2166,3149"/>
                <Baseline points="2172,3190 2207,3190 2243,3188 2279,3187 2314,3187 2350,3187 2386,3187 2421,3185 2457,3185 2493,3187 2529,3187 2564,3185 2600,3186 2636,3187 2671,3188 2707,3190 2743,3190 2778,3190 2814,3190 2850,3189 2886,3187"/>
                <TextEquiv>
                    <Unicode>tribute the bons just among the lead¬</Unicode>
                </TextEquiv>
            </TextLine>
            <TextLine id="tr_3_tl_93" custom="readingOrder {index:92;}">
                <Coords points="2160,3232 2880,3233 2880,3202 2851,3197 2487,3191 2381,3214 2160,3191"/>
                <Baseline points="2166,3223 2201,3223 2237,3221 2273,3220 2309,3221 2345,3223 2381,3223 2416,3221 2452,3220 2488,3220 2524,3220 2560,3220 2596,3220 2632,3220 2667,3220 2703,3220 2739,3220 2775,3220 2811,3221 2847,3224 2883,3226"/>
                <TextEquiv>
                    <Unicode>ing women. Each suited her role with</Unicode>
                </TextEquiv>
            </TextLine>
            <TextLine id="tr_3_tl_94" custom="readingOrder {index:93;}">
                <Coords points="2160,3262 2880,3261 2880,3234 2792,3225 2412,3226 2381,3247 2160,3230"/>
                <Baseline points="2166,3256 2201,3256 2237,3254 2273,3254 2309,3256 2345,3256 2381,3254 2416,3253 2452,3253 2488,3254 2524,3256 2560,3254 2596,3253 2632,3254 2667,3255 2703,3253 2739,3253 2775,3253 2811,3254 2847,3256 2883,3256"/>
                <TextEquiv>
                    <Unicode>distinction. Mies Clark was winsome.</Unicode>
                </TextEquiv>
            </TextLine>
            <TextLine id="tr_3_tl_95" custom="readingOrder {index:94;}">
                <Coords points="2160,3298 2889,3295 2874,3260 2160,3262"/>
                <Baseline points="2166,3288 2202,3288 2238,3287 2274,3286 2311,3288 2347,3288 2383,3287 2420,3286 2456,3286 2492,3286 2529,3286 2565,3287 2601,3287 2637,3286 2674,3286 2710,3288 2746,3288 2783,3288 2819,3288 2855,3288 2892,3286"/>
                <TextEquiv>
                    <Unicode>cunning and demure as little Hilda, Gail</Unicode>
                </TextEquiv>
            </TextLine>
            <TextLine id="tr_3_tl_96" custom="readingOrder {index:95;}">
                <Coords points="2168,3331 2883,3330 2883,3299 2807,3291 2168,3295"/>
                <Baseline points="2175,3321 2210,3321 2246,3321 2281,3320 2317,3319 2352,3321 2388,3321 2423,3319 2459,3318 2494,3318 2530,3318 2566,3318 2601,3320 2637,3320 2672,3318 2708,3318 2743,3320 2779,3319 2814,3319 2850,3320 2886,3318"/>
                <TextEquiv>
                    <Unicode>Kane was a handome picture as the</Unicode>
                </TextEquiv>
            </TextLine>
            <TextLine id="tr_3_tl_97" custom="readingOrder {index:96;}">
                <Coords points="2162,3362 2877,3360 2877,3334 2811,3320 2162,3337"/>
                <Baseline points="2169,3354 2204,3352 2240,3351 2275,3351 2311,3351 2346,3351 2382,3351 2417,3351 2453,3351 2488,3351 2524,3351 2560,3351 2595,3351 2631,3351 2666,3351 2702,3351 2737,3353 2773,3354 2808,3354 2844,3354 2880,3354"/>
                <TextEquiv>
                    <Unicode>circus lady. Doris en never acted to</Unicode>
                </TextEquiv>
            </TextLine>
            <TextLine id="tr_3_tl_98" custom="readingOrder {index:97;}">
                <Coords points="2166,3398 2877,3393 2877,3361 2166,3359"/>
                <Baseline points="2172,3384 2207,3384 2242,3384 2278,3384 2313,3384 2349,3384 2384,3382 2419,3383 2455,3384 2490,3384 2526,3384 2561,3384 2596,3384 2632,3384 2667,3384 2703,3384 2738,3386 2773,3387 2809,3387 2844,3387 2880,3387"/>
                <TextEquiv>
                    <Unicode>well in her career, as in her portraya</Unicode>
                </TextEquiv>
            </TextLine>
            <TextLine id="tr_3_tl_99" custom="readingOrder {index:98;}">
                <Coords points="2168,3435 2883,3430 2883,3405 2762,3391 2168,3400"/>
                <Baseline points="2175,3420 2210,3420 2246,3418 2281,3417 2317,3417 2352,3417 2388,3417 2423,3417 2459,3417 2494,3417 2530,3417 2566,3417 2601,3417 2637,3418 2672,3420 2708,3420 2743,3420 2779,3420 2814,3420 2850,3420 2886,3420"/>
                <TextEquiv>
                    <Unicode>of the opera singer who is about to leave</Unicode>
                </TextEquiv>
            </TextLine>
            <TextLine id="tr_3_tl_100" custom="readingOrder {index:99;}">
                <Coords points="2168,3468 2886,3455 2863,3424 2168,3435"/>
                <Baseline points="2175,3456 2210,3454 2246,3453 2282,3453 2317,3452 2353,3450 2389,3450 2424,3452 2460,3452 2496,3450 2532,3450 2567,3450 2603,3450 2639,3451 2674,3453 2710,3453 2746,3453 2781,3453 2817,3453 2853,3453 2889,3453"/>
                <TextEquiv>
                    <Unicode>Anatol for a por musician in the or¬</Unicode>
                </TextEquiv>
            </TextLine>
            <TextLine id="tr_3_tl_101" custom="readingOrder {index:100;}">
                <Coords points="2156,3493 2883,3495 2883,3460 2743,3455 2156,3475"/>
                <Baseline points="2163,3482 2199,3482 2235,3482 2271,3483 2307,3485 2343,3485 2379,3483 2416,3482 2452,3483 2488,3484 2524,3482 2560,3480 2596,3481 2632,3482 2669,3483 2705,3485 2741,3485 2777,3485 2813,3485 2849,3486 2886,3488"/>
                <TextEquiv>
                    <Unicode>chestre, and who, therefore, is intent on</Unicode>
                </TextEquiv>
            </TextLine>
            <TextLine id="tr_3_tl_102" custom="readingOrder {index:101;}">
                <Coords points="2162,3517 2877,3526 2877,3496 2770,3490 2162,3496"/>
                <Baseline points="2169,3515 2204,3515 2240,3515 2275,3516 2311,3518 2346,3518 2382,3518 2417,3516 2453,3515 2488,3515 2524,3515 2560,3517 2595,3516 2631,3516 2666,3518 2702,3515 2737,3517 2773,3518 2808,3518 2844,3518 2880,3518"/>
                <TextEquiv>
                    <Unicode>drinking all the champagne possible at</Unicode>
                </TextEquiv>
            </TextLine>
            <TextLine id="tr_3_tl_103" custom="readingOrder {index:102;}">
                <Coords points="2166,3558 2883,3558 2883,3525 2166,3524"/>
                <Baseline points="2172,3551 2207,3551 2243,3551 2279,3551 2314,3551 2350,3551 2386,3551 2421,3549 2457,3548 2493,3548 2529,3548 2564,3550 2600,3551 2636,3551 2671,3551 2707,3551 2743,3551 2778,3551 2814,3551 2850,3551 2886,3551"/>
                <TextEquiv>
                    <Unicode>her last super with Anatol. Katherine</Unicode>
                </TextEquiv>
            </TextLine>
            <TextLine id="tr_3_tl_104" custom="readingOrder {index:103;}">
                <Coords points="2162,3595 2877,3594 2877,3559 2162,3555"/>
                <Baseline points="2169,3587 2204,3584 2240,3584 2275,3584 2311,3584 2346,3584 2382,3584 2417,3584 2453,3583 2488,3581 2524,3581 2560,3581 2595,3583 2631,3584 2666,3584 2702,3584 2737,3584 2773,3584 2808,3584 2844,3584 2880,3584"/>
                <TextEquiv>
                    <Unicode>mmet played Gabrielle, the married</Unicode>
                </TextEquiv>
            </TextLine>
            <TextLine id="tr_3_tl_105" custom="readingOrder {index:104;}">
                <Coords points="2166,3629 2877,3631 2877,3594 2828,3588 2166,3597"/>
                <Baseline points="2172,3614 2207,3616 2242,3617 2278,3618 2313,3620 2349,3617 2384,3617 2419,3617 2455,3616 2490,3614 2526,3614 2561,3614 2596,3614 2632,3614 2667,3614 2703,3617 2738,3617 2773,3617 2809,3617 2844,3617 2880,3617"/>
                <TextEquiv>
                    <Unicode>woman, with a depth of feeling and a</Unicode>
                </TextEquiv>
            </TextLine>
            <TextLine id="tr_3_tl_106" custom="readingOrder {index:105;}">
                <Coords points="2162,3662 2877,3657 2877,3623 2162,3622"/>
                <Baseline points="2169,3653 2204,3650 2240,3650 2275,3650 2311,3650 2346,3650 2382,3647 2417,3649 2453,3650 2488,3650 2524,3650 2560,3650 2595,3648 2631,3648 2666,3650 2702,3650 2737,3650 2773,3650 2808,3650 2844,3650 2880,3650"/>
                <TextEquiv>
                    <Unicode>fine sense of pathos, and Isabel Lee</Unicode>
                </TextEquiv>
            </TextLine>
            <TextLine id="tr_3_tl_107" custom="readingOrder {index:106;}">
                <Coords points="2166,3693 2883,3692 2883,3657 2166,3662"/>
                <Baseline points="2172,3685 2207,3682 2243,3682 2279,3682 2314,3682 2350,3682 2386,3679 2421,3681 2457,3681 2493,3680 2529,3682 2564,3682 2600,3682 2636,3682 2671,3682 2707,3682 2743,3682 2778,3682 2814,3682 2850,3682 2886,3682"/>
                <TextEquiv>
                    <Unicode>give a realistic exhibition of hysteries</Unicode>
                </TextEquiv>
            </TextLine>
            <TextLine id="tr_3_tl_108" custom="readingOrder {index:107;}">
                <Coords points="2172,3722 2508,3715 2591,3745 2685,3720 2883,3728 2872,3687 2172,3698"/>
                <Baseline points="2178,3712 2213,3714 2248,3715 2284,3715 2319,3715 2355,3715 2390,3715 2425,3713 2461,3712 2496,3712 2532,3715 2567,3715 2602,3715 2638,3715 2673,3715 2709,3715 2744,3717 2779,3718 2815,3718 2850,3718 2886,3718"/>
                <TextEquiv>
                    <Unicode>Le discovers that Anatol is to</Unicode>
                </TextEquiv>
            </TextLine>
            <TextLine id="tr_3_tl_109" custom="readingOrder {index:108;}">
                <Coords points="2160,3759 2187,3769 2233,3751 2273,3765 2363,3753 2450,3766 2536,3753 2536,3722 2197,3732 2160,3717"/>
                <Baseline points="2166,3751 2192,3748 2219,3748 2245,3747 2272,3745 2299,3745 2325,3745 2352,3745 2379,3746 2405,3748 2432,3748 2459,3748 2485,3748 2512,3748 2539,3748"/>
                <TextEquiv>
                    <Unicode>leave her for a bride</Unicode>
                </TextEquiv>
            </TextLine>
            <TextLine id="tr_3_tl_110" custom="readingOrder {index:109;}">
                <Coords points="2204,3791 2557,3777 2658,3802 2889,3801 2889,3755 2816,3747 2204,3755"/>
                <Baseline points="2211,3781 2245,3781 2279,3781 2313,3781 2347,3779 2381,3779 2415,3781 2449,3781 2483,3781 2517,3778 2551,3773 2585,3771 2619,3775 2653,3778 2687,3780 2721,3780 2755,3778 2789,3781 2823,3781 2857,3781 2892,3781"/>
                <TextEquiv>
                    <Unicode>The production of "The Affairs of</Unicode>
                </TextEquiv>
            </TextLine>
            <TextLine id="tr_3_tl_111" custom="readingOrder {index:110;}">
                <Coords points="2160,3832 2593,3826 2641,3844 2673,3823 2799,3823 2799,3789 2495,3802 2160,3776"/>
                <Baseline points="2166,3820 2197,3817 2229,3816 2261,3814 2293,3814 2325,3815 2356,3817 2388,3815 2420,3815 2452,3816 2484,3814 2515,3814 2547,3814 2579,3814 2611,3814 2643,3814 2674,3814 2706,3814 2738,3814 2770,3814 2802,3814"/>
                <TextEquiv>
                    <Unicode>Anatol" is worthy in every respect.</Unicode>
                </TextEquiv>
            </TextLine>
            <TextEquiv>
                <Unicode></Unicode>
            </TextEquiv>
        </TextRegion>
    </Page>
</PcGts>
