<?xml version="1.0" encoding="UTF-8" standalone="yes"?>
<PcGts xmlns="http://schema.primaresearch.org/PAGE/gts/pagecontent/2013-07-15" xmlns:xsi="http://www.w3.org/2001/XMLSchema-instance" xsi:schemaLocation="http://schema.primaresearch.org/PAGE/gts/pagecontent/2013-07-15 http://schema.primaresearch.org/PAGE/gts/pagecontent/2013-07-15/pagecontent.xsd">
    <Metadata>
        <Creator>prov=READ-COOP:name=PyLaia@TranskribusPlatform:version=2.12.1:model_id=39995:lm=provided:date=29_03_2024_01:47</Creator>
        <Created>2019-10-07T11:51:38.974+02:00</Created>
        <LastChange>2024-03-29T01:47:58.447+01:00</LastChange>
        <TranskribusMetadata docId="223994" pageId="9505879" pageNr="468" tsid="156430521" status="IN_PROGRESS" userId="40391" imgUrl="https://files.transkribus.eu/Get?id=FIWCJYPFRDODORJTLMXTZTJQ&amp;fileType=view" xmlUrl="https://files.transkribus.eu/Get?id=HGAECCOXEBJPWSZNDKFFCBHQ" imageId="6196093"/>
    </Metadata>
    <Page imageFilename="223994_0468.jpeg" imageWidth="3436" imageHeight="4256">
        <ReadingOrder>
            <OrderedGroup id="ro_1712662544146" caption="Regions reading order">
                <RegionRefIndexed index="0" regionRef="tr_1"/>
                <RegionRefIndexed index="1" regionRef="tr_2"/>
            </OrderedGroup>
        </ReadingOrder>
        <TextRegion orientation="0.0" id="tr_1" custom="readingOrder {index:0;}">
            <Coords points="471,206 471,4066 2942,4066 2942,206"/>
            <TextLine id="tr_1_tl_1" custom="readingOrder {index:0;}">
                <Coords points="1761,254 1828,271 1869,252 1891,268 2305,264 2303,168 2173,168 2118,199 2018,163 1941,187 1821,165 1759,177"/>
                <Baseline points="1775,226 1801,228 1828,230 1855,231 1882,232 1908,232 1935,234 1962,234 1989,233 2015,233 2042,235 2069,235 2096,235 2122,235 2149,235 2176,235 2203,237 2229,238 2256,238 2283,237 2310,235"/>
                <TextEquiv>
                    <Unicode>4.9. Anatol</Unicode>
                </TextEquiv>
            </TextLine>
            <TextLine id="tr_1_tl_2" custom="readingOrder {index:1;}">
                <Coords points="2353,264 2384,280 2408,268 2430,283 2533,266 2686,276 2689,187 2662,196 2588,185 2564,196 2550,182 2497,194 2480,180 2430,180 2356,196"/>
                <Baseline points="2366,253 2392,255 2419,256 2446,253 2473,241 2500,241 2527,241 2554,241 2581,243 2608,244 2635,246 2662,247 2689,247"/>
                <TextEquiv>
                    <Unicode>Zyklu-</Unicode>
                </TextEquiv>
            </TextLine>
            <TextLine id="tr_1_tl_3" custom="readingOrder {index:2;}">
                <Coords points="831,530 865,527 879,515 889,522 911,515 932,525 961,515 994,532 1026,527 1023,450 994,448 985,458 975,450 959,458 949,450 913,462 896,448 875,446 863,455 829,458"/>
                <Baseline points="844,504 870,504 897,505 924,509 951,509 978,507 1005,507 1032,504"/>
                <TextEquiv>
                    <Unicode>für Zeit</Unicode>
                </TextEquiv>
            </TextLine>
            <TextLine id="tr_1_tl_4" custom="readingOrder {index:3;}">
                <Coords points="616,594 683,587 733,606 769,592 796,604 815,587 901,601 949,580 1045,585 1045,518 1028,515 1002,532 908,515 841,537 776,515 726,527 678,515 616,544"/>
                <Baseline points="629,579 655,579 681,579 707,580 734,581 760,578 786,576 813,578 839,579 865,579 892,578 918,576 944,578 971,578 997,577 1023,575 1050,573"/>
                <TextEquiv>
                    <Unicode>ende</Unicode>
                </TextEquiv>
            </TextLine>
            <TextLine id="tr_1_tl_5" custom="readingOrder {index:4;}">
                <Coords points="1083,1117 1105,1117 1141,1107 1160,1112 1169,1105 1196,1105 1198,1052 1181,1052 1172,1059 1133,1035 1114,1054 1086,1054"/>
                <Baseline points="1098,1095 1124,1096 1151,1097 1178,1096 1205,1092"/>
                <TextEquiv>
                    <Unicode></Unicode>
                </TextEquiv>
            </TextLine>
            <TextLine id="tr_1_tl_6" custom="readingOrder {index:5;}">
                <Coords points="539,1172 1620,1124 1589,1069 1095,1121 544,1090"/>
                <Baseline points="552,1158 605,1158 659,1155 713,1153 767,1150 821,1149 875,1146 928,1145 982,1143 1036,1143 1090,1140 1144,1137 1198,1137 1252,1135 1305,1132 1359,1128 1413,1124 1467,1121 1521,1119 1575,1117 1629,1113"/>
                <TextEquiv>
                    <Unicode>In den Kammerspielen erlebte dann noch Schnitz¬</Unicode>
                </TextEquiv>
            </TextLine>
            <TextLine id="tr_1_tl_7" custom="readingOrder {index:6;}">
                <Coords points="460,1208 1562,1172 1629,1167 1632,1126 549,1174 462,1131"/>
                <Baseline points="474,1196 532,1198 590,1196 648,1193 706,1192 764,1188 822,1187 880,1184 938,1183 996,1181 1054,1178 1112,1177 1170,1173 1228,1172 1286,1169 1344,1168 1402,1164 1460,1160 1518,1159 1576,1158 1635,1158"/>
                <TextEquiv>
                    <Unicode>lers „Anatol seine Auferstehung. Man kann nicht sagen,</Unicode>
                </TextEquiv>
            </TextLine>
            <TextLine id="tr_1_tl_8" custom="readingOrder {index:7;}">
                <Coords points="1852,1239 2794,1210 2796,1136 2267,1121 2058,1184 1970,1129 1855,1155"/>
                <Baseline points="1865,1229 1911,1228 1958,1223 2005,1222 2051,1219 2098,1217 2145,1217 2191,1216 2238,1213 2285,1211 2332,1211 2378,1211 2425,1211 2472,1209 2518,1206 2565,1205 2612,1203 2658,1202 2705,1199 2752,1199 2799,1193"/>
                <TextEquiv>
                    <Unicode>war doch von starker Wirkung, denn Käte Dorsch</Unicode>
                </TextEquiv>
            </TextLine>
            <TextLine id="tr_1_tl_9" custom="readingOrder {index:8;}">
                <Coords points="458,1239 1632,1205 1603,1157 460,1205"/>
                <Baseline points="471,1238 529,1237 587,1235 646,1232 704,1232 762,1229 821,1227 879,1223 937,1222 996,1218 1054,1217 1112,1214 1171,1212 1229,1211 1287,1208 1346,1205 1404,1205 1462,1199 1521,1196 1579,1194 1638,1193"/>
                <TextEquiv>
                    <Unicode>daß der zärtliche Held der reichen Wiener Abenteuer gealtert ist.</Unicode>
                </TextEquiv>
            </TextLine>
            <TextLine id="tr_1_tl_10" custom="readingOrder {index:9;}">
                <Coords points="1855,1280 2789,1246 2789,1210 2729,1203 1857,1239"/>
                <Baseline points="1868,1271 1914,1267 1960,1263 2007,1259 2053,1258 2100,1256 2146,1256 2192,1254 2239,1253 2285,1251 2332,1250 2378,1250 2424,1250 2471,1248 2517,1245 2564,1244 2610,1244 2656,1241 2703,1241 2749,1238 2796,1235"/>
                <TextEquiv>
                    <Unicode>spielte die Mutter aus dem Volk mit all der quellen¬</Unicode>
                </TextEquiv>
            </TextLine>
            <TextLine id="tr_1_tl_11" custom="readingOrder {index:10;}">
                <Coords points="467,1282 1634,1241 1605,1198 467,1246"/>
                <Baseline points="480,1277 538,1274 596,1272 654,1271 712,1270 770,1266 828,1265 886,1262 944,1261 1002,1257 1060,1256 1118,1255 1176,1253 1234,1250 1292,1247 1350,1246 1408,1242 1466,1241 1524,1236 1582,1232 1641,1232"/>
                <TextEquiv>
                    <Unicode>Es ist uns nur fremd geworden, dies unbekümmerte, gefühlvolle</Unicode>
                </TextEquiv>
            </TextLine>
            <TextLine id="tr_1_tl_12" custom="readingOrder {index:11;}">
                <Coords points="1850,1311 2789,1284 2770,1244 1850,1280"/>
                <Baseline points="1862,1307 1908,1304 1955,1300 2002,1298 2048,1298 2095,1297 2142,1295 2188,1294 2235,1292 2282,1292 2329,1290 2375,1289 2422,1287 2469,1284 2515,1283 2562,1283 2609,1281 2655,1277 2702,1277 2749,1277 2796,1274"/>
                <TextEquiv>
                    <Unicode>den Fülle ihres Frauengemütes. Gertrud Eysold</Unicode>
                </TextEquiv>
            </TextLine>
            <TextLine id="tr_1_tl_13" custom="readingOrder {index:12;}">
                <Coords points="470,1320 1632,1282 1617,1236 472,1282"/>
                <Baseline points="483,1316 540,1313 598,1313 655,1310 713,1307 771,1305 828,1304 886,1303 943,1301 1001,1298 1059,1295 1116,1292 1174,1290 1231,1289 1289,1286 1347,1284 1404,1280 1462,1277 1519,1276 1577,1272 1635,1268"/>
                <TextEquiv>
                    <Unicode>wärmen in die reizvolle Welt. Wir sind arm geworden und</Unicode>
                </TextEquiv>
            </TextLine>
            <TextLine id="tr_1_tl_14" custom="readingOrder {index:13;}">
                <Coords points="1852,1354 2734,1332 2799,1325 2801,1284 1852,1313"/>
                <Baseline points="1865,1343 1912,1343 1959,1340 2006,1337 2053,1334 2100,1334 2147,1334 2194,1333 2241,1331 2288,1330 2335,1328 2382,1328 2429,1326 2476,1325 2523,1323 2570,1320 2617,1319 2664,1319 2711,1316 2758,1316 2805,1316"/>
                <TextEquiv>
                    <Unicode>war ihr durch Formen eingeengtes Gegenbild,</Unicode>
                </TextEquiv>
            </TextLine>
            <TextLine id="tr_1_tl_15" custom="readingOrder {index:14;}">
                <Coords points="467,1363 1632,1318 1634,1284 1550,1270 470,1320"/>
                <Baseline points="480,1354 537,1352 595,1351 653,1349 711,1348 769,1346 827,1346 885,1343 943,1342 1001,1338 1059,1334 1116,1333 1174,1329 1232,1328 1290,1324 1348,1322 1406,1320 1464,1316 1522,1313 1580,1311 1638,1310"/>
                <TextEquiv>
                    <Unicode>die Schauspieler insgesamt zeigen es uns, denn sie geben härtere</Unicode>
                </TextEquiv>
            </TextLine>
            <TextLine id="tr_1_tl_16" custom="readingOrder {index:15;}">
                <Coords points="1852,1395 2571,1359 2655,1387 2701,1356 2796,1368 2799,1325 1852,1349"/>
                <Baseline points="1865,1381 1911,1381 1958,1381 2005,1378 2052,1377 2099,1374 2146,1372 2192,1371 2239,1369 2286,1369 2333,1367 2380,1368 2427,1367 2474,1364 2520,1363 2567,1361 2614,1360 2661,1360 2708,1355 2755,1354 2802,1354"/>
                <TextEquiv>
                    <Unicode>Auguste Prasch=Grevenburg die milde alte</Unicode>
                </TextEquiv>
            </TextLine>
            <TextLine id="tr_1_tl_17" custom="readingOrder {index:16;}">
                <Coords points="467,1395 1632,1363 1598,1316 467,1366"/>
                <Baseline points="480,1393 537,1392 595,1390 653,1387 711,1386 769,1384 827,1381 885,1381 943,1378 1001,1375 1059,1372 1116,1369 1174,1369 1232,1366 1290,1362 1348,1358 1406,1357 1464,1354 1522,1352 1580,1350 1638,1352"/>
                <TextEquiv>
                    <Unicode>und schärfere Konturen, sie erinnern sich wohl selbst kaum noch,</Unicode>
                </TextEquiv>
            </TextLine>
            <TextLine id="tr_1_tl_18" custom="readingOrder {index:17;}">
                <Coords points="1864,1431 2796,1407 2799,1363 1864,1390"/>
                <Baseline points="1877,1423 1923,1420 1969,1419 2015,1417 2062,1416 2108,1412 2154,1411 2200,1409 2247,1408 2293,1408 2339,1406 2385,1405 2432,1405 2478,1405 2524,1400 2570,1399 2617,1399 2663,1396 2709,1396 2755,1393 2802,1390"/>
                <TextEquiv>
                    <Unicode>Frau von wahrer Vornehmheit. Der männ¬</Unicode>
                </TextEquiv>
            </TextLine>
            <TextLine id="tr_1_tl_19" custom="readingOrder {index:18;}">
                <Coords points="470,1438 1644,1397 1543,1349 470,1397"/>
                <Baseline points="483,1432 541,1431 599,1429 658,1426 716,1423 774,1420 833,1420 891,1417 949,1416 1008,1412 1066,1414 1124,1408 1183,1406 1241,1402 1299,1402 1358,1399 1416,1397 1474,1396 1533,1391 1591,1387 1650,1390"/>
                <TextEquiv>
                    <Unicode>wie lieblich es sich vor dem Kriege lebte. Edthofer gab den</Unicode>
                </TextEquiv>
            </TextLine>
            <TextLine id="tr_1_tl_20" custom="readingOrder {index:19;}">
                <Coords points="1862,1467 2796,1440 2765,1399 1862,1431"/>
                <Baseline points="1874,1462 1920,1458 1966,1456 2013,1456 2059,1455 2106,1453 2152,1453 2198,1451 2245,1450 2291,1448 2338,1445 2384,1444 2430,1444 2477,1442 2523,1441 2570,1439 2616,1438 2662,1435 2709,1435 2755,1432 2802,1432"/>
                <TextEquiv>
                    <Unicode>liche Mittelpunkt, um den sich diese drei Mütter</Unicode>
                </TextEquiv>
            </TextLine>
            <TextLine id="tr_1_tl_21" custom="readingOrder {index:20;}">
                <Coords points="465,1495 1634,1438 1634,1399 1567,1387 467,1435"/>
                <Baseline points="480,1471 538,1471 596,1469 654,1468 712,1464 770,1462 828,1459 886,1456 944,1455 1002,1453 1060,1450 1118,1449 1176,1445 1234,1444 1292,1441 1350,1440 1408,1436 1466,1432 1524,1429 1582,1427 1641,1423"/>
                <TextEquiv>
                    <Unicode>Anatol, aber einen der Nachkriegszeit, einen, der unter Neu¬</Unicode>
                </TextEquiv>
            </TextLine>
            <TextLine id="tr_1_tl_22" custom="readingOrder {index:21;}">
                <Coords points="1862,1507 2801,1476 2770,1438 1864,1469"/>
                <Baseline points="1874,1501 1920,1498 1967,1494 2014,1492 2060,1492 2107,1491 2154,1489 2200,1488 2247,1486 2294,1486 2341,1484 2387,1481 2434,1480 2481,1480 2527,1480 2574,1478 2621,1477 2667,1474 2714,1471 2761,1468 2808,1471"/>
                <TextEquiv>
                    <Unicode>und die von Eva Brock frisch und herzlich gespielte</Unicode>
                </TextEquiv>
            </TextLine>
            <TextLine id="tr_1_tl_23" custom="readingOrder {index:22;}">
                <Coords points="467,1524 1644,1490 1646,1435 467,1495"/>
                <Baseline points="480,1510 538,1510 597,1507 655,1505 714,1501 772,1500 831,1498 889,1495 948,1495 1006,1493 1065,1492 1123,1488 1182,1484 1240,1483 1299,1480 1357,1477 1416,1477 1474,1474 1533,1470 1591,1468 1650,1468"/>
                <TextEquiv>
                    <Unicode>reichen und Schiebern unter der Maske des Mannes trotz allem</Unicode>
                </TextEquiv>
            </TextLine>
            <TextLine id="tr_1_tl_24" custom="readingOrder {index:23;}">
                <Coords points="1857,1558 2806,1522 2806,1476 1857,1514"/>
                <Baseline points="1871,1537 1918,1537 1965,1537 2012,1537 2059,1533 2106,1531 2153,1530 2200,1528 2247,1528 2294,1527 2341,1525 2388,1523 2435,1520 2482,1519 2529,1519 2576,1517 2623,1516 2670,1513 2717,1513 2764,1510 2811,1513"/>
                <TextEquiv>
                    <Unicode>Schwester gruppieren, wurde von dem jungen C. L.</Unicode>
                </TextEquiv>
            </TextLine>
            <TextLine id="tr_1_tl_25" custom="readingOrder {index:24;}">
                <Coords points="482,1562 978,1550 1047,1594 1340,1596 1366,1589 1371,1483 482,1517"/>
                <Baseline points="495,1548 539,1548 583,1548 627,1547 671,1545 715,1543 759,1542 803,1540 847,1539 891,1537 935,1537 979,1534 1023,1534 1067,1531 1111,1531 1155,1528 1199,1525 1243,1522 1287,1522 1331,1522 1375,1522"/>
                <TextEquiv>
                    <Unicode>seine gefühlhollen Seligkeiten nicht aufgeben will</Unicode>
                </TextEquiv>
            </TextLine>
            <TextLine id="tr_1_tl_26" custom="readingOrder {index:25;}">
                <Coords points="1857,1579 2806,1558 2806,1522 2751,1517 1857,1558"/>
                <Baseline points="1871,1575 1918,1578 1965,1578 2012,1575 2059,1574 2106,1572 2153,1571 2200,1568 2247,1566 2294,1566 2341,1566 2388,1564 2435,1563 2482,1561 2529,1558 2576,1557 2623,1555 2670,1551 2717,1551 2764,1548 2811,1546"/>
                <TextEquiv>
                    <Unicode>Achaz in allzu betonter, aufgeregter Weise ver¬</Unicode>
                </TextEquiv>
            </TextLine>
            <TextLine id="tr_1_tl_27" custom="readingOrder {index:26;}">
                <Coords points="1857,1622 2734,1608 2801,1598 2804,1558 1857,1579"/>
                <Baseline points="1871,1617 1917,1620 1964,1617 2011,1614 2058,1613 2105,1610 2152,1609 2198,1610 2245,1608 2292,1607 2339,1603 2386,1602 2433,1600 2480,1599 2526,1597 2573,1596 2620,1594 2667,1593 2714,1590 2761,1590 2808,1587"/>
                <TextEquiv>
                    <Unicode>körpert. Das Theater gastiert mit diesem Stück zeit¬</Unicode>
                </TextEquiv>
            </TextLine>
            <TextLine id="tr_1_tl_28" custom="readingOrder {index:27;}">
                <Coords points="1857,1668 2813,1641 2816,1594 1857,1622"/>
                <Baseline points="1871,1659 1918,1656 1965,1656 2013,1656 2060,1653 2108,1653 2155,1650 2203,1650 2250,1648 2298,1644 2345,1644 2392,1643 2440,1641 2487,1639 2535,1638 2582,1636 2630,1633 2677,1634 2725,1632 2772,1632 2820,1626"/>
                <TextEquiv>
                    <Unicode>weise unter großem Zudrang im Großen Hause</Unicode>
                </TextEquiv>
            </TextLine>
            <TextLine id="tr_1_tl_29" custom="readingOrder {index:28;}">
                <Coords points="1867,1716 2808,1682 2811,1639 1869,1668"/>
                <Baseline points="1883,1698 1929,1697 1976,1695 2022,1695 2069,1694 2115,1691 2162,1688 2208,1686 2255,1686 2301,1684 2348,1683 2395,1681 2441,1680 2488,1678 2534,1677 2581,1675 2627,1674 2674,1671 2720,1671 2767,1668 2814,1668"/>
                <TextEquiv>
                    <Unicode>zu Steglitz. — Im Kleinen Hause des dortigen</Unicode>
                </TextEquiv>
            </TextLine>
            <TextLine id="tr_1_tl_30" custom="readingOrder {index:29;}">
                <Coords points="1864,1742 2811,1716 2789,1673 1867,1718"/>
                <Baseline points="1877,1737 1924,1737 1971,1737 2018,1737 2065,1733 2112,1731 2159,1730 2206,1728 2253,1727 2300,1725 2347,1723 2394,1722 2441,1718 2488,1716 2535,1716 2582,1716 2629,1714 2676,1713 2723,1710 2770,1710 2817,1704"/>
                <TextEquiv>
                    <Unicode>Schloßpartheaters bringt man einen inter¬</Unicode>
                </TextEquiv>
            </TextLine>
            <TextLine id="tr_1_tl_31" custom="readingOrder {index:30;}">
                <Coords points="1874,1792 2811,1761 2811,1716 1876,1747"/>
                <Baseline points="1886,1778 1932,1777 1979,1775 2025,1775 2072,1774 2118,1771 2165,1769 2211,1768 2258,1766 2304,1764 2351,1763 2398,1763 2444,1761 2491,1760 2537,1758 2584,1755 2630,1754 2677,1754 2723,1751 2770,1751 2817,1745"/>
                <TextEquiv>
                    <Unicode>essanten Strindberg=Abend. „Der Paria", dieses</Unicode>
                </TextEquiv>
            </TextLine>
            <TextLine id="tr_1_tl_32" custom="readingOrder {index:31;}">
                <Coords points="1869,1840 2816,1800 2816,1756 2748,1754 1869,1792"/>
                <Baseline points="1883,1823 1929,1820 1976,1817 2023,1816 2070,1814 2117,1814 2164,1813 2210,1811 2257,1808 2304,1805 2351,1803 2398,1802 2445,1800 2492,1799 2538,1799 2585,1797 2632,1794 2679,1793 2726,1790 2773,1790 2820,1787"/>
                <TextEquiv>
                    <Unicode>Zwiegespräch zwischen einem Mann, der aus Ver¬</Unicode>
                </TextEquiv>
            </TextLine>
            <TextLine id="tr_1_tl_33" custom="readingOrder {index:32;}">
                <Coords points="1876,1871 2823,1843 2825,1792 1879,1833"/>
                <Baseline points="1892,1862 1938,1859 1985,1856 2032,1856 2078,1855 2125,1852 2172,1850 2218,1850 2265,1849 2312,1847 2359,1845 2405,1842 2452,1841 2499,1841 2545,1839 2592,1836 2639,1835 2685,1832 2732,1832 2779,1829 2826,1829"/>
                <TextEquiv>
                    <Unicode>sehen einen Totschlag begangen hat, und einem, der</Unicode>
                </TextEquiv>
            </TextLine>
            <TextLine id="tr_1_tl_34" custom="readingOrder {index:33;}">
                <Coords points="1871,1917 2811,1883 2794,1838 1874,1874"/>
                <Baseline points="1886,1901 1932,1901 1979,1900 2025,1897 2072,1895 2118,1895 2165,1894 2211,1891 2258,1887 2304,1886 2351,1886 2398,1884 2444,1881 2491,1880 2537,1880 2584,1878 2630,1877 2677,1874 2723,1874 2770,1874 2817,1871"/>
                <TextEquiv>
                    <Unicode>vegen Fälschung im Zuchthause gesessen hat, und</Unicode>
                </TextEquiv>
            </TextLine>
            <TextLine id="tr_1_tl_35" custom="readingOrder {index:34;}">
                <Coords points="1886,1941 2494,1943 2820,1919 2823,1886 1886,1907"/>
                <Baseline points="1898,1939 1944,1938 1990,1935 2037,1934 2083,1934 2130,1933 2176,1930 2222,1928 2269,1926 2315,1923 2362,1922 2408,1922 2454,1922 2501,1922 2547,1920 2594,1917 2640,1913 2686,1913 2733,1913 2779,1910 2826,1910"/>
                <TextEquiv>
                    <Unicode>vie sich herausstellt, im Gegensatz zu dem andern</Unicode>
                </TextEquiv>
            </TextLine>
            <TextLine id="tr_1_tl_36" custom="readingOrder {index:35;}">
                <Coords points="1886,1989 2823,1963 2825,1915 1886,1953"/>
                <Baseline points="1898,1978 1944,1978 1991,1977 2037,1975 2084,1974 2130,1971 2177,1969 2223,1968 2270,1966 2316,1964 2363,1963 2410,1963 2456,1963 2503,1959 2549,1957 2596,1955 2642,1952 2689,1951 2735,1951 2782,1948 2829,1948"/>
                <TextEquiv>
                    <Unicode>eine wirklich gemeine Natur ist, wurde von den</Unicode>
                </TextEquiv>
            </TextLine>
            <TextLine id="tr_1_tl_37" custom="readingOrder {index:36;}">
                <Coords points="1886,2030 2820,1998 2804,1958 1888,1989"/>
                <Baseline points="1898,2020 1944,2019 1990,2017 2036,2016 2083,2014 2129,2012 2175,2011 2221,2009 2268,2008 2314,2006 2360,2005 2406,2005 2453,2003 2499,2000 2545,1999 2591,1997 2638,1996 2684,1993 2730,1993 2776,1990 2823,1987"/>
                <TextEquiv>
                    <Unicode>beiden Schauspielern Forsch und Révy in so</Unicode>
                </TextEquiv>
            </TextLine>
            <TextLine id="tr_1_tl_38" custom="readingOrder {index:37;}">
                <Coords points="796,2058 1579,2030 1586,1891 1375,1864 1234,1931 1145,1893 1002,1917 800,1893"/>
                <Baseline points="808,2035 849,2030 890,2029 931,2029 972,2028 1013,2025 1054,2023 1095,2020 1136,2020 1177,2017 1218,2017 1259,2013 1300,2011 1341,2011 1382,2010 1423,2008 1464,2007 1505,2005 1546,2005 1587,2005"/>
                <TextEquiv>
                    <Unicode>Klose &amp; Seidel</Unicode>
                </TextEquiv>
            </TextLine>
            <TextLine id="tr_1_tl_39" custom="readingOrder {index:38;}">
                <Coords points="1876,2070 2818,2039 2820,1996 2693,1989 1879,2044"/>
                <Baseline points="1889,2059 1935,2059 1982,2058 2029,2055 2075,2052 2122,2050 2169,2050 2215,2049 2262,2046 2309,2044 2356,2044 2402,2044 2449,2042 2496,2039 2542,2040 2589,2036 2636,2035 2682,2032 2729,2032 2776,2029 2823,2026"/>
                <TextEquiv>
                    <Unicode>vollendeter Weise hingelegt, daß man trotz</Unicode>
                </TextEquiv>
            </TextLine>
            <TextLine id="tr_1_tl_40" custom="readingOrder {index:39;}">
                <Coords points="1879,2106 2535,2104 2825,2082 2828,2042 1881,2073"/>
                <Baseline points="1895,2101 1941,2101 1988,2098 2035,2097 2081,2094 2128,2091 2175,2089 2221,2089 2268,2088 2315,2086 2362,2086 2408,2082 2455,2080 2502,2080 2548,2078 2595,2075 2642,2074 2688,2074 2735,2071 2782,2071 2829,2074"/>
                <TextEquiv>
                    <Unicode>der Unwahrscheinlichkeiten der Beweisführung</Unicode>
                </TextEquiv>
            </TextLine>
            <TextLine id="tr_1_tl_41" custom="readingOrder {index:40;}">
                <Coords points="824,2137 1558,2116 1562,2044 1450,2027 1054,2066 1006,2044 827,2082"/>
                <Baseline points="838,2122 874,2119 910,2118 947,2116 983,2116 1020,2114 1056,2111 1092,2110 1129,2109 1165,2107 1202,2107 1238,2105 1274,2103 1311,2101 1347,2101 1384,2098 1420,2096 1456,2093 1493,2092 1529,2092 1566,2089"/>
                <TextEquiv>
                    <Unicode>Bureau für Zeitungsausschnitte</Unicode>
                </TextEquiv>
            </TextLine>
            <TextLine id="tr_1_tl_42" custom="readingOrder {index:41;}">
                <Coords points="1881,2147 2782,2123 2825,2118 2828,2082 1881,2113"/>
                <Baseline points="1895,2142 1941,2142 1988,2139 2035,2135 2082,2132 2129,2130 2176,2130 2222,2129 2269,2128 2316,2127 2363,2125 2410,2123 2457,2122 2504,2120 2550,2119 2597,2117 2644,2116 2691,2113 2738,2113 2785,2113 2832,2107"/>
                <TextEquiv>
                    <Unicode>durch jeden Satz gefesselt wurde. Weniger aus¬</Unicode>
                </TextEquiv>
            </TextLine>
            <TextLine id="tr_1_tl_43" custom="readingOrder {index:42;}">
                <Coords points="1891,2193 2830,2164 2832,2118 1891,2154"/>
                <Baseline points="1904,2181 1950,2180 1997,2175 2044,2174 2090,2172 2137,2171 2184,2169 2230,2169 2277,2168 2324,2164 2371,2163 2417,2161 2464,2160 2511,2160 2557,2158 2604,2155 2651,2154 2697,2151 2744,2151 2791,2151 2838,2148"/>
                <TextEquiv>
                    <Unicode>geglichen war die sich daran schließende Aufführung</Unicode>
                </TextEquiv>
            </TextLine>
            <TextLine id="tr_1_tl_44" custom="readingOrder {index:43;}">
                <Coords points="822,2205 1550,2195 1574,2190 1579,2113 824,2137"/>
                <Baseline points="835,2187 872,2190 909,2187 946,2187 984,2187 1021,2186 1058,2183 1096,2181 1133,2181 1170,2179 1208,2176 1245,2175 1282,2174 1319,2172 1357,2169 1394,2169 1431,2167 1469,2165 1506,2163 1543,2162 1581,2154"/>
                <TextEquiv>
                    <Unicode>Berlin NO. 43, Georgenkirchplatz 21</Unicode>
                </TextEquiv>
            </TextLine>
            <TextLine id="tr_1_tl_45" custom="readingOrder {index:44;}">
                <Coords points="1881,2219 2782,2202 2825,2195 2828,2161 1881,2195"/>
                <Baseline points="1895,2217 1941,2217 1988,2214 2035,2213 2081,2211 2128,2210 2175,2208 2221,2207 2268,2204 2315,2202 2362,2202 2408,2200 2455,2199 2502,2199 2548,2197 2595,2194 2642,2193 2688,2193 2735,2190 2782,2190 2829,2184"/>
                <TextEquiv>
                    <Unicode>von „Scheiterhausen“, doch interessierte hier nament¬</Unicode>
                </TextEquiv>
            </TextLine>
            <TextLine id="tr_1_tl_46" custom="readingOrder {index:45;}">
                <Coords points="1881,2264 2708,2243 2825,2233 2828,2195 1881,2221"/>
                <Baseline points="1895,2256 1941,2256 1988,2253 2035,2249 2082,2248 2129,2249 2176,2246 2222,2244 2269,2243 2316,2241 2363,2241 2410,2239 2457,2236 2504,2235 2550,2233 2597,2232 2644,2232 2691,2232 2738,2227 2785,2226 2832,2226"/>
                <TextEquiv>
                    <Unicode>lich die Gestaltung des Sohnes durch Paul Henkels</Unicode>
                </TextEquiv>
            </TextLine>
            <TextLine id="tr_1_tl_47" custom="readingOrder {index:46;}">
                <Coords points="1888,2303 2830,2276 2811,2231 1888,2267"/>
                <Baseline points="1901,2295 1947,2295 1994,2294 2041,2291 2087,2289 2134,2289 2181,2288 2227,2285 2274,2283 2321,2281 2368,2280 2414,2278 2461,2277 2508,2275 2554,2272 2601,2271 2648,2271 2694,2268 2741,2268 2788,2265 2835,2265"/>
                <TextEquiv>
                    <Unicode>Einige Striche in dem quälend ausgedehnten Schluß</Unicode>
                </TextEquiv>
            </TextLine>
            <TextLine id="tr_1_tl_48" custom="readingOrder {index:47;}">
                <Coords points="879,2329 891,2329 901,2339 913,2327 937,2327 966,2336 1009,2324 1009,2255 987,2250 973,2260 939,2257 935,2252 925,2257 913,2252 879,2257"/>
                <Baseline points="892,2310 922,2312 953,2313 983,2313 1014,2310"/>
                <TextEquiv>
                    <Unicode></Unicode>
                </TextEquiv>
            </TextLine>
            <TextLine id="tr_1_tl_49" custom="readingOrder {index:48;}">
                <Coords points="1886,2339 2818,2317 2837,2276 1886,2300"/>
                <Baseline points="1898,2336 1945,2333 1992,2330 2039,2327 2086,2327 2133,2326 2180,2324 2228,2323 2275,2321 2322,2321 2369,2320 2416,2317 2463,2316 2510,2314 2558,2313 2605,2313 2652,2311 2699,2308 2746,2307 2793,2304 2841,2301"/>
                <TextEquiv>
                    <Unicode>würden dem Stück wahrscheinlich einen besseren</Unicode>
                </TextEquiv>
            </TextLine>
            <TextLine id="tr_1_tl_50" custom="readingOrder {index:49;}">
                <Coords points="1538,2351 1570,2348 1596,2327 1627,2341 1632,2336 1680,2348 1682,2202 1653,2200 1637,2207 1596,2178 1574,2190 1565,2183 1541,2193"/>
                <Baseline points="1551,2324 1578,2324 1605,2323 1632,2322 1659,2322 1686,2324"/>
                <TextEquiv>
                    <Unicode></Unicode>
                </TextEquiv>
            </TextLine>
            <TextLine id="tr_1_tl_51" custom="readingOrder {index:50;}">
                <Coords points="1886,2382 2835,2353 2830,2310 1888,2344"/>
                <Baseline points="1898,2372 1945,2372 1992,2369 2039,2369 2086,2368 2133,2363 2180,2362 2228,2359 2275,2355 2322,2352 2369,2354 2416,2354 2463,2354 2510,2352 2558,2349 2605,2346 2652,2345 2699,2345 2746,2342 2793,2342 2841,2342"/>
                <TextEquiv>
                    <Unicode>Rhythmus geben. — Auch das Deutsche</Unicode>
                </TextEquiv>
            </TextLine>
            <TextLine id="tr_1_tl_52" custom="readingOrder {index:51;}">
                <Coords points="1888,2420 2830,2396 2830,2351 2777,2346 1891,2384"/>
                <Baseline points="1904,2408 1950,2408 1997,2407 2043,2405 2090,2404 2136,2402 2183,2401 2229,2399 2276,2399 2322,2397 2369,2396 2416,2394 2462,2393 2509,2391 2555,2388 2602,2387 2648,2387 2695,2384 2741,2384 2788,2381 2835,2378"/>
                <TextEquiv>
                    <Unicode>Künstlertheater feiert auf der zweiten Steg¬</Unicode>
                </TextEquiv>
            </TextLine>
            <TextLine id="tr_1_tl_53" custom="readingOrder {index:52;}">
                <Coords points="798,2430 848,2439 865,2430 875,2439 913,2442 932,2430 959,2439 982,2420 1002,2427 1004,2360 978,2353 956,2372 930,2348 887,2363 877,2353 853,2356 841,2367 815,2353 800,2356"/>
                <Baseline points="811,2414 839,2416 867,2414 895,2414 923,2414 951,2412 979,2410 1008,2408"/>
                <TextEquiv>
                    <Unicode>Zeitung:</Unicode>
                </TextEquiv>
            </TextLine>
            <TextLine id="tr_1_tl_54" custom="readingOrder {index:53;}">
                <Coords points="1888,2468 2835,2423 2837,2389 2739,2384 1891,2420"/>
                <Baseline points="1904,2450 1950,2446 1997,2444 2044,2443 2090,2442 2137,2443 2184,2440 2230,2438 2277,2437 2324,2435 2371,2435 2417,2433 2464,2432 2511,2430 2557,2429 2604,2427 2651,2424 2697,2423 2744,2423 2791,2420 2838,2411"/>
                <TextEquiv>
                    <Unicode>litzer Bühne Triumphe mit „Der heilige Ambrosius</Unicode>
                </TextEquiv>
            </TextLine>
            <TextLine id="tr_1_tl_55" custom="readingOrder {index:54;}">
                <Coords points="1112,2454 1165,2466 1177,2478 1198,2483 1248,2483 1272,2466 1292,2468 1289,2382 1109,2391"/>
                <Baseline points="1125,2447 1153,2451 1182,2453 1211,2453 1240,2455 1269,2456 1298,2456"/>
                <TextEquiv>
                    <Unicode>Kiel</Unicode>
                </TextEquiv>
            </TextLine>
            <TextLine id="tr_1_tl_56" custom="readingOrder {index:55;}">
                <Coords points="1891,2490 2732,2475 2835,2468 2837,2427 1891,2468"/>
                <Baseline points="1904,2489 1950,2486 1997,2483 2044,2482 2091,2480 2138,2479 2185,2477 2231,2477 2278,2476 2325,2474 2372,2472 2419,2471 2466,2469 2513,2468 2559,2468 2606,2466 2653,2460 2700,2462 2747,2462 2794,2459 2841,2459"/>
                <TextEquiv>
                    <Unicode>oder vielmehr mit Max Adalbert in der Titelpark.</Unicode>
                </TextEquiv>
            </TextLine>
            <TextLine id="tr_1_tl_57" custom="readingOrder {index:56;}">
                <Coords points="1946,2523 2844,2504 2828,2463 1946,2499"/>
                <Baseline points="1960,2521 2004,2521 2049,2518 2093,2518 2138,2515 2182,2515 2227,2515 2271,2515 2316,2513 2360,2513 2405,2510 2449,2507 2494,2507 2538,2507 2583,2504 2627,2504 2672,2501 2716,2501 2761,2498 2805,2495 2850,2495"/>
                <TextEquiv>
                    <Unicode>Die Kammerspiele haben, wahrscheinlich</Unicode>
                </TextEquiv>
            </TextLine>
            <TextLine id="tr_1_tl_58" custom="readingOrder {index:57;}">
                <Coords points="798,2545 810,2545 820,2535 841,2547 853,2542 865,2545 877,2538 889,2545 899,2540 915,2542 918,2485 906,2485 903,2480 884,2485 860,2473 853,2478 839,2463 824,2466 817,2456 800,2459"/>
                <Baseline points="811,2521 838,2521 866,2521 894,2520 922,2518"/>
                <TextEquiv>
                    <Unicode>Ort:</Unicode>
                </TextEquiv>
            </TextLine>
            <TextLine id="tr_1_tl_59" custom="readingOrder {index:58;}">
                <Coords points="1898,2571 2835,2542 2820,2504 1900,2533"/>
                <Baseline points="1910,2563 1956,2559 2003,2557 2049,2557 2096,2556 2142,2554 2189,2553 2235,2551 2282,2551 2328,2549 2375,2546 2422,2545 2468,2545 2515,2543 2561,2544 2608,2540 2654,2539 2701,2539 2747,2539 2794,2536 2841,2533"/>
                <TextEquiv>
                    <Unicode>dem Schauspieler Anton Edhofer zu Liebe, auf</Unicode>
                </TextEquiv>
            </TextLine>
            <TextLine id="tr_1_tl_60" custom="readingOrder {index:59;}">
                <Coords points="1347,2581 1383,2583 1416,2564 1438,2581 1560,2564 1582,2581 1704,2590 1704,2490 1680,2494 1637,2466 1582,2473 1555,2454 1476,2480 1347,2456"/>
                <Baseline points="1360,2557 1385,2560 1410,2563 1435,2563 1460,2564 1485,2565 1510,2567 1535,2569 1560,2566 1585,2563 1610,2565 1635,2566 1660,2564 1685,2564 1710,2566"/>
                <TextEquiv>
                    <Unicode>J. v. 1022</Unicode>
                </TextEquiv>
            </TextLine>
            <TextLine id="tr_1_tl_61" custom="readingOrder {index:60;}">
                <Coords points="1898,2605 2789,2590 2835,2583 2837,2547 1898,2571"/>
                <Baseline points="1910,2599 1956,2598 2003,2594 2049,2596 2096,2595 2142,2593 2189,2592 2235,2590 2282,2590 2328,2588 2375,2587 2422,2587 2468,2585 2515,2584 2561,2582 2608,2581 2654,2579 2701,2575 2747,2575 2794,2575 2841,2569"/>
                <TextEquiv>
                    <Unicode>Schnitzlers „Anatol" zurückgegriffen, jener Serie</Unicode>
                </TextEquiv>
            </TextLine>
            <TextLine id="tr_1_tl_62" custom="readingOrder {index:61;}">
                <Coords points="1888,2641 2799,2629 2837,2578 1994,2619 1888,2593"/>
                <Baseline points="1901,2635 1948,2635 1995,2635 2042,2635 2089,2632 2136,2632 2183,2631 2230,2629 2277,2628 2324,2626 2371,2624 2418,2623 2465,2623 2512,2623 2559,2621 2606,2618 2653,2617 2700,2614 2747,2614 2794,2614 2841,2602"/>
                <TextEquiv>
                    <Unicode>von fünf Einaktern, unter denen „Abschiedssouper</Unicode>
                </TextEquiv>
            </TextLine>
            <TextLine id="tr_1_tl_63" custom="readingOrder {index:62;}">
                <Coords points="800,2641 815,2638 829,2650 846,2643 872,2650 923,2636 939,2643 956,2626 990,2621 992,2586 949,2571 935,2578 918,2562 906,2562 896,2571 855,2566 822,2586 800,2590"/>
                <Baseline points="814,2629 839,2629 865,2629 890,2627 916,2626 941,2626 967,2625 993,2623"/>
                <TextEquiv>
                    <Unicode>Datum:</Unicode>
                </TextEquiv>
            </TextLine>
            <TextLine id="tr_1_tl_64" custom="readingOrder {index:63;}">
                <Coords points="1888,2686 2840,2660 2825,2617 1891,2641"/>
                <Baseline points="1901,2674 1948,2674 1995,2674 2042,2674 2090,2671 2137,2671 2184,2670 2232,2668 2279,2667 2326,2665 2374,2665 2421,2664 2468,2662 2515,2660 2563,2659 2610,2659 2657,2654 2705,2653 2752,2653 2799,2653 2847,2647"/>
                <TextEquiv>
                    <Unicode>der bekannte und wirksamste ist. Eine feine und nach¬</Unicode>
                </TextEquiv>
            </TextLine>
            <TextLine id="tr_1_tl_65" custom="readingOrder {index:64;}">
                <Coords points="927,2684 1862,2669 1864,2624 1359,2648 1136,2588 930,2633"/>
                <Baseline points="940,2683 986,2683 1032,2683 1079,2683 1125,2682 1172,2680 1218,2679 1264,2677 1311,2677 1357,2675 1404,2674 1450,2674 1496,2674 1543,2672 1589,2671 1636,2669 1682,2668 1728,2665 1775,2665 1821,2662 1868,2659"/>
                <TextEquiv>
                    <Unicode>Von Berliner Bühnen. Die Rotterbühnen (Rest</Unicode>
                </TextEquiv>
            </TextLine>
            <TextLine id="tr_1_tl_66" custom="readingOrder {index:65;}">
                <Coords points="1898,2722 2748,2713 2835,2701 2837,2662 1898,2684"/>
                <Baseline points="1910,2715 1956,2715 2003,2714 2049,2711 2096,2709 2142,2709 2189,2709 2235,2709 2282,2708 2328,2705 2375,2704 2422,2702 2468,2701 2515,2699 2561,2698 2608,2696 2654,2695 2701,2695 2747,2692 2794,2692 2841,2689"/>
                <TextEquiv>
                    <Unicode>klingende Wirkung ging diesmal auch von dem schein¬</Unicode>
                </TextEquiv>
            </TextLine>
            <TextLine id="tr_1_tl_67" custom="readingOrder {index:66;}">
                <Coords points="920,2744 1852,2715 1871,2669 920,2708"/>
                <Baseline points="934,2724 981,2724 1028,2724 1075,2721 1122,2720 1169,2718 1216,2717 1263,2715 1310,2715 1357,2714 1404,2710 1451,2711 1498,2710 1545,2709 1592,2708 1639,2709 1686,2707 1733,2704 1780,2704 1827,2701 1874,2704"/>
                <TextEquiv>
                    <Unicode>„denz=, Trianon- und Kleines Theater) sind nicht</Unicode>
                </TextEquiv>
            </TextLine>
            <TextLine id="tr_1_tl_68" custom="readingOrder {index:67;}">
                <Coords points="1898,2765 2844,2741 2847,2701 1898,2722"/>
                <Baseline points="1910,2754 1957,2754 2004,2754 2051,2751 2098,2748 2145,2748 2192,2748 2239,2748 2286,2746 2333,2742 2380,2742 2427,2742 2474,2740 2521,2737 2568,2734 2615,2733 2662,2733 2709,2730 2756,2730 2803,2727 2850,2730"/>
                <TextEquiv>
                    <Unicode>var so belanglosen „Weihnachtseinkäufe aus, denn</Unicode>
                </TextEquiv>
            </TextLine>
            <TextLine id="tr_1_tl_69" custom="readingOrder {index:68;}">
                <Coords points="930,2772 1845,2756 1867,2713 930,2732"/>
                <Baseline points="943,2763 989,2763 1035,2762 1082,2760 1128,2759 1175,2757 1221,2756 1267,2754 1314,2754 1360,2752 1407,2749 1453,2748 1499,2748 1546,2748 1592,2746 1639,2745 1685,2742 1731,2742 1778,2742 1824,2739 1871,2742"/>
                <TextEquiv>
                    <Unicode>völlig auf die französischen Stücke eingeschworen</Unicode>
                </TextEquiv>
            </TextLine>
            <TextLine id="tr_1_tl_70" custom="readingOrder {index:69;}">
                <Coords points="1900,2801 2849,2780 2849,2737 2758,2734 1903,2760"/>
                <Baseline points="1913,2790 1960,2793 2007,2790 2054,2790 2101,2790 2148,2787 2195,2786 2243,2784 2290,2784 2337,2783 2384,2781 2431,2779 2478,2778 2525,2778 2573,2776 2620,2775 2667,2773 2714,2772 2761,2769 2808,2769 2856,2772"/>
                <TextEquiv>
                    <Unicode>Lina Lossen war die junge Frau, die von dem Mann,</Unicode>
                </TextEquiv>
            </TextLine>
            <TextLine id="tr_1_tl_71" custom="readingOrder {index:70;}">
                <Coords points="927,2813 1864,2787 1838,2746 927,2770"/>
                <Baseline points="940,2802 986,2799 1033,2799 1079,2798 1126,2796 1172,2795 1219,2793 1265,2793 1312,2793 1358,2791 1405,2790 1452,2790 1498,2788 1545,2787 1591,2785 1638,2784 1684,2782 1731,2781 1777,2781 1824,2781 1871,2775"/>
                <TextEquiv>
                    <Unicode>für die sie freilich in ihrem Personal die ausge¬</Unicode>
                </TextEquiv>
            </TextLine>
            <TextLine id="tr_1_tl_72" custom="readingOrder {index:71;}">
                <Coords points="1898,2840 2816,2823 2844,2782 1898,2801"/>
                <Baseline points="1910,2829 1956,2832 2003,2832 2050,2829 2097,2829 2144,2828 2191,2825 2237,2823 2284,2823 2331,2822 2378,2820 2425,2818 2472,2817 2519,2817 2565,2815 2612,2814 2659,2812 2706,2811 2753,2811 2800,2808 2847,2808"/>
                <TextEquiv>
                    <Unicode>der ihr Herz erbeben macht, und dem sie doch nie¬</Unicode>
                </TextEquiv>
            </TextLine>
            <TextLine id="tr_1_tl_73" custom="readingOrder {index:72;}">
                <Coords points="930,2852 1445,2828 1531,2852 1864,2828 1867,2787 930,2813"/>
                <Baseline points="943,2841 989,2840 1035,2838 1082,2837 1128,2835 1175,2834 1221,2832 1267,2832 1314,2830 1360,2829 1407,2829 1453,2827 1499,2826 1546,2826 1592,2826 1639,2824 1685,2820 1731,2820 1778,2820 1824,2817 1871,2814"/>
                <TextEquiv>
                    <Unicode>zeichnetsten Vertreter haben. Während im Residenz</Unicode>
                </TextEquiv>
            </TextLine>
            <TextLine id="tr_1_tl_74" custom="readingOrder {index:73;}">
                <Coords points="1900,2885 2780,2864 2844,2856 2847,2816 1900,2844"/>
                <Baseline points="1913,2871 1959,2871 2006,2871 2053,2869 2100,2870 2147,2867 2194,2865 2240,2865 2287,2864 2334,2862 2381,2862 2428,2860 2475,2859 2522,2857 2568,2854 2615,2853 2662,2853 2709,2850 2756,2853 2803,2850 2850,2847"/>
                <TextEquiv>
                    <Unicode>mals eine Freiheit gestatten durfte, hören muß, wie</Unicode>
                </TextEquiv>
            </TextLine>
            <TextLine id="tr_1_tl_75" custom="readingOrder {index:74;}">
                <Coords points="927,2880 1828,2871 1862,2866 1864,2825 927,2854"/>
                <Baseline points="940,2877 986,2877 1032,2877 1079,2876 1125,2874 1172,2873 1218,2871 1264,2869 1311,2868 1357,2868 1404,2866 1450,2865 1496,2865 1543,2865 1589,2865 1636,2863 1682,2859 1728,2859 1775,2859 1821,2856 1868,2853"/>
                <TextEquiv>
                    <Unicode>theater noch immer Schnitzlers „Das weite Land</Unicode>
                </TextEquiv>
            </TextLine>
            <TextLine id="tr_1_tl_76" custom="readingOrder {index:75;}">
                <Coords points="1900,2923 2856,2899 2856,2859 2674,2852 2509,2883 1900,2883"/>
                <Baseline points="1913,2909 1960,2912 2007,2909 2054,2906 2102,2906 2149,2903 2196,2903 2244,2902 2291,2901 2338,2901 2386,2901 2433,2900 2480,2898 2527,2896 2575,2895 2622,2893 2669,2892 2717,2889 2764,2889 2811,2889 2859,2889"/>
                <TextEquiv>
                    <Unicode>ein süßes Mädel“ ihn beglückt. Die sonstigen vier</Unicode>
                </TextEquiv>
            </TextLine>
            <TextLine id="tr_1_tl_77" custom="readingOrder {index:76;}">
                <Coords points="930,2928 1876,2904 1876,2876 1773,2864 932,2885"/>
                <Baseline points="943,2921 989,2915 1036,2915 1083,2914 1130,2912 1177,2912 1224,2912 1270,2911 1317,2909 1364,2908 1411,2904 1458,2903 1505,2903 1552,2902 1598,2901 1645,2901 1692,2899 1739,2898 1786,2898 1833,2895 1880,2892"/>
                <TextEquiv>
                    <Unicode>Zugkraft bewährt, erschien kürzlich im Trianon¬</Unicode>
                </TextEquiv>
            </TextLine>
            <TextLine id="tr_1_tl_78" custom="readingOrder {index:77;}">
                <Coords points="1903,2957 2847,2940 2849,2895 1903,2921"/>
                <Baseline points="1916,2945 1962,2951 2009,2948 2056,2947 2103,2945 2150,2945 2197,2944 2243,2943 2290,2942 2337,2939 2384,2939 2431,2937 2478,2936 2525,2936 2571,2934 2618,2933 2665,2931 2712,2930 2759,2927 2806,2927 2853,2924"/>
                <TextEquiv>
                    <Unicode>Geliebten Anatols, jede von einer anderen Künst¬</Unicode>
                </TextEquiv>
            </TextLine>
            <TextLine id="tr_1_tl_79" custom="readingOrder {index:78;}">
                <Coords points="927,2969 1871,2943 1871,2907 1831,2899 927,2931"/>
                <Baseline points="940,2957 986,2954 1033,2953 1080,2951 1126,2951 1173,2951 1220,2950 1266,2948 1313,2948 1360,2946 1407,2945 1453,2945 1500,2943 1547,2940 1593,2939 1640,2939 1687,2937 1733,2936 1780,2936 1827,2933 1874,2933"/>
                <TextEquiv>
                    <Unicode>theater in traumhaft huschenden Bildern Gerhart</Unicode>
                </TextEquiv>
            </TextLine>
            <TextLine id="tr_1_tl_80" custom="readingOrder {index:79;}">
                <Coords points="1903,3005 2835,2979 2856,2933 1903,2959"/>
                <Baseline points="1916,2993 1963,2987 2010,2987 2057,2987 2104,2987 2151,2984 2198,2983 2246,2981 2293,2981 2340,2980 2387,2978 2434,2976 2481,2975 2528,2973 2576,2972 2623,2972 2670,2970 2717,2969 2764,2969 2811,2966 2859,2966"/>
                <TextEquiv>
                    <Unicode>serin vertreten, glänzten durch Laune, Temperament</Unicode>
                </TextEquiv>
            </TextLine>
            <TextLine id="tr_1_tl_81" custom="readingOrder {index:80;}">
                <Coords points="937,3017 1881,2983 1883,2943 937,2962"/>
                <Baseline points="949,2993 995,2993 1042,2993 1089,2990 1136,2991 1183,2992 1230,2989 1276,2987 1323,2986 1370,2984 1417,2984 1464,2984 1511,2982 1558,2981 1604,2981 1651,2981 1698,2974 1745,2972 1792,2975 1839,2975 1886,2975"/>
                <TextEquiv>
                    <Unicode>Hauptmanns „Elga“ mit Tilla Durieux — die ihr</Unicode>
                </TextEquiv>
            </TextLine>
            <TextLine id="tr_1_tl_82" custom="readingOrder {index:81;}">
                <Coords points="1900,3034 2801,3022 2849,3014 2852,2976 1900,2998"/>
                <Baseline points="1913,3026 1960,3029 2007,3029 2054,3026 2101,3026 2148,3023 2195,3023 2243,3022 2290,3019 2337,3017 2384,3017 2431,3015 2478,3014 2525,3014 2573,3012 2620,3011 2667,3009 2714,3008 2761,3008 2808,3005 2856,3005"/>
                <TextEquiv>
                    <Unicode>und Toiletten, die zum Teil die Grenzen des An¬</Unicode>
                </TextEquiv>
            </TextLine>
            <TextLine id="tr_1_tl_83" custom="readingOrder {index:82;}">
                <Coords points="935,3043 1874,3022 1874,2983 1814,2976 937,3017"/>
                <Baseline points="949,3035 995,3032 1042,3031 1088,3029 1135,3029 1181,3029 1228,3029 1274,3028 1321,3026 1367,3024 1414,3023 1461,3021 1507,3020 1554,3020 1600,3020 1647,3018 1693,3017 1740,3017 1786,3014 1833,3011 1880,3011"/>
                <TextEquiv>
                    <Unicode>Fach im Lessingtheater vorübergehend an Marie</Unicode>
                </TextEquiv>
            </TextLine>
            <TextLine id="tr_1_tl_84" custom="readingOrder {index:83;}">
                <Coords points="1905,3079 2854,3060 2856,3014 1905,3038"/>
                <Baseline points="1919,3068 1966,3068 2013,3065 2060,3065 2107,3065 2154,3064 2201,3062 2248,3062 2295,3061 2342,3059 2389,3059 2436,3057 2483,3054 2530,3053 2577,3053 2624,3053 2671,3051 2718,3047 2765,3047 2812,3047 2859,3044"/>
                <TextEquiv>
                    <Unicode>standes weit hinter sich ließen. Mit viel Reiz und</Unicode>
                </TextEquiv>
            </TextLine>
            <TextLine id="tr_1_tl_85" custom="readingOrder {index:84;}">
                <Coords points="937,3084 1876,3062 1879,3019 937,3043"/>
                <Baseline points="949,3077 995,3073 1042,3071 1089,3071 1135,3071 1182,3070 1229,3068 1275,3067 1322,3062 1369,3061 1416,3062 1462,3062 1509,3060 1556,3059 1602,3059 1649,3057 1696,3056 1742,3056 1789,3056 1836,3053 1883,3053"/>
                <TextEquiv>
                    <Unicode>Fein abgetreten hat — in der Titelrolle. Sie gibt</Unicode>
                </TextEquiv>
            </TextLine>
            <TextLine id="tr_1_tl_86" custom="readingOrder {index:85;}">
                <Coords points="937,3120 2859,3096 2859,3060 2784,3050 937,3084"/>
                <Baseline points="949,3112 1044,3110 1140,3108 1236,3105 1332,3103 1428,3100 1523,3100 1619,3097 1715,3095 1811,3092 1907,3104 2002,3106 2098,3103 2194,3100 2290,3097 2386,3095 2481,3092 2577,3092 2673,3090 2769,3086 2865,3086"/>
                <TextEquiv>
                    <Unicode>die weise, in allen Liebeskünsten erfahrene Frau, Anmut, etwas obenhin, etwas bewußt, gibt Edhofer</Unicode>
                </TextEquiv>
            </TextLine>
            <TextLine id="tr_1_tl_87" custom="readingOrder {index:86;}">
                <Coords points="1905,3158 2856,3134 2856,3094 2703,3086 1905,3115"/>
                <Baseline points="1919,3145 1966,3145 2013,3145 2060,3145 2107,3142 2154,3141 2201,3139 2249,3138 2296,3136 2343,3136 2390,3136 2437,3134 2484,3133 2531,3131 2579,3128 2626,3129 2673,3128 2720,3127 2767,3127 2814,3124 2862,3121"/>
                <TextEquiv>
                    <Unicode>die Hauptfigur, Hermann Thimig als hilfreicher</Unicode>
                </TextEquiv>
            </TextLine>
            <TextLine id="tr_1_tl_88" custom="readingOrder {index:87;}">
                <Coords points="937,3158 1876,3141 1876,3098 939,3120"/>
                <Baseline points="949,3151 995,3150 1042,3148 1089,3148 1135,3147 1182,3145 1229,3145 1275,3144 1322,3142 1369,3140 1416,3139 1462,3139 1509,3137 1556,3136 1602,3136 1649,3134 1696,3133 1742,3133 1789,3130 1836,3127 1883,3127"/>
                <TextEquiv>
                    <Unicode>deren Zärtlichkeit von schwüler Sinnenglut durch</Unicode>
                </TextEquiv>
            </TextLine>
            <TextLine id="tr_1_tl_89" custom="readingOrder {index:88;}">
                <Coords points="1915,3199 2842,3177 2864,3132 1915,3153"/>
                <Baseline points="1928,3187 1975,3187 2022,3184 2069,3184 2116,3183 2163,3180 2210,3178 2257,3178 2304,3177 2351,3175 2398,3173 2445,3172 2492,3172 2539,3170 2586,3169 2633,3167 2680,3164 2727,3163 2774,3166 2821,3163 2868,3163"/>
                <TextEquiv>
                    <Unicode>Freund stattete seine Rolle mit natürlicher Komik</Unicode>
                </TextEquiv>
            </TextLine>
            <TextLine id="tr_1_tl_90" custom="readingOrder {index:89;}">
                <Coords points="932,3192 1881,3177 1881,3141 1776,3132 932,3156"/>
                <Baseline points="946,3184 990,3187 1037,3187 1084,3184 1131,3184 1178,3183 1225,3181 1273,3181 1320,3181 1367,3180 1414,3178 1461,3178 1508,3178 1555,3176 1603,3175 1650,3173 1697,3172 1744,3169 1791,3169 1838,3166 1886,3166"/>
                <TextEquiv>
                    <Unicode>tränkt ist und deren zum Schluß vervorbrechenden</Unicode>
                </TextEquiv>
            </TextLine>
            <TextLine id="tr_1_tl_91" custom="readingOrder {index:90;}">
                <Coords points="1905,3230 2856,3209 2856,3175 2739,3165 1907,3201"/>
                <Baseline points="1919,3223 1966,3223 2013,3220 2060,3220 2107,3220 2154,3220 2201,3219 2249,3216 2296,3214 2343,3213 2390,3211 2437,3211 2484,3211 2531,3209 2579,3208 2626,3206 2673,3205 2720,3205 2767,3202 2814,3202 2862,3199"/>
                <TextEquiv>
                    <Unicode>aus. — Das „Jüdische Künstlertheater“ in</Unicode>
                </TextEquiv>
            </TextLine>
            <TextLine id="tr_1_tl_92" custom="readingOrder {index:91;}">
                <Coords points="942,3235 1831,3221 1874,3213 1876,3177 942,3194"/>
                <Baseline points="955,3226 1001,3228 1047,3226 1093,3226 1140,3225 1186,3223 1232,3221 1278,3220 1325,3218 1371,3217 1417,3217 1463,3217 1510,3217 1556,3215 1602,3214 1648,3212 1695,3211 1741,3211 1787,3208 1833,3208 1880,3205"/>
                <TextEquiv>
                    <Unicode>Haß dämonische Wildheit zeigt. Theodor Becken</Unicode>
                </TextEquiv>
            </TextLine>
            <TextLine id="tr_1_tl_93" custom="readingOrder {index:92;}">
                <Coords points="1910,3273 2856,3257 2859,3211 1910,3235"/>
                <Baseline points="1922,3265 1969,3265 2016,3262 2063,3262 2110,3259 2157,3258 2204,3256 2251,3256 2298,3256 2345,3255 2392,3251 2439,3250 2486,3250 2533,3248 2580,3247 2627,3247 2674,3245 2721,3244 2768,3244 2815,3244 2862,3241"/>
                <TextEquiv>
                    <Unicode>der Kommandantenstraße beweist durch seine neueste</Unicode>
                </TextEquiv>
            </TextLine>
            <TextLine id="tr_1_tl_94" custom="readingOrder {index:93;}">
                <Coords points="932,3273 1876,3261 1879,3213 1771,3206 935,3237"/>
                <Baseline points="946,3265 992,3265 1039,3265 1086,3264 1133,3262 1180,3262 1227,3261 1273,3259 1320,3258 1367,3256 1414,3256 1461,3254 1508,3253 1555,3253 1601,3251 1648,3250 1695,3250 1742,3250 1789,3250 1836,3247 1883,3244"/>
                <TextEquiv>
                    <Unicode>vom Staatstheater ist als ihr Gatte mehr der Mann</Unicode>
                </TextEquiv>
            </TextLine>
            <TextLine id="tr_1_tl_95" custom="readingOrder {index:94;}">
                <Coords points="1910,3312 2624,3307 2859,3290 2861,3254 1910,3273"/>
                <Baseline points="1922,3303 1969,3303 2016,3303 2063,3300 2110,3297 2157,3297 2204,3296 2252,3294 2299,3293 2346,3291 2393,3291 2440,3289 2487,3288 2534,3287 2582,3286 2629,3286 2676,3284 2723,3286 2770,3283 2817,3283 2865,3280"/>
                <TextEquiv>
                    <Unicode>Gabe „Der Dorfung“ von Leon Kobrin, daß es ein</Unicode>
                </TextEquiv>
            </TextLine>
            <TextLine id="tr_1_tl_96" custom="readingOrder {index:95;}">
                <Coords points="932,3314 1881,3295 1881,3261 1768,3249 932,3271"/>
                <Baseline points="946,3303 993,3303 1040,3303 1087,3303 1134,3302 1181,3300 1228,3299 1275,3297 1322,3296 1369,3294 1416,3294 1463,3294 1510,3292 1557,3291 1604,3291 1651,3291 1698,3289 1745,3286 1792,3286 1839,3283 1886,3280"/>
                <TextEquiv>
                    <Unicode>der schönen Linie als des vertieften Seelenlebens-</Unicode>
                </TextEquiv>
            </TextLine>
            <TextLine id="tr_1_tl_97" custom="readingOrder {index:96;}">
                <Coords points="1907,3352 2856,3328 2856,3288 2801,3285 1910,3312"/>
                <Baseline points="1922,3339 1969,3342 2016,3339 2063,3339 2110,3336 2157,3336 2204,3335 2251,3332 2298,3331 2345,3332 2392,3330 2439,3330 2486,3328 2533,3325 2580,3324 2627,3324 2674,3322 2721,3321 2768,3324 2815,3321 2862,3318"/>
                <TextEquiv>
                    <Unicode>bemerkenswerter Spiegel, wenn nicht immer jüdi¬</Unicode>
                </TextEquiv>
            </TextLine>
            <TextLine id="tr_1_tl_98" custom="readingOrder {index:97;}">
                <Coords points="942,3352 1881,3328 1881,3295 1838,3288 942,3312"/>
                <Baseline points="955,3345 1001,3341 1048,3339 1094,3339 1141,3339 1187,3338 1234,3336 1280,3335 1327,3333 1373,3333 1420,3331 1467,3330 1513,3330 1560,3330 1606,3328 1653,3327 1699,3327 1746,3324 1792,3324 1839,3321 1886,3321"/>
                <TextEquiv>
                    <Unicode>im Gegensatz zu Conrad Veidt, dem Geliebten</Unicode>
                </TextEquiv>
            </TextLine>
            <TextLine id="tr_1_tl_99" custom="readingOrder {index:98;}">
                <Coords points="2521,3386 2542,3388 2562,3372 2662,3379 2677,3372 2689,3379 2710,3369 2737,3369 2737,3331 2717,3328 2710,3336 2701,3331 2681,3338 2672,3328 2633,3328 2574,3340 2521,3333"/>
                <Baseline points="2533,3363 2559,3365 2585,3366 2611,3366 2637,3365 2663,3363 2689,3363 2715,3363 2742,3363"/>
                <TextEquiv>
                    <Unicode>Volkslebens</Unicode>
                </TextEquiv>
            </TextLine>
            <TextLine id="tr_1_tl_100" custom="readingOrder {index:99;}">
                <Coords points="939,3393 1859,3376 1888,3331 939,3357"/>
                <Baseline points="952,3384 999,3381 1046,3381 1093,3378 1140,3378 1187,3377 1234,3375 1281,3375 1328,3375 1375,3375 1422,3373 1469,3370 1516,3369 1563,3369 1610,3369 1657,3367 1704,3366 1751,3366 1798,3363 1845,3363 1892,3363"/>
                <TextEquiv>
                    <Unicode>der ganz auf die Idee gestellt ist: Einmal das höchste</Unicode>
                </TextEquiv>
            </TextLine>
            <TextLine id="tr_1_tl_101" custom="readingOrder {index:100;}">
                <Coords points="1915,3400 2046,3379 2087,3398 2128,3376 2164,3391 2260,3374 2406,3384 2456,3376 2459,3338 2291,3340 2252,3360 2221,3338 2135,3360 2078,3343 2027,3364 1917,3350"/>
                <Baseline points="1928,3387 1954,3385 1981,3383 2008,3382 2035,3380 2062,3378 2089,3376 2115,3375 2142,3375 2169,3375 2196,3375 2223,3375 2250,3374 2277,3373 2303,3372 2330,3372 2357,3370 2384,3369 2411,3369 2438,3369 2465,3369"/>
                <TextEquiv>
                    <Unicode>schen so doch russischen</Unicode>
                </TextEquiv>
            </TextLine>
            <TextLine id="tr_1_tl_102" custom="readingOrder {index:101;}">
                <Coords points="1994,3424 2825,3412 2861,3372 1994,3391"/>
                <Baseline points="2008,3417 2051,3417 2094,3417 2137,3415 2180,3414 2223,3412 2266,3413 2309,3412 2352,3409 2395,3408 2438,3406 2481,3405 2524,3402 2567,3402 2610,3402 2653,3402 2696,3402 2739,3399 2782,3399 2825,3399 2868,3396"/>
                <TextEquiv>
                    <Unicode>Die Versuche, Talenten, denen sich die</Unicode>
                </TextEquiv>
            </TextLine>
            <TextLine id="tr_1_tl_103" custom="readingOrder {index:102;}">
                <Coords points="939,3436 1886,3407 1886,3372 1689,3367 942,3393"/>
                <Baseline points="955,3423 1001,3422 1048,3420 1095,3420 1141,3419 1188,3417 1235,3416 1281,3414 1328,3414 1375,3412 1422,3413 1468,3412 1515,3409 1562,3408 1608,3408 1655,3406 1702,3405 1748,3405 1795,3402 1842,3402 1889,3396"/>
                <TextEquiv>
                    <Unicode>Glück genießen und dann sterben. Grillparzers mo¬</Unicode>
                </TextEquiv>
            </TextLine>
            <TextLine id="tr_1_tl_104" custom="readingOrder {index:103;}">
                <Coords points="1912,3470 2861,3451 2861,3403 2801,3400 1915,3427"/>
                <Baseline points="1925,3459 1972,3462 2019,3459 2066,3459 2113,3456 2160,3455 2207,3452 2255,3450 2302,3450 2349,3450 2396,3449 2443,3447 2490,3447 2537,3445 2585,3444 2632,3444 2679,3444 2726,3441 2773,3441 2820,3441 2868,3438"/>
                <TextEquiv>
                    <Unicode>stehenden Theater versagen, dennoch zur Auf¬</Unicode>
                </TextEquiv>
            </TextLine>
            <TextLine id="tr_1_tl_105" custom="readingOrder {index:104;}">
                <Coords points="939,3470 1828,3458 1883,3448 1886,3410 939,3436"/>
                <Baseline points="952,3462 998,3462 1045,3461 1092,3459 1138,3458 1185,3456 1232,3455 1278,3453 1325,3453 1372,3451 1419,3450 1465,3450 1512,3450 1559,3448 1605,3447 1652,3447 1699,3445 1745,3444 1792,3444 1839,3444 1886,3438"/>
                <TextEquiv>
                    <Unicode>numentale, doch nur in den großen Zügen heraus</Unicode>
                </TextEquiv>
            </TextLine>
            <TextLine id="tr_1_tl_106" custom="readingOrder {index:105;}">
                <Coords points="1915,3511 2866,3489 2866,3453 2760,3439 1915,3470"/>
                <Baseline points="1928,3500 1975,3500 2022,3497 2069,3497 2116,3497 2163,3494 2210,3493 2258,3491 2305,3490 2352,3488 2399,3488 2446,3486 2493,3485 2540,3485 2588,3483 2635,3482 2682,3482 2729,3480 2776,3480 2823,3480 2871,3477"/>
                <TextEquiv>
                    <Unicode>führung zu verhelfen, werden von verschiedenen</Unicode>
                </TextEquiv>
            </TextLine>
            <TextLine id="tr_1_tl_107" custom="readingOrder {index:106;}">
                <Coords points="942,3515 1886,3491 1886,3448 1744,3443 942,3472"/>
                <Baseline points="955,3503 1001,3500 1048,3500 1095,3496 1142,3494 1189,3494 1236,3493 1282,3491 1329,3491 1376,3491 1423,3489 1470,3488 1517,3488 1564,3486 1610,3485 1657,3485 1704,3483 1751,3482 1798,3482 1845,3480 1892,3482"/>
                <TextEquiv>
                    <Unicode>gearbeitete Novelle erhielt durch Hauptmann die</Unicode>
                </TextEquiv>
            </TextLine>
            <TextLine id="tr_1_tl_108" custom="readingOrder {index:107;}">
                <Coords points="939,3542 1886,3527 1886,3489 1826,3479 939,3515"/>
                <Baseline points="952,3536 999,3536 1046,3536 1093,3536 1140,3536 1187,3535 1234,3532 1281,3530 1328,3530 1375,3530 1422,3528 1469,3527 1516,3525 1563,3524 1610,3524 1657,3524 1704,3522 1751,3521 1798,3518 1845,3518 1892,3518"/>
                <TextEquiv>
                    <Unicode>innere Musik, die seinen Schwingungen, die Ewig</Unicode>
                </TextEquiv>
            </TextLine>
            <TextLine id="tr_1_tl_109" custom="readingOrder {index:108;}">
                <Coords points="1912,3546 2744,3539 2868,3530 2871,3487 1912,3511"/>
                <Baseline points="1925,3539 1972,3542 2019,3539 2066,3539 2114,3536 2161,3533 2208,3533 2256,3532 2303,3530 2350,3530 2398,3529 2445,3527 2492,3525 2539,3524 2587,3524 2634,3522 2681,3521 2729,3521 2776,3521 2823,3521 2871,3521"/>
                <TextEquiv>
                    <Unicode>Seiten immer von neuem wiederholt. So hat der</Unicode>
                </TextEquiv>
            </TextLine>
            <TextLine id="tr_1_tl_110" custom="readingOrder {index:109;}">
                <Coords points="944,3587 1886,3568 1886,3527 1783,3520 947,3546"/>
                <Baseline points="958,3578 1004,3578 1051,3577 1098,3575 1144,3575 1191,3574 1238,3572 1284,3572 1331,3571 1378,3569 1425,3569 1471,3567 1518,3566 1565,3566 1611,3566 1658,3566 1705,3564 1751,3560 1798,3560 1845,3560 1892,3557"/>
                <TextEquiv>
                    <Unicode>keitsgedanken mitzittern lassen, und dieser war die</Unicode>
                </TextEquiv>
            </TextLine>
            <TextLine id="tr_1_tl_111" custom="readingOrder {index:110;}">
                <Coords points="1912,3587 2866,3566 2866,3530 2655,3522 1915,3549"/>
                <Baseline points="1928,3581 1975,3581 2022,3581 2069,3578 2116,3578 2163,3577 2210,3574 2258,3572 2305,3572 2352,3571 2399,3569 2446,3569 2493,3567 2540,3566 2588,3564 2635,3563 2682,3563 2729,3560 2776,3563 2823,3560 2871,3557"/>
                <TextEquiv>
                    <Unicode>Volkskraftbund im Zentraltheater das Schau¬</Unicode>
                </TextEquiv>
            </TextLine>
            <TextLine id="tr_1_tl_112" custom="readingOrder {index:111;}">
                <Coords points="944,3626 1888,3604 1888,3566 1843,3563 944,3587"/>
                <Baseline points="958,3617 1004,3617 1051,3616 1098,3615 1144,3616 1191,3614 1238,3613 1284,3611 1331,3610 1378,3608 1425,3608 1471,3606 1518,3605 1565,3605 1611,3605 1658,3605 1705,3603 1751,3597 1798,3599 1845,3599 1892,3596"/>
                <TextEquiv>
                    <Unicode>Regie Altmanns liebend nachgegangen. — Im</Unicode>
                </TextEquiv>
            </TextLine>
            <TextLine id="tr_1_tl_113" custom="readingOrder {index:112;}">
                <Coords points="1922,3633 2868,3609 2859,3563 1924,3590"/>
                <Baseline points="1936,3623 1982,3626 2029,3622 2076,3620 2123,3619 2169,3617 2216,3616 2263,3614 2310,3614 2356,3612 2403,3611 2450,3611 2497,3611 2543,3609 2590,3608 2637,3606 2684,3605 2730,3605 2777,3605 2824,3602 2871,3599"/>
                <TextEquiv>
                    <Unicode>spiel „Desdemona von Gustav Adolf Petermann</Unicode>
                </TextEquiv>
            </TextLine>
            <TextLine id="tr_1_tl_114" custom="readingOrder {index:113;}">
                <Coords points="944,3669 1876,3647 1876,3609 1819,3602 944,3628"/>
                <Baseline points="958,3656 1004,3656 1050,3655 1096,3653 1143,3653 1189,3651 1235,3650 1281,3650 1328,3650 1374,3650 1420,3648 1466,3645 1513,3644 1559,3644 1605,3644 1651,3644 1698,3641 1744,3641 1790,3638 1836,3638 1883,3635"/>
                <TextEquiv>
                    <Unicode>Kleinen Schauspielhause ist der „Reigen</Unicode>
                </TextEquiv>
            </TextLine>
            <TextLine id="tr_1_tl_115" custom="readingOrder {index:114;}">
                <Coords points="1927,3676 2873,3654 2856,3606 1929,3633"/>
                <Baseline points="1939,3662 1985,3662 2032,3662 2079,3659 2126,3658 2173,3656 2220,3656 2267,3655 2314,3652 2361,3650 2408,3650 2454,3650 2501,3650 2548,3648 2595,3647 2642,3647 2689,3645 2736,3641 2783,3641 2830,3641 2877,3644"/>
                <TextEquiv>
                    <Unicode>herausgebracht und einen sehr lebhaften Erfolg</Unicode>
                </TextEquiv>
            </TextLine>
            <TextLine id="tr_1_tl_116" custom="readingOrder {index:115;}">
                <Coords points="954,3705 1893,3685 1893,3645 956,3666"/>
                <Baseline points="967,3694 1013,3694 1060,3694 1106,3693 1153,3691 1199,3691 1246,3690 1292,3688 1339,3688 1385,3688 1432,3688 1479,3686 1525,3685 1572,3683 1618,3680 1665,3679 1711,3679 1758,3679 1804,3676 1851,3676 1898,3674"/>
                <TextEquiv>
                    <Unicode>durch Georg Hirschfelds „Die Mutter abgelöst. Da¬</Unicode>
                </TextEquiv>
            </TextLine>
            <TextLine id="tr_1_tl_117" custom="readingOrder {index:116;}">
                <Coords points="1922,3712 2868,3693 2842,3647 1924,3673"/>
                <Baseline points="1936,3700 1982,3703 2029,3702 2076,3700 2123,3699 2169,3697 2216,3696 2263,3693 2310,3691 2356,3691 2403,3691 2450,3689 2497,3688 2543,3688 2590,3688 2637,3686 2684,3685 2730,3682 2777,3682 2824,3679 2871,3679"/>
                <TextEquiv>
                    <Unicode>erzielt, der namentlich vom dritten Akt an einsetzte.</Unicode>
                </TextEquiv>
            </TextLine>
            <TextLine id="tr_1_tl_118" custom="readingOrder {index:117;}">
                <Coords points="949,3745 1886,3729 1886,3685 1824,3681 951,3707"/>
                <Baseline points="961,3733 1007,3735 1054,3733 1101,3733 1147,3733 1194,3732 1241,3730 1287,3730 1334,3729 1381,3727 1428,3725 1474,3724 1521,3722 1568,3721 1614,3721 1661,3721 1708,3721 1754,3718 1801,3715 1848,3715 1895,3715"/>
                <TextEquiv>
                    <Unicode>Stück, das einst eine Hoffnung war, wirkt jetzt über</Unicode>
                </TextEquiv>
            </TextLine>
            <TextLine id="tr_1_tl_119" custom="readingOrder {index:118;}">
                <Coords points="1922,3753 2866,3731 2837,3688 1922,3714"/>
                <Baseline points="1936,3742 1982,3742 2029,3741 2076,3739 2123,3738 2169,3736 2216,3736 2263,3735 2310,3733 2356,3733 2403,3731 2450,3730 2497,3730 2543,3730 2590,3728 2637,3727 2684,3725 2730,3724 2777,3721 2824,3721 2871,3718"/>
                <TextEquiv>
                    <Unicode>Warten wir ab, ob die Theaterdirektoren nun der</Unicode>
                </TextEquiv>
            </TextLine>
            <TextLine id="tr_1_tl_120" custom="readingOrder {index:119;}">
                <Coords points="949,3781 1898,3767 1898,3719 951,3745"/>
                <Baseline points="961,3775 1008,3775 1055,3772 1102,3772 1149,3769 1196,3769 1243,3769 1291,3768 1338,3766 1385,3765 1432,3763 1479,3761 1526,3762 1573,3761 1621,3760 1668,3758 1715,3757 1762,3757 1809,3757 1856,3754 1904,3754"/>
                <TextEquiv>
                    <Unicode>holt. Nicht durch den Dichter überholt, denn die fest</Unicode>
                </TextEquiv>
            </TextLine>
            <TextLine id="tr_1_tl_121" custom="readingOrder {index:120;}">
                <Coords points="951,3827 2871,3765 2806,3726 954,3786"/>
                <Baseline points="967,3817 1062,3811 1158,3810 1253,3808 1349,3805 1444,3803 1540,3799 1635,3799 1731,3796 1826,3795 1922,3786 2017,3781 2113,3778 2208,3775 2304,3774 2399,3773 2495,3771 2590,3769 2686,3764 2781,3760 2877,3760"/>
                <TextEquiv>
                    <Unicode>zupackende, sieghafte und im letzten Grunde erlösende Sache trauen werden. Daß sie mit unzureichenden</Unicode>
                </TextEquiv>
            </TextLine>
            <TextLine id="tr_1_tl_122" custom="readingOrder {index:121;}">
                <Coords points="1927,3832 2861,3815 2864,3769 1927,3788"/>
                <Baseline points="1939,3826 1985,3825 2031,3823 2078,3822 2124,3820 2171,3820 2217,3819 2264,3817 2310,3815 2357,3814 2403,3812 2449,3811 2496,3811 2542,3809 2589,3808 2635,3806 2682,3805 2728,3802 2775,3802 2821,3799 2868,3799"/>
                <TextEquiv>
                    <Unicode>Kräften ins Werk gesetzt wurde, wird niemand be¬</Unicode>
                </TextEquiv>
            </TextLine>
            <TextLine id="tr_1_tl_123" custom="readingOrder {index:122;}">
                <Coords points="951,3863 1895,3846 1881,3798 954,3827"/>
                <Baseline points="964,3853 1010,3853 1057,3853 1104,3850 1151,3849 1198,3846 1245,3844 1291,3844 1338,3844 1385,3843 1432,3841 1479,3839 1526,3838 1573,3840 1619,3839 1666,3838 1713,3836 1760,3832 1807,3832 1854,3829 1901,3829"/>
                <TextEquiv>
                    <Unicode>Kraft, die non ihm damals stundete, hat sich be¬</Unicode>
                </TextEquiv>
            </TextLine>
            <TextLine id="tr_1_tl_124" custom="readingOrder {index:123;}">
                <Coords points="954,3915 2550,3889 2866,3853 2868,3812 956,3865"/>
                <Baseline points="967,3894 1062,3888 1157,3885 1252,3884 1347,3880 1443,3875 1538,3878 1633,3881 1728,3874 1823,3870 1919,3871 2014,3865 2109,3862 2204,3856 2299,3855 2395,3853 2490,3852 2585,3850 2680,3843 2775,3841 2871,3844"/>
                <TextEquiv>
                    <Unicode>Hirschfeld nicht eingestelt. Aber die Aufführung haupten können, denn die durchweg ante Darstellung</Unicode>
                </TextEquiv>
            </TextLine>
            <TextLine id="tr_1_tl_125" custom="readingOrder {index:124;}">
                <Coords points="1951,3975 2890,3956 2892,3911 2595,3875 1953,3887"/>
                <Baseline points="1963,3972 2009,3969 2056,3968 2102,3966 2149,3965 2196,3962 2242,3960 2289,3959 2335,3958 2382,3960 2429,3956 2475,3952 2522,3949 2568,3948 2615,3948 2662,3946 2708,3945 2755,3942 2801,3942 2848,3942 2895,3945"/>
                <TextEquiv>
                    <Unicode>brachte sogar ein überraschendes Schauspielertalent,</Unicode>
                </TextEquiv>
            </TextLine>
            <TextLine id="tr_1_tl_126" custom="readingOrder {index:125;}">
                <Coords points="1946,4026 2777,4004 2890,3992 2892,3956 1946,3978"/>
                <Baseline points="1960,4011 2006,4011 2053,4010 2100,4008 2147,4007 2193,4005 2240,4004 2287,4002 2334,4001 2380,3999 2427,3997 2474,3994 2521,3991 2567,3990 2614,3988 2661,3987 2708,3987 2754,3984 2801,3984 2848,3984 2895,3984"/>
                <TextEquiv>
                    <Unicode>die junge Rita Parsen, zum Vorschein, an der die</Unicode>
                </TextEquiv>
            </TextLine>
            <TextLine id="tr_1_tl_127" custom="readingOrder {index:126;}">
                <Coords points="1951,4083 2935,4054 2938,3997 1953,4023"/>
                <Baseline points="1966,4056 2014,4055 2063,4052 2112,4050 2161,4050 2210,4048 2258,4047 2307,4045 2356,4044 2405,4041 2454,4038 2502,4035 2551,4032 2600,4031 2649,4029 2698,4029 2746,4029 2795,4029 2844,4029 2893,4029 2942,4035"/>
                <TextEquiv>
                    <Unicode>Direktoren gewiß nicht vorbeigehen werden. M.</Unicode>
                </TextEquiv>
            </TextLine>
            <TextEquiv>
                <Unicode></Unicode>
            </TextEquiv>
        </TextRegion>
        <TextRegion orientation="0.0" id="tr_2" custom="readingOrder {index:1;}">
            <Coords points="2892,138 2892,297 3238,297 3238,138"/>
            <TextLine id="tr_2_tl_1" custom="readingOrder {index:0;}">
                <Coords points="2878,259 3235,261 3235,180 3221,177 3122,177 3094,199 3005,206 2923,182 2878,185"/>
                <Baseline points="2892,238 2918,240 2945,242 2971,243 2998,244 3025,244 3051,244 3078,244 3104,246 3131,247 3158,247 3184,244 3211,241 3238,241"/>
                <TextEquiv>
                    <Unicode>box 9/3</Unicode>
                </TextEquiv>
            </TextLine>
            <TextEquiv>
                <Unicode></Unicode>
            </TextEquiv>
        </TextRegion>
    </Page>
</PcGts>
