3484 4256
281 173 742 267 4.9. Ana¬
834 201 974 274 .
1003 174 1202 266 yklu-
1396 168 1753 261 box 8/7
2169 271 3193 378 Bitte Rückseite beachten!
2779 371 3180 460 Telephon 12.801.
2992 484 3074 559 te
2432 527 2925 639 BSERVE
2144 611 3197 722 I. österr. behördl. konz. Unternehmen für
2451 675 2907 758 Zeitungsausschnitte
2157 722 3198 830 Wien, I., Konkordiaplatz 4.
2549 792 2814 858 Vertretungen
2144 817 3194 911 in Berlin, Basel, Budapest, Chicago, Cleveland, Christiania,
2143 859 3192 951 Genf, Kopenhagen, London, Madrid, Mailand, Minneapolis,
2145 896 3185 993 New-York, Paris, Rom, San Francisco, Stockholm, St. Peters¬
2540 956 2813 1019 burg, Toronto.
2384 985 2954 1084 (Quellenangabe ohne Gewähr).
2133 1053 3130 1234 stantly Telegraph, London
2133 1150 2603 1276 vom
2372 1265 2810 1478 le
2331 1466 2891 1550 LITTLE THEATRE.
2460 1580 2743 1652 ANATOL
2108 1604 2192 1667 A.
2225 1653 3026 1730 To spond a whole evening with him is much like
2192 1718 3030 1773 dining on the hors d'œuvres. Even as a dish of
2186 1758 3020 1812 hors d’ouvres, "Anatole lacks variety and delicacy
2192 1800 3030 1838 and subtlety of flavour. He is titillating, he does
2187 1827 3026 1887 keep you amused; but at the end of him you wonder
2192 1878 3024 1920 whether you have much enjoyed him. That with
2192 1907 3026 1955 plays as with dinnere, is a symptom of indigestion.
2192 1951 3026 1990 His appearance on Saturday at the Litte There was
2192 1992 3030 2032 not, of course, his début in London. For some weeks
2188 2029 3026 2082 Mr. Granville Barker, his English sponsor, has been
2194 2063 3026 2122 playing portions of him at the Palace. The migra¬
2183 2105 3029 2149 tion to the pretty little hore in the Adelphi is at
2133 2133 3032 2185 lonce an advantage and a disadvantage. The small
2195 2183 3026 2224 stage and the small auditorium are exactly what
2192 2216 3025 2265 Anatol needs; but five acts of him in succession
2135 2253 2797 2309 are not five times as amusing as one.
2221 2282 3029 2338 It is not now necessary to describe Anatole
2192 2338 3026 2390 scheme of existence in detail. We have already
2188 2375 3033 2415 assisted at his affairs with Hilda and Mimi and Lona.
2195 2410 3029 2456 Nothing new was revealed to us by Gabrielle and
2192 2455 3032 2493 Bianca, who made their curties on Saturday, though
2192 2489 3032 2540 the episode with Bianca in a good as the best.
2192 2527 3032 2583 Anatol, in fact, is one of those very numerous people
2192 2566 3030 2605 who are most amusing when you do not see much
2192 2600 3032 2653 of them. He is certainly real enough. The senti¬
2186 2641 3026 2688 mentalist cynie man about town, who mingles the
2186 2678 3032 2726 temperament of l'homme moyen sensuel with some¬
2137 2718 3032 2760 thing of Blanche Amory's il me faut des émotions
2186 2755 3032 2803 is cleverly caught by Herr Schnitzler. There is plenty
2195 2789 3039 2836 of wit in the study, though Mr. Granville Barkers
2186 2836 3038 2889 paraphrase makes the wit a matter of substance
2195 2870 3034 2920 rather than style. Yet five acts of it leave us with
2195 2910 3055 2953 that faint feeling of indigestion. The cynicism of
2192 2946 3041 2992 the dialogues is altogether harmless. Of course
2192 2988 3034 3028 Anatol belongs to a world which disdains morals.
2165 3018 3043 3078 But only an insane desire for edification will quarrel
2192 3063 3034 3101 with that. It is not the cynicism that makes you
2186 3098 3033 3152 uneasy, but the dilution of the cyniciam. Where the
2195 3137 3039 3189 cynical flavour is strongest,“ Anatole is very good
2186 3173 3026 3222 stuff, When Herr Schnitzler sentimentalises, how
2186 3213 3030 3262 ever cynically, uncomfortable sensations obtrude.
2192 3253 3034 3302 Unfortunately, the sentimentality of the cynicism
2186 3287 3030 3335 is emphasised by Mr. Granville Barke's handling
2192 3329 3034 3370 of the part. The result is much like the French
2192 3366 3034 3412 novels of the later eighteenth century, or a blend
2192 3404 3034 3456 of Ovid and Rousseau. Ovid is much more ausing
2191 3441 2377 3494 by himself.
2209 3468 3022 3523 The first of the two new dialogues given on Saturday
2183 3521 3029 3567 night," A Christmas Present," had a large dose of
2188 3555 3028 3606 sentimentality. Gabrielle, respectable and married,
2186 3605 3033 3647 meets Anatol out in the rain, and learns that his
2186 3632 3030 3675 affair of the moment is with a poor girl in a humble
2183 3672 3029 3727 room, who is happy to have her Anatol so. What
2186 3711 3030 3755 Gabrielle sende the poor girl a bouquet with the
2186 3751 3026 3797 message that it is from one who might have been
2188 3786 3033 3829 happy too if she had not been such a coward. The
2186 3824 3032 3869 sicklicet sentiment of the most sentimental goody-
2188 3862 3029 3917 goody story could, as you observe, be no nastier. The
2186 3898 3032 3951 second new dialogue was as delightful as this first
2186 3938 3032 3982 was disagréable. Anatol bringe to his friend, the
2186 3977 3032 4023 plump and admirable Max, a parcel containing his
2186 4018 3030 4070 pastetters, momentos, and so forth and the two
2186 4054 3026 4102 sort them out, with comment, in an excellently
2188 4092 3041 4140 witty scene. There was an envelope containing the
