3436 4352
820 237 1194 345 Zyklus
253 232 773 345 4.9. Anatol
308 472 1135 600 CASINOS IN OSTERREICH
396 576 1036 645 Baden / Salzburg Semmering
298 611 1140 679 Roulette Baccara Chemin de fer
304 686 1134 742 Österreichische Casino A. G.
304 728 1139 792 Wien III, Schwarzenbergplatz ha
303 841 788 943 „OBSERVER
549 900 1142 962 I. österr. behördlich konzessioniertes
546 949 1147 1002 Unternehmen für Zeitung, Ausschnitte
541 991 1150 1031 Wien 1, Wollzeile 11, Telephon R-23-0-43
304 1162 649 1227 Ausschnitt aus:
564 1460 932 1583 Der Vogel, en
474 1705 901 1791 Wien, 3. April 1935
453 1864 923 1984 Verteidigung
739 1974 1236 2088 des Separées
634 2070 1066 2168 Von Hans Bekessy
475 2228 1241 2304 Sicher war er der „Gelegenheits¬
423 2286 1241 2344 macherei schuldig, der Wirt von der
436 2333 1236 2391 „Grinzinger Weinstube in der Kärntner¬
436 2388 1241 2443 straße, dieser Herr Martha Schwertlein,
433 2431 1238 2485 dieser Herr Alois Muth senior samt seinem
433 2476 1238 2544 Sprößling und seinem Oberkellner, sicher¬
429 2521 1230 2584 lich haben sich in der geheimen Verhand¬
426 2577 1234 2638 lung erschreckliche Details über die Or¬
438 2621 1233 2681 gien in den Logen der „Grinzinger Wein¬
429 2668 1238 2721 stube herausgestellt, sonst wäre er ja
429 2723 1233 2774 nicht zu drei Monaten Arrest verurteilt
433 2766 1236 2816 worden, der Herr Senior mit seinem Ju¬
426 2814 1234 2870 nior und seinem Ober. Es liegt einem
429 2859 1230 2912 auch nichts ferner als ein gerichtliches Ur¬
433 2905 1233 2963 teil zu kritisieren, noch dazu ein Urteil,
429 2957 1233 3010 das nach geheimgeführter Verhandlung
433 3003 1226 3056 verkündet wurde, so daß man keines¬
433 3050 1226 3106 wegs feststellen kann, ob in der Wein¬
433 3101 1233 3150 stube des alten Weinhauers — die Familie
426 3148 1226 3196 Muth kennt jeder Wiener Heurigenügen
486 3191 1223 3252 nicht tatsächlich, wie es im Absatz a.
423 3240 1226 3298 des Strafgesetzparagraphen 512 30 schön
426 3286 1230 3340 heißt: „Schanddirnen zur Betreibung
429 3333 1230 3397 ihres unerlaubten Gewerbes ordentlicher
420 3383 1223 3439 Aufenthalt oder sonst Unterschleif ge¬
426 3429 779 3508 währt worden ist.
475 3482 1226 3536 Der Fall des Seniors und des Juniors und
429 3535 1226 3590 des Oberkellners, der übrigens auf den
426 3585 1226 3629 schönen Namen Selberherr hört, udre an
426 3625 1226 3689 sich auch nicht weiter belangvoll, wenn
426 3664 1230 3724 der aus dem Gefängnis vorgeführte Herr
426 3717 1230 3786 Muth nicht vorgebracht hätte, daß es
415 3770 1233 3840 schließlich „Logen in hunderten Lokalen
415 3813 1217 3887 gäbe, Logen mit und ohne Vorhang, ja
423 3869 1220 3922 daß man in eingeweihten Kreisen sogar
420 3916 1217 3967 von der Erfindung von Separées munkle
423 3955 1220 4014 und daß der Wirt bei bestem Willen
415 4005 1220 4075 nicht jedem Lohenpaar eine Gouvernante,
415 4058 1215 4112 nicht jedem Separéebesucher eine An¬
420 4106 1223 4161 standsdame beigeben könne. Hier näm¬
426 4152 1220 4202 lich wird der Fall zu einem Wiener „Be¬
1364 235 1721 336 box 9/5
