3344 4320
1120 179 1484 271 er über die kleine
505 192 830 266 draußen
861 218 1481 318 der Linie. Aber hinter dem
511 238 1483 355 steckt Neugierde, sie möchte wissen, wie man ihn
364 279 1475 405 dort liebte. Nicht viel berichtet er ihr denn es ist ein¬
371 329 1472 456 fältig, wenn man dabei die Stimme nicht hört. Aber
369 383 1462 494 abricie sieht nur, daß hier noch wahres Gefühl, in
358 428 1469 545 gebende Liebe zu finden ist. Sie spottet nicht mehr
355 477 1464 606 und statt eines aufdringlichen Geschenkes für sein Mädel,
347 517 1447 645 überreicht sie ihm Blumen. Das alles erzählt der Dich
346 575 1455 699 ter in flüssigem Dialog, in flüchtig hingeworfenen,
335 628 1452 755 manchmal fast hingehauchten Worten, so daß über den
340 679 1447 796 Ganzen eine eigenartige Stimmung lagert, eine
332 710 1447 846 Mischung von alt wienerischer Behaglichkeit und von
329 765 1447 896 Frivolität der modernen Großstadt. Bisweilen klingen
330 818 1445 933 skeptische Laune und leise Sentimentalität ein. Aber
335 868 1441 995 diese Stimmung wurde, trotz des schönen Straßenbildes,
319 908 1436 1047 durch das Spiel nicht genügend wiedergegeben; es bot
324 959 1430 1084 sozusagen nur die äußere Hülle, nicht die volle, warme
318 1014 1433 1142 Seele. — Hartlebens Lore" ist ebenfalls einem Jyklus
304 1056 1427 1185 entlehnt, den Befreiten. Das Stück enthält die dra¬
299 1106 1414 1240 matische „Geschichte vom abgerissenen Knopf, eine lustige
299 1160 1416 1296 Studentengeschichte. Der Hauptbeteiligte ist der Petter;
294 1218 1413 1338 er will die Lore offiziell als seine kleine Liebe annehmen,
301 1266 1408 1382 wenn — der ominöse Knopf endlich wieder angerüht ist.
288 1301 1413 1438 Vierzehn Tage hat er ihr Zeit gelassen, aber sie besteht
290 1350 1396 1484 natürlich die Probe nicht — ein schlimmes Zeichen für
280 1411 1391 1543 ihren Charakter. Und so zerschlägt sich wieder. Aber
229 1512 1350 1601 die drollige Lore findet Ersatz in dem über die Ver¬
241 1590 1350 1651 lobung seiner Dora eben noch untröstlichen Kleinen,
235 1640 1355 1701 Mit gleichen Füßen springt er aus dem Philistertum
238 1691 1346 1751 hinein in die Bohème. — Die Darstellung wurde im all¬
241 1738 1349 1797 gemeinen dem Dichter gerecht, besonders Frl. Alwine
238 1788 1349 1847 Müller als Lore wußte die feine Grenze zwischen drol¬
238 1835 1346 1895 ligem Mutwillen und frecher Ausgelassenheit mit größ¬
238 1886 1350 1944 tem Geschick innezuhalten. Wenn Herr Pleß als Fred
238 1931 1350 1995 etwas mehr Humor und innerlich leuchtende Fröhlichkeit
238 1989 1343 2039 verraten hätte, so wäre die Freude an den Gemütsver¬
238 2028 1339 2096 renkungen und Moralitätssprüngen der anderen noch
235 2076 1339 2140 größer gewesen. Hartlebens Satire ist fein, eine nur
235 2126 1333 2188 wenig ins Scherzhafte verschobene Darstellung der Wirk¬
449 2170 1344 2232 Der Satiriker des „Simplizissimus greift
235 2187 421 2251 lichkeit.
241 2224 1346 2291 fester, derber zu und scheut auch starke Verzerrungen im
235 2268 1343 2335 Bilde nicht. Das Drama ist nicht seine Stärke, die
238 2324 1341 2392 Linienführung darin oft starr; die Einfälle, wie auch in
237 2366 1344 2442 „Lottchens Geburtstag etwas breit ausgesponnen; aber
238 2425 1344 2481 die dramatische Schwäche wird durch den witzigen Dialog
245 2458 1343 2534 geschickt verborgen. Sexuelle Aufklärung ist das Thema,
234 2511 1336 2590 das gestern vor uns abgewickelt wurde. Dieses neu¬
235 2556 1343 2624 modisch pikante Motiv hat Thoma in den Rahmen des
245 2610 1344 2671 altriodischen Familien- und Professorenschwanks einge¬
241 2652 1347 2724 spannt. Die juristische ein kleinen Universitäts¬
241 2699 1343 2774 stadt, im praktischen Leben natürlich fabelhaft täppisch
235 2746 1333 2814 will seine nunmehr 20 jährige Tochter in gewisse Ding
235 2799 1349 2864 einweihen. Ein ebenso unpraktischer Privatdozent,
245 2858 1352 2927 Gratulant und stiller Brautwerber, wird statt Lottchen
245 2897 1338 2972 zum Objekt auserkoren. Die Situation wird ganz ver
241 2941 1339 3017 fahren, im letzten Augenblick aber gerettet durch das Ge¬
241 2994 1343 3065 burtstagskind. Als nämlich der freiwillig unfreiwillig
241 3046 1350 3110 Werber sich erklärt hat, beruhigt seine Braut alle An
248 3093 1349 3166 wesenden durch die Mitteilung, daß sie einen Hebammen
245 3154 1352 3210 kurs, ohne Wissen der Eltern — mitgemacht habe. — Da¬
248 3193 1350 3265 Stück wurde flott gespielt und löste fortwährend Lacher
248 3238 1357 3319 aus. Freilich hatte man öfters das Empfinden, als ol
245 3293 1352 3369 es mehr dem Stoff, als dem Künstler gelte. Alles in
245 3341 1350 3406 allem bedeutet die Aufführung der drei Einakter ein be¬
248 3392 1352 3459 trächtliches Zugeständnis an die herrschende Strömung
255 3434 1350 3517 Ob sie auch auf die Kasse den gehörigen Zug ausübten
254 3504 1355 3562 mochte man in Ansehung des Besuchs leise bezweifeln
1596 249 2142 374 19. Anatol
2246 263 2556 369 Zyklus
2712 265 3070 382 box 9/5
2048 1657 2564 1740 Kritiker
2212 1813 2374 1938 der
1729 2001 2978 2128 steter Fertiger
2162 2170 2461 2286 ber
1986 2314 2531 2472 a
