3248 4256
724 164 963 267 Zyklu-
44 166 539 277 4.9. Anato
636 227 727 280 .........
493 397 758 474 N DE DEBIT
285 496 500 571 Extrait de
626 479 1115 572 CINEMATOGRAPHIE FRANÇAISE
608 563 1127 644 2. R. de la COUR des NOUE
289 588 439 668 Adresse
281 682 396 771 Dule
615 666 1063 782 27 AOUT 1932
292 785 497 849 Signature
280 876 502 951 Position
260 1085 1154 1223 XXXXXXXXXXXXXXXXXX
336 1268 1084 1375 Idées sans suite ?
324 1378 1132 1451 Deux avants droit se rencontrent : — Vous
286 1445 1115 1493 avez vu le film présenté hier matin? — Oui.
289 1479 1121 1532 un peu lourd. — Il est public. Et du comique !
355 1515 1118 1581 Pas mon avis. Vieux trucs! — Je me suis
283 1554 1113 1618 amusé ; cet acteur, quelle verve! — Peuh, les
285 1592 1115 1658 deux rôles sont aussi importants l’un que l'au¬
283 1626 1112 1700 tre, mais les interprètes se forcent, le metteur
283 1679 1109 1733 en scène aussi. — Pas remarqué... Ah ! le dub¬
285 1708 1118 1780 bing, par exemple, n'est pas au point. — Quel
281 1751 1109 1809 dubbing? C'est un film français. — Vous cro¬
285 1789 1109 1847 vez?... Oh ! mais vous parlez de la présentation
278 1834 1112 1909 à Edouard-VII? Sur! — Oh! moi, j'étais à
278 1856 446 1919 l'Empire.
319 1906 1102 1981 Et supposez que le malentendu ait persiste !
313 1983 1102 2052 Les mots sont souvent mal employés. Ainsi,
271 2017 1104 2089 un journaliste part pour l'étranger, il étudie
277 2059 1099 2135 des mœurs, des caractères, tire des déductions,
272 2100 1102 2172 il fait ouvre de sociologue, parfois de philo¬
272 2147 1101 2203 sophe, et on l'appelle reporter un autre
272 2180 1099 2249 journaliste va voir des films, il en analyse le
274 2228 1099 2289 sujet; dit comment sont les décors, il énu¬
269 2261 1098 2322 mère les interprètes en ajoutant des épithètes
269 2300 1098 2385 à leur noms; il fait ouvre de reporter et on
271 2335 593 2407 l'appelle critique !
303 2397 1088 2485 Quand un critique écrit : « Ce film aurait
258 2460 1088 2522 pu être excellent », il croit le plus souvent
253 2505 1004 2577 adoucir un blâme, alors qu'il le renforce.
294 2560 1085 2641 Il nous arrive d'aller voir en séance publi¬
256 2621 1088 2679 que des films dont les titres nous sont incon¬
263 2660 1079 2712 nus et de nous trouver devant des bandes qui
260 2693 1081 2757 lors de leur présentation étaient intitulées au¬
258 2733 1084 2807 trement. Il faut éviter ça ou nous prévenir
247 2766 544 2834 du changement.
285 2840 1076 2910 Un critique dramatique qui exerce à la «té¬
252 2873 1068 2954 hesseff » (comme écrit M. Georges Duhamel)
250 2934 1073 2993 dit, en parlant d'Anatole, que l'auteur de cet
246 2971 1077 3037 ouvrage «Monsieur Arthur Schnitzler, est un
253 3009 1074 3067 écrivain qui, paraît-il, est fort connu à
242 3034 1071 3117 l’étrangers. Ainsi, voilà un orateur spécialisé
239 3084 1070 3156 dans le commentaire théâtral et qui ne sait
250 3128 1076 3187 pas la célébrité acquise en France par celui
241 3178 1062 3234 qui fit la Ronde; Schnitzler, qui fut joué plu¬
242 3207 1063 3268 sieurs fois par M. Antoine et dont le roman
236 3240 1062 3314 Thérèse a été traduit en français; Schnitzler,
236 3285 1065 3351 médecin, ami de Freud, etc. Ne daubons pas
235 3328 1065 3381 trop les critiques de cinéma ou plutôt ne
236 3367 1065 3448 crions pas à l’immense supériorité de ceux qui
231 3403 555 3468 étudient la scène.
272 3457 1059 3542 Voici que paraît le Vent, de Boris Lavre¬
228 3506 1059 3593 nieff, roman plein de vie et d'émotion; je le
233 3556 1056 3623 signale à ceux qui voudraient connaître le ro¬
230 3598 1052 3656 man qui a inspiré le film le Démon des Step¬
222 3644 1060 3712 pes. Ils y reverront l'extrordinaire aventure
225 3681 1060 3744 du matelot, chef de révolutionnaires, et de la
231 3715 1054 3789 jeune femme qui commande des pillards, ils
228 3762 1052 3825 y trouveront un dénouement vigoureux. La¬
225 3806 1046 3862 vrenieff est aussi l'auteur de Quarante et
224 3834 1060 3911 unième qui inspira un film vu à Paris et qui
227 3870 779 3952 fut traduit dans deux recueils.
749 3920 1010 3986 Lucien Wahl.
181 3986 1099 4095 mant 1910 de anfante donde
1167 170 1523 260 box 9/4
1522 688 2305 785 „OBSERVER
1606 785 2266 830 I. österr. behördl. konzessioniertes
1584 821 2303 898 Unternehmen für Zeitungs-Ausschnitte
1642 877 2224 963 WIEN, I., WOLLZEILE 11
1717 938 2172 1004 TELEPHON R-23-0-43
1520 1073 1880 1160 Ausschnitt aus:
1675 1282 2183 1365 E DE FRANCE,
1532 1304 1637 1357 von
1723 1351 2208 1436 26. Rud de Condé.
1936 1409 2186 1482 PARIS 6.
2422 1448 2668 1526 1-XI-1932
2421 1550 2952 1612 ins tous les bons romans
2421 1604 2951 1678 lères moyennes, on a l'im¬
2421 1653 2602 1725 à lu ça.
2469 1678 2871 1780 JOHN CHAREMIER.
1784 1770 2013 1828 THÉATRE
1720 1823 2954 1950 a donde, pues en i den in dem er die
1712 1903 1870 1975 l'Avenue.
1753 1964 2951 2044 Anatole, d'Arthur Schnitzler, me fut mis entre les mains en
1711 2022 2952 2083 1913 par P.-V. Stock, mon premier éditeur. C'était, je ne dis
1704 2078 2955 2139 pas cela parce qu'il m'éditait à l'époque, un homme qui ne
1714 2135 2955 2185 manquait point de goût littéraire. Il publiait les œuvres de
1708 2183 2949 2242 Huysmans, insi que les traductions de Tolstoi, et il avait
1704 2239 2959 2307 constitué cette bibliothèque cosmopolite, où parut Anatole, qui
1708 2291 2955 2349 répondait à une idée fort ingénieuse et ne manqua point d'uti¬
1704 2344 2955 2419 lité. Je dis tout cela pour expliquer que je faisais cas d'une
1708 2402 2951 2460 recommandation de cet éditeur. Je lus donc Anatole avec
1704 2458 2946 2516 application et déférence, et je dois dire que cette lecture ne
1706 2510 2951 2568 me donna pas l'envie de lire la Ronde, dont la traduction
1703 2561 2955 2618 venait d'être publiée un an plus tôt par le même éditeur. Voilà
1706 2624 2952 2697 comment j'ai manqué de connaître cet ouvrage vingt ans avant
1704 2669 2242 2743 sa représentation à Paris.
1753 2726 2949 2801 En 1912, la mode durait encore de présenter les livres sous
1708 2783 2938 2843 des couvertures illustrées. Celle de la Ronde avait été compo¬
1704 2841 2940 2902 sée par Maxime Dethomas. Les dix interlocuteurs des dialo¬
1704 2882 2951 2966 gues de Schnitzler y formaient une foule véhémente plutôt
1711 2945 2952 3002 qu'une ron de autour d'un socle sur lequel se dressait une
1704 3001 2951 3074 statue de l'Amour inspirée de Bouchardon: un amour de
1704 3046 1989 3118 Fête galante :
1897 3095 2757 3195 Le vent de l'autre nuit a jeté bas l'Amour
1908 3179 2758 3237 Qui dans le coin le plus mystérieux du Parc
1908 3226 2080 3292 Souriait.
1767 3285 2954 3362 On ne saurait imaginer combien M. Pitoeff a tiré à la Fête
1717 3353 2959 3425 galante en mettant la Ronde en scène, et il a eu raison. Il a
1717 3404 2960 3475 sorti de ce divertissement un peu démodé un spectacle qui
1720 3467 2948 3518 ne manque point d'actualité. L'observation que faisait Racine
1720 3514 2954 3575 dans la préface de Bajazet est toujours exacte et tellement
1717 3568 2955 3629 exacte qu'elle l'est même en sens contraire. Il voulait dire que
1714 3622 2951 3683 l'éloignement dans l'espace nous fait perdre la notion du
