3484 4352
1380 182 1745 286 box 8/4
861 200 1141 303 Zykle
274 200 902 310 4.9. Anatol
584 690 785 749 Seite 50
995 692 1305 749 Wien, Sonntag
537 766 1900 816 ganzes Leben um ihn trauern werde. Und das macht ihn uns so
530 811 1902 878 komisch — besonders wenn wir es gar nicht merken, daß wir auch
537 862 845 933 so sind wie er.
656 885 1902 966 Den vielseitigen, in seiner Eigenliebe so naiven Anatol und
537 955 1900 1014 den sich so klug gehabenden Max spielten mit bester Wirkung Herr
534 1010 1900 1060 Kramer und Herr Lackner. Für die verschiedenen Erscheinungs¬
537 1060 1900 1110 formen der edlen Weiblichkeit an Anatols Liebeshimmel konnte das
530 1108 1902 1165 Volkstheater gleich eine ganze Reihe von trefflichen Darstellerinnen
539 1157 1909 1213 vorführen. Fräulein Hannemann gab Cora in der „Frage an
537 1203 1900 1258 das Schicksal, Cora, der er der einzige war und geblieben ist, dem
542 1244 1902 1305 sie ihre Liebe geschenkt hat, und die er, von den Qualen der Eifer¬
549 1294 1916 1353 sucht gemartert, nachdem er sie in hypnotischen Schlaf versetzt hat,
537 1346 1914 1406 doch nicht nach ihrer Treue zu fragen wagt. Fräulein Reinau
537 1392 1912 1454 gab in den „Weihnachtseinkäufen" sehr chie und distinguiert die
539 1444 1914 1497 mondaine Dame, die sich bewußt ist, ebenso lieben zu können
537 1492 1909 1551 wie das füße Mädel, aber nur den Mut dazu nicht hat.
542 1535 1902 1599 Fräulein Müller spielte in der „Episode" die Bianca, derer
534 1585 1914 1646 einen so unauslöschlichen Eindruck gemacht hatte — und die ihn gar
530 1635 1909 1694 nicht wiedererkennt, da sie ihn unvermutet trifft. Frau Glöckner
537 1683 1905 1742 erweckte große Heiterkeit im „Abschiedssouper" als Annie, mit der er
537 1733 1905 1788 einen edlen Wettkampf aufführt an Zartgefühl und Brutalität, da
546 1785 1912 1845 es ans Scheiden geht; sie haben es sich ja versprochen, daß sie sich
539 1830 1902 1888 nicht betrügen werden, sondern jedes es ehrlich sagen will, wenn eine
539 1874 1900 1938 andere Liebe in ihm erwacht; nun will er ihr diese Eröffnung machen,
537 1928 1904 1981 aber sie kommt ihm zuvor, doch er kann sie übertrumpfen, er habe
546 1974 1905 2038 sie ja doch schon seit Wochen betrogen, nur hat sie freilich den letzten
542 2028 1912 2072 Trumpf, denn sie sei nur nicht so rücksichtslos gewesen, ihm das zu
546 2067 1912 2129 sagen. Und Fräulein Glafrés gab die Ilona in „Anatols
542 2119 1905 2174 Hochzeitsmorgen", die sich, nachdem sie in Unkenntnis der bevorstehenden
537 2170 1904 2224 Trauung die letzte Nacht vor Anatols Hochzeit mit ihm verbracht,
537 2217 1912 2281 damit trösten läßt, daß nicht sie die Betrogene ist, weil man zu ihr
539 2270 1423 2325 zurückkehren, die Gattin aber verlassen kann.
637 2298 1909 2370 Das Publikum unterhielt sich glänzend und zeichnete die Dar¬
530 2362 1573 2448 steller und den Dichter durch viele Hervorrufe aus.
1429 2394 1878 2504 Max Burckhard.
499 2456 709 2516 nigin.
1790 2463 1897 2522 de
1637 2491 1744 2566 le
504 2506 697 2580 Die
897 2508 1566 2623 Kleider machen Leute.
537 2592 1912 2668 Komische Oper in einem Vorspiel und drei Akten nach Gottfried Keller¬
530 2661 1914 2713 Novelle von Leo Feld. Musik von Alexander Zemlinsky. Erste
807 2704 1744 2756 Aufführung in der Volksoper am 2. Dezember.)
649 2740 1905 2816 Seit zehn Jahren ist Alexander Zemlinsky eine Hoffnung von
539 2806 1909 2859 Wien, aber eine unerfüllte. Als sein Erstling „Es war einmal in
546 2859 1909 2912 der Hofoper Anerkennung fand, hielt man ihn für „gemacht", aber
549 2912 1909 2966 seltsam: keine andere Bühne wollte diesen Erfolg ratifizieren. Sein
539 2952 1902 3012 zweites Werk, den „Traumgörg“ hat er, als die bequemen Sänger
539 2997 1914 3057 dawider streikten, zurückgezogen und seither in seinem Notenpulte
542 3053 1909 3109 schlummern lassen. Mit umso regerem Interesse sah man nun seiner
537 3098 1909 3157 neuen Oper entgegen, die ursprünglich in Stuttgart heraus sollte,
537 3148 1905 3205 bis der Komponist sich dafür entschied, sie unter seinen Augen, an
535 3195 1909 3255 der Stätte seiner gegenwärtigen Wirksamkeit vor die Rampe zu
537 3243 1914 3301 bringen. Hier hat diese seine Arbeit denn auch bei der Premiere
546 3296 1467 3350 einen lauten, äußern Triumph davongetragen.
661 3331 1909 3393 Das Libretto stammt aus der Feder Leo Felds, die dem
546 3382 1912 3444 Künstler auch schon den „Traumgörg“ geliefert hatte. Man kennt
542 3442 1911 3508 Gottfried Kellers köstliche Novelle von dem armen polnischen Schneider
546 3489 1907 3546 Strapinski, den dann ein lustiger Herrschaftskutscher auf der Land¬
549 3530 1902 3587 straße aufliest, ihn eine Strecke Weges fährt und im nächsten Gast
525 3573 1905 3635 haus den Wirtsleuten aufbindet, sein Fahrgast sei ein polnischen
551 3630 1912 3687 Graf. Ohne es zu wollen, wird das Schneiderlein in die neue Rolle
546 3671 1912 3733 gedrängt, die Honoratioren der Stadt bewerben sich um seine Gunst,
542 3720 1914 3782 Nettchen, die Tochter des Amtsrates, verlobt sich ihm. Aber die
551 3775 1912 3825 Eifersucht eines Nebenbuhlers erspürt sein Geheimnis und bringt es
551 3823 1912 3878 bei einer Lustbarkeit gar grausam an den Tag. Unter Spott und
549 3869 1916 3930 Hohn flieht der Armee in die kalte Winterlandschaft hinaus. Am
542 3918 1912 3983 Kreuzweg nach Seldwyla findet ihn die Braut, verzweifelt in den
554 3964 1921 4023 Schnee gesunken. Sie hebt ihn mitleidig auf und in einer langen
549 4019 1914 4071 Unterredung ringt sich in ihr der Entschluß los: wenn schon
542 4066 1914 4121 nicht Gräfin, so doch rechtschaffene Meisterin zu werden. Diesen
620 4109 1914 4172 ten Stoff hat Feld gewandt auf die Bühne gestellt, alle
1945 1757 3308 1838 der
1952 1819 3307 1881 lichen, Sorglosen des Biedermeiermiliens geht er aus dem Wege
1955 1869 3296 1935 greift das Sentimentale, Larmoyante, Unbefriedigte der Zeitepoch
1954 1917 3300 1974 begierig auf. Selbst wenn der hungerige Schneider sich an de
1955 1969 3305 2031 Pastete delektiert und in den entzücktesten Worten seine Gaumen
1952 2009 3303 2072 weide ausdrückt, verschmäht es die Musik, seine Wonne in Tönen zu
1957 2069 3305 2124 versinnlichen, sondern malt nur die Hast und Geschäftigkeit des
1957 2115 3303 2172 Essens. Wogegen er ganz in seinem Element ist, wenn es gilt, etw¬
1952 2155 3308 2231 die Stimmung der schönen Mondnacht in dem altertümlichen Städtcher
1955 2226 2954 2275 romantisch mit weichem Hörnerklange zu schildern.
2064 2238 3312 2319 Plato, glaube ich, hat einmal gesagt, es sei Sache eines und
1952 2300 3315 2363 desselben Mannes, die wahre Tragödie und die wahre Komödie zu
1961 2350 3315 2427 schreiben. Darnach würden wir von Zemlinsky auch schwerlich ein
1955 2399 3315 2473 musikalisches Trauerspiel zu erwarten haben. In der Tat ist seine
1952 2442 3310 2518 eigentliche Domäne, wie mir scheinen will, das Reich der gemischter
1961 2492 3310 2559 Empfindungen, und in dieser Richtung müßte auch der Stoff liegen
1955 2554 3317 2611 der ihm einmal den großen Treffer bringt. Rein musikalisch betrachtet,
1957 2603 3317 2664 darf Zemlinsky als ein Meister gelten, mit dem, wenn er anderswo
1961 2642 3315 2709 als in Wien lebte, gewiß viel mehr Wesens gemacht werden würde
1961 2689 3315 2752 Er gehört zu denen, denen es bitter ernst um ihre Kunst ist, er
1964 2742 3324 2809 schielt nicht nach dem Publikum, er ist wahr im Ausdruck, er ist ein
1952 2783 3312 2850 Künstler von Geist und Intelligenz, er kann ungewöhnlich viel, en
1957 2833 3315 2909 ist ein sehr interessanter Harmoniker und seine Musik besitzt unter
1954 2881 3317 2949 anderem die wertvolle Eigenschaft, daß sie bei wiederholtem Hören
1952 2938 3325 3002 bedeutend gewinnt. Umsoweniger sollte er nach komischen Stoffen
1961 2974 3320 3048 greifen, wo eine unmittelbare Wirkung auf den ersten Blick und
1961 3038 3322 3097 Horch benötigt wird. Eine Musik, die erst studiert sein will, ist hier
1961 3072 3324 3143 keineswegs am Platze, und über die Kürze, die bekanntlich des Witzes
1957 3122 3320 3198 Würze bildet, verfügt er nun einmal nicht. Es ist fast alles zu lang,
1957 3183 3322 3241 manches bis zur Unerträglichkeit und vieles gewiß bis zur Ab¬
1967 3220 3320 3291 schwächung des guten Eindruckes. Die Vorstellung währte von
1961 3274 3322 3331 Sieben bis ein viertel auf Elf, trotz ausgiebiger Striche, die
1966 3319 3317 3386 sogar viele wertvolle Seiten der Partitur nicht verschonten
1967 3363 3320 3439 Zur populären Wirkung, wie sie der Text ohne Zweifel erheischt, ge¬
1959 3410 3320 3484 hört aber auch ein Einschlag volkstümlicher Melodik, der Zemlinskys
1964 3461 3324 3532 aristokratische Individualität aber im weiten Bogen ausweicht.
1957 3504 3317 3577 Nettchen singt im zweiten Akt ein schönes Lied zum Klavier: „Lehn
1964 3558 3320 3627 deine Wang an meine Wang, aber behüte kein ins Ohr gehendes
1964 3615 3319 3682 Biedermeierstück, sondern ein Konzertlied im schwerblütigen, anachro¬
1959 3656 3319 3725 nistischen Schumannstil. Der Abschied der Liebenden ist sehr ausdrucks¬
1959 3699 3329 3776 voll, sehr innig deklamiert, aber das gemeinsame Gefühl könnte sich
1957 3751 3324 3821 nur in einer behaltbaren Melodie befriedigen. Sogar einen Stich
1961 3799 3320 3871 ins Triviale dürfte sie haben, wenn sie nur der Wärme und Sim¬
1964 3845 3327 3923 plizität nicht entbehrte. Es gibt Situationen im Menschenleben, wo
1961 3899 3327 3961 einem nichts übrig bleibt, als sich der Wendungen zu bedienen, die
1961 3945 3329 4016 dem Empfinden den natürlichsten, einfachsten Ausdruck geben, die
1969 3997 3322 4062 infolge dessen schon unzählige Male gebraucht wurden, wo der Ver¬
1969 4041 3329 4124 such, einen originellen, aparten Ausdruck dafür zu finden, schon als
1964 4100 3329 4157 affektierte Unnatur anmutet. Zemlinskys Musik klingt oft gerade
2616 4136 3212 4208 .
