3392 4320
275 232 1102 332 4.9. Anatol - Zyk
393 1704 1155 1815 Anatol in den Kammerfielen.
351 1772 1155 1853 Fünf Einakter von Arthur Schnitzler.
345 1844 1205 1928 Anatol, der elegante sunge Wiener Ala
333 1926 1207 1978 mag jetzt ein ehrbarer älterer Herr so End¬
343 1957 1200 2005 Fünfzig sei. Er hat eine Glatze, ein Bäuch¬
333 1996 1201 2061 und vielleicht ist er sogar schon Großpopa. Es
333 2047 1204 2105 spricht von Valuten, von seinem Gesundheitszu¬
337 2092 1212 2166 stand, und im Sommer geht er nach Karlsbad
333 2135 1204 2196 wegen der Gallensteine. Manchmal entsinnt er
333 2175 1204 2242 sich der Jugendjahre, damals um 1890, als er
336 2229 1212 2283 noch mit Freund Max — was ist aus dem ge¬
331 2270 1197 2323 worden? — über Frauenaffären zu plaudern
337 2305 1200 2366 pflegte, als er, ins Leben verliebt, um einen
334 2353 1200 2413 Mädchennacken, einen blonden Kopf, in Lachen,
322 2402 1205 2457 ein zärtliches Wort in Entzücken geraten konnte,
322 2439 1200 2497 Damals, wo er mit Cora, Gabriele, Annie, Bianca,
322 2488 1204 2541 Ilona glücklich war. Wo seid ihr alle? Seid ihr
319 2520 1193 2589 alt geworden, gleich in seid ihr verschollen, tot?
382 2575 1210 2624 Anatols Welt ist nicht mehr: Nicht die leicht¬
334 2613 1202 2668 herzigen, daseinsberauschten jungen Leute eines
325 2662 1200 2722 entschwundenen Wien und nicht die süßen Mädeln
326 2699 1195 2765 gibt es — all das ist auf immer versunken.
325 2744 1188 2805 Schnitzlers anmutige Dichtung ist Reminiscenz.
379 2787 1195 2840 In den Kammerspielen wurde sie aufgericht:
325 2822 1199 2887 Man spürte ein wenig Staub, ein wenig Vergilb¬
321 2872 1195 2947 heit, ein Hauch von Wehmut umwitterte das
324 2904 455 2986 Gange.
369 2939 1195 3027 Anton Edthofer lieh dem Anatol char¬
322 3012 1196 3070 mante Frivolität, Thiemig war als Räsonneur
319 3051 1188 3102 Max etwas zu trocken, um einen Grad zu schwer¬
310 3096 1197 3149 blütig, man möchte fast sagen, zu nordisch. Erika
381 3138 1195 3201 Theilmanns Cora: niedlich; Lina
313 3187 1188 3238 Lossen Gabriele: melancholisch frauenhaft.
303 3226 1188 3286 Margarete Christians Annie: sehr echt, sehr
309 3262 1185 3321 lebendig im Tonfall, in Bewegungen abgerundet,
310 3311 1186 3361 wirklich. Margarete v. Bukowicz als Bianca,
310 3355 1183 3422 Fräulein Arbenia als Ilona, beide achtung¬
306 3390 488 3466 gebietend.
1045 3402 1156 3474 Br.
1393 219 1756 305 box 9/3
1301 686 2133 878 Klose & Seidel
1357 865 2111 962 Bureau für Zeitungsausschnitte
1349 935 2101 1012 Berlin 10. 43, Georgenkirchplatz 21
1310 1154 2141 1249 Zeitung: Berl. Zeitung am Mittag
1874 1238 2090 1337 Berlin
1310 1253 1414 1340 Ort:
1304 1364 1607 1455 Datum:
1858 1378 2143 1506 1922
1346 1545 1940 1637 „Anatol in den
1556 1641 2138 1759 Kammerspielen.
1343 1733 2154 1816 Sieben Dialoge umfaßt Schnitzlers Anatol.
1312 1783 2155 1858 Fünf der sieben geben die Kammerspiele, die
1309 1847 2156 1905 gestern eine Neueinstudierung gebracht haben. Es
1313 1876 2159 1934 fehlen nur „Denksteine“ und „Agonie". Regisseur
1316 1923 2155 1996 ist Dr. Iwan Schmith, der zusammen mit dem
1300 1956 2155 2036 Maler Heartfiel einen farbenhellen, szenischen
1310 2007 2153 2071 Rahmen geschaffen hat. Abgestimmte Bunthe
1303 2054 2153 2110 der Gardinen, Divan, Kissen, Wände. Das
1300 2090 2142 2156 hübscheste Bild ist das der „Weihnachtseinkäufe:
1300 2138 2154 2203 die Straße in Wien mit den beleuchteten Schau¬
1298 2186 2144 2248 fenstern. Ein geschlossenes Kino, in dem ein
1297 2229 2143 2294 Film „Flammen der Liebe gespielt wird, anachro¬
1291 2272 2143 2342 nistisch wie Pyjama und Autohupe im „Hochzeits¬
1295 2315 2128 2376 morgen. Denn, erinnern wir uns, der „Anatol¬
1288 2355 2143 2433 ist 1892 geschrieben, als man nur von Beiseln,
1292 2403 2072 2456 Herrennachthemden und Fiakern gewußt hat.
1352 2440 2148 2509 Die beiden Freunde, die durch alle die kleinen
1283 2476 2135 2537 Stücke gehen, sind Herr Edhofer und Herr
1283 2521 2135 2589 Thimig. Edthofer ist der Anatol, der psycho¬
1288 2562 2133 2627 logisch aufgemachte Wiener Bonvivant. Aber er
1283 2601 2116 2654 ist nicht ganz der „leichtsinnige Melancholiker
1280 2640 2132 2698 der tändelnde Genießer. Mehr ein sachter und
1277 2688 2134 2744 ernsthafter Ironiker, der zu sehr schon den
1276 2718 2126 2781 Katzenjammer des immer Enttäuschten und Ge¬
1280 2762 2126 2813 narrten zeigt. Im übrigen von besten Manieren,
1279 2798 2122 2860 leise redend, schmöchtig und spitz, Herr Thimig
1280 2830 2126 2896 ist neben ihm der breitschultrige, Vollblütig¬
1279 2870 2122 2935 gesunde. Der Raisonneur Max, der nicht immer
1274 2917 2121 2969 philosophisch passiv ist (die Philosophie ange¬
1270 2950 2121 3011 deutet durch eine gelehrte Brille). Die gute
1273 2984 2121 3067 Laune Thimige hilft jeder der Szenen kräftig
1274 3024 1365 3088 nach.
1334 3047 2114 3132 Fünf Damen sind aufgeboten. Nett und frisch
1263 3089 2122 3166 das junge Fräulein von Thellmann, voll
1273 3140 2114 3206 seiner Anmut Fräulein Lossen in den „Weih¬
1263 3187 2111 3245 nachtseinkäufen, lustig auch Frau von Bu¬
1268 3217 2109 3274 kovics in Episode", rassig, in lauter Gold¬
1267 3259 2116 3323 spitzen, das schwarze Fräulein Arbenina.
1263 3294 2111 3361 Und dann die Annie im „Abschiedssouper: Fräu¬
1262 3340 2111 3396 lein Christians die nochmals beweist, was
1263 3371 2101 3436 für eine perfekte Schauspielerin sie hier geworden
1268 3414 2105 3470 ist. Sie plaudert das geläufigste Wienerisch,
1258 3454 2101 3509 wenn auch ohne die Naturtöne der Niese. Und
1253 3491 2105 3548 obzwar sie mehr sweet girl als füßes Mädel ist,
1263 3528 2099 3599 erfreut sie durch ihren Charme und ihre Leben¬
1252 3560 1386 3636 digkeit.
1948 3575 2071 3637 P. W.
2366 540 3022 701 Klose & Seidel
2418 679 2987 751 Bureau für Zeitungsausschnitte
2367 725 3032 825 Berlin NO. 43, Georgenkirchplatz 21
2334 902 3060 985 Zeitung: Deutsche Allgem. Zeitung
2657 962 2804 1030 Berlin
2343 974 2459 1052 Ort:
2336 1040 3061 1125 Datum
2605 1081 2964 1170 JAN 19
2647 1376 2996 1477 Anatol"
2489 1447 3210 1544 in den Kammerspielen.
2476 1519 3289 1607 Schnitzlers „Anatol" soll, wie hie und da
2424 1583 3287 1635 immer noch versichert wird, ein nachdenklich¬
2420 1620 3284 1678 melancholisches Stück, voller Halbschatten und
2418 1662 3288 1729 Halblichter sein, der Ausdruck einer Trauer
2418 1707 3289 1764 über die Vergänglichkeit aller Dinge, über die
2420 1761 3286 1812 Wesenlosigkeit aller menschlichen Beziehungen,
2420 1793 3289 1847 über die Einsamkeit des einzelnen, der ein mit
2417 1831 3288 1891 Erinnerungen belastetes Leben mit sich herum¬
2414 1875 3284 1937 trage, ohne je wahrhaft mit anderen Menschen
2412 1929 2780 1989 verbunden zu sein.
2486 1956 3284 2027 Wie man das je in dieses Werk hineinlesen
2412 2014 3288 2070 konnte, ist unerfindlich, ebenso unerfindlich,
2412 2059 3288 2116 w. an darin den Abglanz einer reifen und
2412 2115 3291 2156 müden Kultur sehen konnte. Auch von irgend¬
2418 2142 3288 2197 einem Raffinement, irgendeiner Dekadence¬
2424 2196 3289 2250 stimmung ist nichts zu spüren. Was sich vor
2415 2228 3288 2281 uns abspielt, ist das trotz alles äußeren Fir¬
2418 2270 3289 2326 nisses recht robuste und völlig uninteressante
2412 2315 3288 2365 Liebesleben einer jugendlichen Spießerseele, die
2420 2364 3286 2413 ihre herzlich belanglosen Abenteuer selbst¬
2420 2399 3288 2458 gefällig überschätzt. Alle Probleme werden mit
2420 2446 3289 2497 der vornehm sein sollenden Handbewegung
2420 2485 3284 2548 pseudogeistiger Spielerei beiseite geschoben oder
2419 2527 3289 2582 mit schwermütig=verlogenen Redensarten zer¬
2418 2574 3283 2624 redet, die der Philosophie eines weltschmerz¬
2418 2615 3292 2667 lichen aber nichtsdestoweniger genießerischen
2412 2657 3284 2715 Lebejünglings entstammen könnten. Was
2427 2701 3286 2755 sollen uns diese Bonmots von vorgestern?
2418 2741 3288 2794 Die ehedem vielgerühmte Grazie dieses Stückes
2418 2788 3288 2842 dünkt uns heute ein leere Geste, die uns nur
3119 2825 3290 2886 pärlichen
2818 2830 2945 2894 Einzig
2420 2830 2737 2892 noch langweilt.
2424 2862 3284 2927 possenhaften Momente interessieren einen
2430 2914 3284 2978 flüchtig: sie sind doch wenigstens richtiges
2411 2960 2620 3031 „Theater“.
2482 2996 3292 3068 Die Aufführung vermochte diese Langeweile
2420 3047 3289 3104 nicht zu bannen. Anton Edthofer hätte den
2418 3093 3289 3147 Anatol weicher, raffinierter, stimmungshafter
2418 3138 3286 3192 spielen müssen, um über die innere Bedeu¬
2415 3180 3289 3235 tungslosigkeit seiner Rolle hinwegzutäuschen;
2415 3224 3289 3282 er gab nicht mehr, als der Dichter gegeben hat,
2417 3265 3289 3319 — und das ist in diesem Falle zu wenig. Aus¬
2409 3312 3282 3369 gezeichnet war der Max Hermann Thimigs:
2415 3352 3284 3401 ein unsterblicher Typus, eine blonde, unbedenk¬
2415 3392 3284 3452 liche Mittelmäßigkeit, die sich behaglich ge¬
2415 3437 3284 3489 nießend im Leben zurechtfindet. Margarethe
2412 3487 3282 3534 Christians herzhafte Annie und Stella Arbei¬
2406 3527 3279 3571 nas temperamentvolle Ilona waren aner¬
2409 3559 3282 3623 kennenswerte Leistungen. Die übrigen fanden
2415 3607 3288 3683 sich, so gut es ging, mit ihren Aufgaben ab.
