3484 4256
298 154 620 253 4.9. An
707 154 830 229 1
1408 150 1769 247 box 9/2
707 163 1213 263 Zyklu-
1133 1098 1400 1179 24 MRZ 1917
910 1159 1631 1268 Esterreichische Land-Zeitung, Krems
661 1200 887 1421 .
1471 1362 1857 1451 .
882 1463 1749 1585 Theater und Musik.
904 1593 1692 1672 Stadttheater Krems an der Donau.
997 1648 1604 1729 Direktion: August Orthaber.
748 1714 1852 1801 Sonntag, den 14. März 1917: Gastspiel Paula
731 1757 1850 1850 Dürr, Neue Wiener Bühne, Max Höller, Kurt La¬
736 1815 1850 1898 batt, Ludwig Pongraz, sämtliche vom Deutschen
737 1854 1843 1951 Volkstheater in Wien. Künstlerische Leitung Max
729 1913 1854 1992 Höller. „Anatol", drei Akte von Arthur Schnitzler.
730 1971 1840 2056 1. Episode, 2. Abschiedssouper, 3. Anatols Hochzeits¬
727 2005 908 2080 norgen.
799 2069 1850 2155 du mein lieber Anatol! Das hättest du dir beileibe nicht
731 2111 1846 2197 träumen lassen, als du dem Dichterhaupte deines Erzeugers
731 2159 1845 2232 entsprangest, daß man dich einmal auf dem Theaterzettel als
733 2198 1838 2273 größten Lacherfolg ausschreien, mithin zu einer Art Schmal¬
733 2236 1829 2312 figur machen würde. Aber gräme dich deswegen nicht
726 2281 1842 2347 und trage die Last deines Narrentums zusamt dem Korn Wahr¬
722 2304 1835 2379 heit, das in der Anpreisung steckt, mit der Würde deines Nicht¬
724 2350 1835 2426 durchbohrenden Gefühles. Es hat sich eben wieder einmal
726 2392 1839 2465 bewährt: was kein Verstand der Verständigen sieht, das sieht
724 2434 1828 2506 im Werbedrang das unentwegt dem Erfolge nachgrübelnde Ge¬
726 2475 1835 2544 müt eines ringenden Theaterdirektors. Und in der Tat! Es
726 2507 1830 2581 kommt die nur zugute, daß du zur Heiterkeit Anlaß gibt. Denn
722 2546 1822 2617 steckte nicht wirklich ein Stück liebenswürdigen Wurstels in
712 2586 1826 2662 dir, so wärest du, mein Wort darauf, ein ganz unerträglicher
720 2628 1832 2705 zuwiderer Kerl, über dessen nichtsnutzige Drohnennatur man
717 2676 1829 2739 alle Ursache hätte, sich weidlich zu ärgern. So aber verzeiht
710 2715 1823 2788 man die sogar deinen Ehrgeiz, als richtiger Phäakenjüngling
710 2749 1821 2816 gelten zu wollen, verzeiht dir, daß du den Anspruch darauf
715 2792 1825 2857 erhebt, dein mit einem Spritzer semitischen Blutes vermischtes
715 2820 1832 2897 Wienertum als echt anerkannt zu wissen. Nein, Verehrtester!
703 2857 1822 2942 Dieses dein überqualliges, geschniegeltes und gebügeltes Wie¬
703 2917 1816 2982 nertum ist unecht. Und wenn man es auch angehen läßt und
709 2945 1822 3012 allen Splitterrichtern und Moralbonzen zum Trotz, beide Augen
703 2984 1825 3057 darüber zudrückt, so hast du es lediglich deinem bühnenkundigen
699 3034 1819 3088 Vater zu verdanken, der deine sittlichen Mängel und bürger¬
698 3057 1815 3130 lichen Unzulänglichkeiten mit so viel vorsichtiger Komik und
703 3106 1811 3168 überwältigender Ironie zu verbrämen verstand, daß man dich
700 3146 1816 3216 nicht bloß duldet, sondern uns dein eigenartig nüchtern drol¬
700 3178 1818 3250 liges Wesen manchmal sogar wirklich heimisch anmutet. Und
700 3217 1811 3292 so gehst du denn, teuerster Anatol, durch deine fünf Akte. Sie
692 3265 1821 3342 machten deinen Namen typisch und krönten damit deine unzäh¬
1905 1484 3024 1555 ligen, die leidende und robotende Menschheit belastenden Gleich¬
1911 1544 3022 1606 artigen. So viele Anatols herumlungern, so viele Ungereimt¬
1908 1575 3019 1638 heiten! Vielleicht aber kuriert euch der Schützengraben und
1903 1612 3019 1686 bringt euch die Zeit der furchtbarsten Völkernot, der gewaltig¬
1913 1654 3025 1724 sten Krafterhebung zum Bewußtsein eures besseren Menschen¬
1898 1711 3021 1760 tumes. Vielleicht, aber nicht wahrscheinlich. Euer Luderleben
1901 1728 3007 1805 wurde zum System und es ist zwar kein Trost, aber Gesetz
1905 1779 3018 1842 es muß auch solche Käuze geben. Vagabunden der Gesinnung
1898 1822 3011 1882 und Liebe, Diebe der Zeit, Strolche des Wohllebens, Popanze
1898 1852 3011 1923 des Geistes und der Gebärde, allesamt geschaffen zur Erheite¬
1908 1899 3012 1953 rung oder Abschreckung, je nach der Sonderartung des eurer
1902 1930 3011 1995 Sippschaft zugehörigen Einzelgeschöpfes. Dein dich an Verstand
1894 1975 3011 2042 und Lebensphilosophie überragender Freund und Berater Max
1902 2009 3018 2079 ist Blut von deinem Blute und Geist von deinem Geiste, nicht
1892 2058 3011 2115 mehr und nicht weniger. So wie er einmal Anatol war, so
1896 2092 3011 2155 wirch du dereinst Max sein. Und deine süßen Mädels, die deiner
1894 2137 3017 2186 verbummelten Existenz Zweck und Endziel bedeuten, gehören so
1896 2174 3007 2231 zu die, wie du zu ihnen. Futter, Futter für Hirn, Rückgrat
1887 2221 3007 2263 und Magen! Eins verzehrt das andere! Es ist ein gegensei¬
1889 2247 3005 2319 tiges, mit Gelächter und Tränen gewürztes Auffressen. Von
1891 2282 3007 2344 den fünf „Anatol“ betitelten Einaktern haben sich zwei, als
1882 2318 3001 2393 die Sittlichkeit allzu gefährdend, nur selten vor das Rampenlicht
1891 2361 2996 2431 gewagt. Die drei anderen, Episode, das Abschiedssouper und
1887 2405 3007 2464 Anatols Hochzeitsmorgen, eroberten sich nachgerade alle besse¬
1887 2447 2998 2511 ren, leistungsfähigen Bühnen. Und zwar mit Recht. Sie sind
1884 2479 3000 2544 besonders sein in der Auffassung, diskret im Humor und triefen
1880 2516 2996 2589 von guter Laune. Ihr Witz ist ein Spiel zwischen Ironie und
1884 2556 2996 2629 Satyre. Die hiesige Aufführung entsprach allen guten Erwar¬
1882 2600 2993 2673 tungen. Ein famoses Zusammenhalten, sowie ein flottes Tempo
1884 2646 2994 2706 zeichnete sie aus. Herrn Kurt Labatts Anatol war eine sehr
1875 2685 2993 2739 anerkennenswerte Leistung von geistvoller Eindringlichkeit. Sie
1877 2715 2993 2786 bezeugte die große Auffassungsfähigkeit und bedeutende Dar¬
1887 2758 2975 2819 stellungskraft des jungen Künstlers. Durch den Max des Herr
1880 2796 2982 2866 Max Höller schlug die ironische Weisheit des welterfahrenen
1882 2836 2975 2903 Freundes und Sündengenossen durch, der nicht bessern, nur be¬
1874 2878 2980 2944 schwichtigen will. Und Paula Dürr, in der Rolle des jewei¬
1868 2918 2980 2982 ligen süßen Mädels, war voller bezwingender Anmut und ent¬
1868 2962 2984 3025 zückend schalkhafter Komik. Selbst ihre geschmackvolle Art, sich
1871 3003 2987 3063 zu kleiden, fiel angenehm auf. Endlich Ludwig Pongraz
1868 3048 2987 3102 als Kellner und Diener! Nie wurden sie eleganter und doch un¬
1866 3071 2983 3140 auffälliger gemimt. Der Beifall des ausverkauften Hauses
1868 3112 2976 3182 überbot den vorweg dem Publikum aufoktroyirten Lacherfolg
1866 3151 2976 3209 Man war des Lobes voll und ging mit dem angenehmen Be¬
1857 3194 2983 3262 wußtsein nachhause, wieder einmal gutes, vollgültiges Theater
1860 3227 2167 3295 gehört zu haben.
2315 3267 2939 3369 Hermine v. Kolloden.
