3392 4256
1343 164 1712 262 box 8/6
224 164 1151 265 4.9. Anatol - Zyklu-
155 877 249 962 53
142 1006 312 1088 m. s.
590 1637 3125 1697 Wie schon angedeutet, war der Einakter falsch besetzt. Das lichkeit führt dann zu einem ebenso komischen wie für die Be¬
142 1646 293 1731 fuhe.
1842 1694 3132 1750 teiligten peinlichen Auftritt mit dem gleichgearteten Bräutigam
517 1684 1791 1744 Stück braucht, um wirken zu können, das warme Kolorit der
142 1712 391 1791 seinkäufe
1832 1738 3125 1788 in spe, dem Privadozenten Dr. Appell, den der besorgte Vater
508 1728 1798 1785 Wiener Sprache, denn nur in Wien u. nur in dieser Sprache können
139 1750 460 1845 ma: „Lottchens
1842 1772 3125 1829 gleichfalls „aufzuklären“ für seine Pflicht hält. Schließlich aber
501 1782 1791 1826 ein Herr und eine Dame der großen Welt so offen, so leicht und
1839 1823 3119 1870 löst sich alles in Wohlgefallen, in einer Verlobung auf, und dem
501 1820 1794 1873 doch so ernst über dieses nicht salonmäßige Thema plaudern.
1839 1864 3122 1924 Professor fällt ein Stein vom Herzen, als seine Tochter mit dem
511 1867 1788 1917 Herr Baumbach, der den Anatol gab, bemühte sich zwar
142 1851 460 1927 dem feierlicheren
1839 1914 3129 1971 gesunden Freimut eines modernen Mädchens erklärt, daß sie
511 1908 1791 1968 wegnerisch zu sprechen, aber es gelang ihm nicht; Frl. Noor¬
148 1921 464 1981 tten sich gestern
1839 1949 2797 2012 heimlich einen Hebammenkurs mitgemacht habe.
514 1955 1791 2003 man verzichtete als junge Frau ganz darauf. So wurde das
151 1962 464 2028 er, Otto Erich
517 1999 1794 2053 feine Zwiegespräch seines wahren Charakters entkleidet und er¬
1924 1984 3122 2056 Gegen die vorhergegangenen dichterisch feinen Stücke wirkte
196 2003 460 2063 Waffen, die
508 2037 1791 2094 zielte darum nicht die Wirkung, die es eigentlich verdient hätte.
1835 2050 3119 2104 „Lottchens Geburtstag“ derb und plump. Trotzdem brachte es
224 2050 464 2107 waren nicht
508 2088 1788 2141 Der Einakter schrie ja förmlich nach Frau Ermarth und Herrn
1832 2091 3116 2148 dem Verfasser den stärksten Erfolg des Abends ein, denn Ludwig
161 2094 464 2154 urzem Einakter
511 2132 1785 2179 Herz. Wenn diese bei auch am Dienstag die Penthesilea und
1832 2141 3116 2189 Thoma kennt sein Publikum. Das Stück streift oft hart an die
199 2141 464 2201 kam infolge
511 2173 1785 2223 den Achill spielen müssen, dies kurze Zwiegespräch hätten sie ge¬
1835 2186 3116 2230 Grenze dessen, was auf einer guten Bühne gesagt oder angedeutet
208 2179 460 2242 Es gab aus
508 2217 1791 2271 wiß auch bewältigen können. Oder man hätte die Aufführung
1832 2223 3116 2271 werden darf. Das halb enthüllte Pikante reizt und wirkt und
218 2223 460 2286 Zwiegespräch
508 2261 1785 2318 besser auf später verschieben sollen, lieber als daß man das graziöse
1832 2274 3122 2321 darauf hat Thoma in der Hauptsache spekuliert. Der Dialog ist
211 2271 460 2327 treffen sich
511 2305 905 2375 Stückchen totspielte.
1835 2315 3116 2368 mit raffiniertem Geschick bis an die entscheidenden Worte geführt,
211 2315 467 2375 und ein Herr
1839 2359 3119 2413 gesagt werden sie aber nicht, nur in die Ohren getuschelt oder
218 2356 467 2413 en heimeilen
571 2337 1798 2416 Ein Stück aus Otto Erich Hartlebens „Studentenpoesie" kam
1839 2397 3119 2454 in letzter Verlegenheit unterdrückt, aber so, daß sie der Hörer
227 2406 464 2473 inem Mädel
505 2397 1788 2454 dann an die Reihe. Nach dem lieben süßen Wiener Mädel das
237 2444 454 2501 das Ge¬
1839 2444 3113 2498 erraten muß. Darauf beruht der Lacherfolg von Thomas Ein¬
511 2441 1785 2495 waschechte mund= und schlagfertige Berliner „Verhältnis“, die be¬
249 2488 460 2545 des unver¬
1832 2482 3116 2545 akter, der, wie angedeutet, ein Meisterwerk geschickter Theater¬
511 2491 1801 2551 rühmte Lore, um deren Gestalt der ewige Student Otto Erich
1839 2532 3106 2589 mache ist. Die Gestalten sind auch nach dem Geschmack de
240 2529 467 2589 del". Mit
508 2532 1791 2586 einen Kranz seiner schönsten Gedichte geschlungen hat. Der Ein¬
1842 2573 3116 2633 Publikums gezeichet. Vor allem der Professor Giselius, der ge¬
233 2570 460 2633 hochmütigem
508 2573 1785 2627 akter „Lore" ist die dramatisierte Geschichte vom abgerissenen
1832 2624 3116 2671 nau so aussieht, wie das Bild, das sich die große Masse von einem
221 2624 464 2681 Forstadtliebe,
511 2624 1776 2674 Knopf, die ja wohl jeder Gebildete wie den „Gastfreien Pastor
1835 2668 3116 2715 verdrehten Universitätsprofessor macht, nach den Witzen der
243 2665 454 2719 am bei der
501 2662 1791 2715 einmal gelesen hat. Die Aufführung war vorzüglich. Schon die
246 2706 467 2766 hr einstiger
1832 2709 3116 2760 „Fliegenden Blätter“ und des „Simplizissimus". Herr Dapper
508 2712 1788 2760 Einrichtung der möblierten Studentenbude war köstlich stilgerecht.
1839 2750 3116 2804 gab dann die Figur noch um einige Grade derber und ein¬
249 2750 454 2807 andnis da¬
511 2753 1785 2801 Ausgezeichnet in Sprache und Stil war Herr Hugo Höcker als
1842 2794 3135 2845 fältiger, sodaß der Titel „Kapazität", mit dem der Professor von
249 2791 457 2854 Verhältnis
517 2797 1769 2851 steifleinener Vetter, der das Sein oder Nichtsein eines „soliden
249 2842 467 2898 Sie hatte
1845 2838 3119 2898 seiner Umgebung öfters belegt wurde, auf diesen Mann wirklich
501 2845 1785 2892 Verhältnisses auf einen anzunahenden Blusenknopf gründet. Von
1835 2883 3110 2942 nicht paßte. Die Gestalt hätte bedeutend seiner und distinguierten
243 2879 464 2942 Mädel zu
501 2886 1782 2936 erfrischender Echtheit, Anmut und Natürlichkeit war die Lon¬
1839 2927 3113 2974 gegeben werden sollen. Das gleiche gilt von dem Privatdozenten
249 2930 460 2983 daran, daß
508 2930 1785 2977 des Frl. Müller. Den Höhepunkt erreichte ihr Spiel, als
1835 2971 3116 3021 des Herrn Rex, der so unscheinbar und kümmerlich war, wie ein
249 2974 460 3028 nach Hause.
514 2974 1791 3028 sie dem entrüsteten Vetter auseinandersetzte, es sei besser, ein
1839 3009 3116 3065 verhungerter Dorfschullehrer, auch natürlich nur nach dem Bilde
268 3015 460 3078 schlossen
501 3015 1785 3072 Knopf sei los, als eine — Schraube. Gut waren dann auch Herr
1832 3059 3116 3116 der Witzblätter. Gut war die Professorin der Frau Pix, die
268 3059 457 3132 ein Mädel
508 3065 1593 3122 Krones als „der Kleine“ und Herr Pleß als Fred.
1832 3097 3113 3154 auch von dem Dichter zu gewöhnlich gezeichnet ist. Vortrefflich
587 3106 1798 3170 Den Schluß des Abends bildete Ludwig Thomas erst
1832 3147 3110 3204 hat Frau Frauendorfer die kleine Rolle der Cölestine durch¬
278 3132 464 3217 Frau, die
511 3154 1785 3211 vor kurzem bei Langen erschienenes Lustspiel „Lottchens Ge¬
1842 3192 3116 3252 geführt, wie Frl. Holm die der Lotte. Nicht unerwähnt darf auch
284 3195 460 3267 dazu nicht
501 3201 1785 3252 burtstag“. Es soll eine Satire auf das Problem der
1829 3233 2924 3305 das famose Dienstmädchen von Frl. Genter bleiben.
511 3242 1788 3305 sexuellen Aufklärung sein. Der welt= und menschenfremde Uni¬
1917 3261 3116 3337 Es ist mir völlig unbegreiflich, wie Eltern Kinder
505 3289 1794 3340 versitäts=Prosessor Giselius hat es sich in den Kopf gesetzt, seine
293 3267 464 3349 liegt in
1826 3321 3106 3381 in solche Stücke schicken können, ohne sich vorher über
505 3337 1788 3384 Tochter Lotte an ihrem zwanzigsten Geburtstag in die Geheim¬
259 3330 464 3406 natal dem
1820 3365 3110 3450 deren Inhalt zu vergewissern. Jede Zeitungsredaktion und die¬
501 3378 1791 3444 nisse der Ehe einzuweihen. Seine Verschrobenheit und Ungeschick¬
