3484 4256
461 115 1325 207 de
380 172 1322 274 Deutsche Volkstheater aus den sieben
433 235 1324 313 ken gewählt hatte nicht jene große
412 300 1328 379 Virkungen, deren sie vor Jahr und Tag
383 356 1330 442 sich gewesen wären. Dennoch konnte
397 407 1337 490 Dichter an seinem Erstlingswerke noch
380 472 1327 548 helle Freude erleben. Man gab: „Die
382 536 1330 611 Frage an das Schicksal, Weihnachtsein¬
380 586 1333 662 käufe, Abschiedssouper, „Episode und
385 636 1291 722 „Anatols Hochzeitsmorgen. Das Haus
380 708 1337 776 auf Sensation gestimmt, von Frauen und
943 756 1337 834 stand vom ersten
394 782 803 843 Mädchen überfüllt
394 818 1337 925 Augenblicke in des Dichters Bann und gab
678 1935 1138 2022 HALMAR BURSTROM
750 2001 1057 2068 (Text hiezu Seite 6)
412 2076 1357 2137 sich freudig den intimen Reizen dieser
412 2123 1351 2207 geistvollen Szenen gefangen. Die Darstel¬
409 2188 1366 2252 lung bot überaus Erfreuliches. Wir nennen
409 2249 1358 2311 an erster Stelle Herrn Leopold Kramer,
415 2300 1360 2371 den Liebling dieses Hauses. Im ersten
418 2362 1355 2432 Bilde ein wenig schwankend, fand er
416 2424 1357 2495 schnell den richtigen Ton. Im Abschieds¬
415 2478 1357 2541 souper war der Künstler ganz prächtig.
415 2537 1354 2600 Daß Anatol in den letzten achtzehn Jahren
406 2595 1357 2669 um neun Jahre älter geworden ist... mein
412 2651 1361 2727 Gott, wer möchte Herrn Kramer das vor¬
412 2706 1361 2769 werfen. Brillant war Herr Lackner.
403 2766 1348 2832 Er gab den Max mit einem vornehm wiene=
409 2827 1348 2895 rischen Tonfall, nicht ohne geistreiche Ein¬
398 2895 1357 2955 zelheiten. Die Damenrevue dieses Abends
409 2937 1358 3025 zeige wieder einmal, über wie viel Talent
412 3001 1361 3065 und Schönheit diese Bühne gebietet. Die
415 3059 1360 3121 Damen Hanemann (eine liebliche
409 3116 1354 3190 Cora), Reinau (entzückend süß, ein
406 3178 1351 3244 wenig zu süß vielleicht), Glöckner (ein
410 3244 1351 3311 bißerl zu hernalserisch), Müller und die
406 3292 1355 3360 pikante Galafres spielten dem Dichter
403 3351 1352 3419 und dem Publikum zur Freude. Daß Artur
406 3405 1351 3488 Schnitzler gefeiert wurde, daß man
406 3464 1351 3539 Taschentücher schwenkte und Hoch! schrie,
403 3536 1354 3612 sei schließlich noch gewissenhaft regi¬
398 3576 572 3675 striert.
2785 189 3160 310 box 8/4
1680 199 2603 325 4.9. Anatol - Zyklus
2628 677 2985 774 Telephon 12.801.
2141 753 2615 930 OBSERV
1926 894 2986 994 1. österr. beh. konz. Unternehmen für Zeitungs¬
2131 958 2782 1030 Ausschnitte und Bibliographie.
2102 1012 2826 1102 Wien, I., Concordiaplatz 4.
2327 1086 2607 1146 Vertretungen
1927 1129 2991 1199 in Berlin, Brüssel, Budapest, Chicago, Cleveland, Christiania,
1933 1174 2996 1219 Genf, Kopenhagen, London, Madrid, Mailand, Minneapolis,
1935 1216 2994 1307 New-York, Paris, noin, San Francisco, Stockholm, St. Peters¬
2333 1249 2601 1306 burg, Toronto.
2281 1297 2648 1343 (Quellenangabe ohne Gewähr.)
2025 1270 2970 1442 Tagesbote aus Mähren und Schlesien
1932 1361 2299 1436 Ausschnitt aus:
2393 1390 2591 1483 Brünn.
2189 1411 2297 1500 12
1942 1441 2636 1560 vom
2108 1545 2850 1664 Wiener Schauspielbrief.
1893 1625 3034 1707 (Burgtheater: nochmals „Der junge Medardus. — Volkstheau
1884 1688 2829 1760 „Anatol. — Neue Wiener Bühne: „Lady Frederick“,
2878 1697 3064 1770 Residenz¬
2296 1733 2645 1796 bühne: „Ysbrand“.)
2212 1790 2751 1857 Von Wilhelm v. Wymetal.
1968 1840 3064 1906 Artur Schnitzlers dramatische Historie „Der junge
1875 1894 3061 1956 Medardus ist der erste dauernde Erfolg geworden, den
1875 1945 3056 2010 das Burgtheater seit jenem Tage, da Kain, auf Gastreisen
1875 1995 3064 2047 ging, zu erringen vermochte. Für die zweite und dritte Vor¬
1881 2047 3070 2099 stellung entwickelte sich in Wien eine beim Hofburgtheater
1878 2092 3076 2146 schon lange nicht mehr übliche Agiotage, und für Sitze, wie
1884 2141 3065 2207 für Logen, wurde das Drei- und Vierfache des Preises an
1875 2192 3061 2243 Wiederverkäufer bezahlt. Auch die weiteren Vorstellungen
1875 2242 3061 2291 waren bisher so begehrt, daß noch jedes al Kartenwerber
1869 2290 3055 2338 abgewiesen werden mußten. Die Hälfte der für das Jubi¬
1869 2332 3050 2397 läum der fünfundzwanzigsten Aufführung nötigen Vorstel¬
1869 2387 3052 2441 lungen ist erreicht, und man darf dem Burgtheater und dem
1869 2438 3052 2493 Dichter aufrichtig Glück wünschen zu dem bedeutungsvollen
1872 2478 3058 2541 Sieg. Inzwischen hat Artur Schnitzler, Arm in Arm mit
1863 2531 3052 2595 dem Deutschen Volkstheater, einen zweiten, nicht weniger
1873 2583 3056 2645 herzlichen Erfolg erlebt. Er hat nämlich den „Anatol“, den
1869 2633 3052 2687 nun auch schon zwanzig Jahre alten Ursprung seines
1869 2679 3052 2736 Ruhmes, wiederum hervorgesucht und ließ von den sieben
1869 2728 3052 2778 Einaktern dieses anmut= und geistreichen Buches fünf am
1872 2773 3049 2835 gleichen Tage in Wien am Volkstheater und in Berlin am
1869 2826 3046 2887 Lessingtheater Otto Brahms aufführen. Die Auswahl, die
1869 2877 3052 2929 Schnitzler getroffen hat, muß als sehr glücklich bezeichnet
1866 2922 3047 2979 werden. Sie beginnt mit der „Frage an das Schick¬
1875 2967 3046 3037 sal, die Anatol frei hat (indem es ihm offenstünde, seine
1864 3022 3046 3091 hypnotisierte Geliebte Cora nach ihrer Treue oder ihrer
1863 3068 3046 3136 Untreue zu fragen) und die er nach längerer überlegung
1863 3125 3049 3178 nicht stellt. Es folgen die wohl noch nie und nirgends in
1863 3169 3022 3224 einem Theater gespielten „Weihnachtseinkäufe
1863 3221 3049 3271 die Anatol zusammen mit der schönen Mondaine Frau
1875 3269 3046 3323 Gabriele macht, der er von seinem süßen Mädel“ erzählt
1866 3314 3047 3378 und die ihm zum Schluß des Dialogs zu verstehen gibt, wie
1875 3368 3046 3426 gerne sie an die Stelle des süßen Mädels träte, wenn sie
1863 3413 3046 3471 nur den Mut der Konventionswidrigkeit hätte. Als Mittel¬
1863 3462 3049 3530 punkt des Anatolabends ergötzt die bekannteste und öftest
1863 3510 3040 3573 gespielte Skizze, das drollige „Abschieds souper der
1869 3555 3043 3621 zwei Liebesleute, die ein jedes für sich schon neue Liebes¬
1869 3606 3046 3670 fäden gesponnen haben, dem Partner aber den vermeint¬
1866 3661 3047 3717 lichen Schmerz des Abschiedes anzutun sich nicht entschließen
1863 3708 3049 3769 können. Flüchtig huscht dann die „Episode“ vorüber, die
1863 3756 3046 3813 Geschichte von Anatols Liebelei mit der Zirkusreiterin
1857 3808 3046 3867 Bianka, die Anatol zertreten zu haben wähnt, während sie
1860 3856 3046 3911 ihn zu seiner bitteren Enttäuschung bei einer Wiederbe¬
1860 3905 3046 3964 gegnung nicht einmal mehr erkennt. Den amüsanten Ab¬
1863 3949 3046 4015 de
1857 4000 3058 4075 Denn aber auftauchen die sechs Wochen vor dem
1860 4051 3044 4117 selber
1860 4108 3043 4153 non führt mit der sich Analo
