3484 4256
308 243 875 352 4.9. Anatol
942 246 1209 352 Zyklu-
1152 1182 1510 1269 Telephon 12.801.
1268 1263 1367 1339 )
661 1255 1074 1402 OBSER
452 1382 1502 1466 1. österr. beh. konz. Unternehmen für Zeitungs¬
654 1443 1296 1507 Ausschnitte und Bibliographie.
613 1502 1335 1585 Wien, I., Concordiaplatz 4.
839 1577 1110 1636 Vertretungen
436 1610 1505 1687 la Berlin, Brüssel, Budapest, Chicago, Cleveland, Christiania,
445 1660 1495 1720 Genf, Kopenhagen, London, Madrid, Mailand, Minneapolis,
440 1699 1498 1753 New-York, Paris, Rom, San Francisco, Stockholm, St. Peters¬
832 1737 1106 1796 burg, Toronto.
789 1780 1157 1835 (Osellenangabe eine Gew.
436 1828 805 1899 Ausschnitt aus:
447 1879 603 1934 12. 1911
1014 1885 1355 2000 Tagblatt
685 1935 982 2009 Romer
441 1943 590 2005 vom
609 2129 1194 2247 Bremer Schauspielhaus.
843 2220 979 2283 Anatol.
559 2254 1280 2331 Ein Einakterzyklus von Arthur Schnitzler.
551 2300 1358 2382 Jedesmal, wenn man wieder einer Gelegen¬
469 2341 1370 2416 heit hat, diesen ganzen Zyklus an sich vorüber
467 2375 1368 2452 ziehen zu lassen, bedauert man auch, daß meistens
459 2420 1363 2510 nur einzelne aus dem Zusammenhang herausge¬
480 2536 1378 2605 rissene Teile davon gegeben werden. Die eigen¬
480 2572 1371 2639 artige, merkwürdig gedämpfte Stimmung, die trotz
481 2617 1368 2675 der amüsanten Scherze über dem Ganzen ausge¬
481 2652 1375 2714 breitet liegt, kommt auch nur bei der Aufführung des
479 2699 1372 2763 Ganzen zu der rechten Geltung. Die Aufführung,
483 2727 1375 2787 welche die vier Einakter am Mittwoch unter der
488 2766 1376 2827 Regie von Adolf Steimann erlebten, blieb
488 2802 1386 2868 dem originellen Werke nichts schuldig. Sie spielte
495 2837 1380 2906 sich in einem trotz aller verschwenderischen Pracht
483 2877 1396 2947 doch sehr vornehm wirkenden äußeren Rahmen ab¬
484 2914 1379 2983 und war vor allen Dingen von allerintimsten Reiz
491 2961 1382 3020 Max Andreas liegt die Rolle des Lebens¬
484 2989 1378 3064 künstlers Anatol ganz brillant, seine Wiedergabe
491 3033 1388 3100 war in psychologischer Hinsicht wie auch nach der
494 3066 1386 3134 Seite der Charakterisierungskunst hin ein wahres
491 3107 1394 3175 Meisterstück. Die vier nach einander zu Anatol in
500 3144 1394 3214 Beziehung tretenden Dämchen wurden von Irma
499 3187 1392 3253 Hellersberg Ilka Challon, Lotte Klin¬
494 3230 1398 3296 der und Elsbeth Perron mit gleich sprühen¬
495 3258 1402 3344 dem Temperament verkörpert. Den sehr vernünf¬
495 3302 1402 3368 tigen Max gab Martin Lindemann mit be¬
499 3348 1119 3433 lustigender Trockenheit des Humors.
1249 3366 1368 3441 W. J.
1431 242 1780 340 box 8/6
3016 465 3198 580 61
2506 578 3058 685 Max Goldschmidt
2353 588 2466 693 .
2544 678 2933 758 Bureau für
2477 740 2952 824 Zeitungsausschnitte
2854 821 3130 889 Telephon III. 1061.
2296 819 2581 899 Berlin N. 24
2555 930 2882 1007 Ausschnitt aus
2497 1046 2876 1146 Bonner Zeitung
2540 1225 2849 1323 12
2555 1347 2803 1432 Stadttheater.
2191 1394 3171 1474 Erstaufführung: Anatol von Artur
2531 1466 2853 1543 Schnitzler
2145 1506 3206 1586 Anatol: Fünf Episoden aus dem Tagebuch eines
2151 1557 3205 1633 Amateurs des Lebens. Eines, der das Leben mit un¬
2148 1606 3202 1671 zureichenden Mitteln deutet, ebenso wie die kleinen ge¬
2156 1646 3202 1703 fälligen Mädchen, die ihm über den Weg laufen. In
2144 1689 3195 1752 beiden sieht er zu viel und zu wenig, um schließlich von
2143 1732 3201 1795 beiden genarrt zu werden. Die Kräfte und Gewalten
2140 1779 3203 1840 des Lebens bedeuten ihm nichts, die Finessen alles.
2144 1819 3195 1886 Niemals das unmittelbare starke, naive Erleben eines
2143 1863 3199 1941 Gefühls, immer ein bewußtes, mit kleinen raffinierten
2149 1909 3202 1978 Zutaten gewürztes Ausschmecken einer Situation und
2147 1955 3197 2021 ihrer Sentiments. Er sieht alles nur als Bild arran¬
2140 2000 3197 2062 giert, in dessen Mittelpunkt er selbst steht. Betrachtet
2140 2045 3190 2113 alles nur aus der Perspektive des Dandys, der mit
2147 2086 3197 2153 Geschick und einer kleinen verlogenen Wollust vor sich
2148 2127 3194 2199 selbst posiert. Ein bißchen weichliche Schwermut aus
2145 2176 3189 2244 dem Klubsessel heraus, Melancholien eines Flaneurs,
2145 2211 3189 2291 Entzückungen eines Aestheten vom Ringstraßenkorso.
2140 2260 3199 2326 Kokette Selbstironien und sanfter Skeptizismus, Feinheit
2140 2317 3190 2366 ohne Tiefe, Geist ohne Ernst, Humor ohne Herz. Kein
2144 2347 3195 2410 Mut zu sich selbst, aber viel Wohlbehagen an der eigenen
2140 2397 3190 2466 Kompliziertheit und allen Entscheidungen gegenüber ver¬
2135 2449 3193 2506 zagt. Immer wird ihm der Mut fehlen, die „Frage an
2139 2485 3194 2571 das Schicksal" zu stellen. Das ist der Typus, den
2137 2529 2953 2599 Schnitzler in seinem Anatol geschaffen hat.
2192 2573 3190 2648 Fünf Episoden voll Geist und Witz und einer hell¬
2145 2599 3191 2679 sichtigen, feinen Psychologie, die wie etwas ganz Selbst¬
2136 2660 3187 2731 verständliches zu der liebenswürdig leichten Ware und
2136 2708 3193 2777 ihrer lächelnden Ironie zugewogen wird. Diese fünf
2139 2757 3189 2821 geistreichen, fein und graziös pointierten Szenen ver¬
2140 2795 3190 2850 langen auf der Bühne ihren eigenen Stil, den man
2132 2836 3193 2893 vielleicht am besten mit den Worten Intimität und
2139 2880 3189 2948 Leichtigkeit andeuten kann. Daß der Spielleiter des
2137 2920 3210 3004 Abends, Herr Dr. Thumser, auf beides Wert legte,
2143 2957 3185 3037 soll gern anerkannt werden. So war es eine vor¬
2131 3011 3187 3083 treffliche Idee, eine kleine Bühne auf der großen Bühne
2137 3052 3190 3118 zu errichten und in den einzelnen Szenen nur den kleinen
2137 3100 3187 3162 Ausschnitt eines Zimmerwinkels zu geben. Dadurch
2131 3143 3189 3211 wurde eine traulich intime Wirkung geschaffen, die den
2132 3195 3171 3259 Szenen, mit Ausnahme der einen „Weihnachtseinkäufe"
2132 3225 3183 3292 sehr gut zu statten kam. Weniger berechtigt, oder um
2137 3278 3185 3346 es deutlicher zu sagen, ganz verfehlt ist aber der Ge¬
2135 3316 3185 3379 danke, die Auftritte und Abgänge der einzelnen Per¬
2136 3362 3187 3432 sonen über die große Bühne und die Stufen zur Welt
2135 3407 3185 3464 der kleinen Bühne erfolgen zu lassen. Die Intimität
2136 3455 3179 3520 und das Geschlossene des Gesamteindrucks wurde dadurch
2131 3494 3187 3564 immer wieder durchbrochen. Das Streben, etwas ganz
2124 3527 3182 3603 Originelles geben zu wollen, hat hier zu einer Unreinheit
2132 3580 3183 3646 des Stiles geführt, die schon deswegen bedauerlich ist,
2133 3623 3178 3690 weil sonst wirklich Vortreffliches zustande kam. Mit
2133 3666 3177 3738 Ausnahme der Weihnachtseinkäufe, die in dieser Art der
2135 3713 3178 3777 Szenengestaltung eigentlich unmöglich sind. Weihnachts¬
2131 3753 2418 3815 abend 6 Uhr.
2512 3760 3181 3813 In den Straßen Wiens, schreibt
2129 3798 3175 3859 Schnitzler vor. Wir hatten zu beiden Seiten der Bühne
2137 3840 3167 3907 graue Vorhänge und im Hintergrunde die kleine Bühne,
2129 3891 3177 3942 hinter deren Vorhang die Lichter eines Weihnachtsbaumes
2136 3932 3173 3994 schimmerten. Davor gehen Anatol und Gebriele mit
2124 3974 3181 4042 Weihnachtspäckchen beladen auf und ab, bis Gabriele
2124 4017 3178 4090 durch die Vorhänge der rechten Seite einen Wagen
2129 4061 3178 4125 besteigt, dessen Heranfahren zu allem Ueberfluß und
2124 4111 3181 4172 gegen jedes Stilgefühl noch naturalistisch nachgeahmt
2121 4154 3178 4213 wurde. Und die ganze Szene ist mit ein paar einfachen
