3436 4256
976 363 1140 458 Teleph.
431 435 985 606 OBSERV
274 595 1329 669 österr. beh. konz. Unternehmen für Zeitungs¬
476 648 1121 711 Ausschnitte und Bibliographie.
445 695 1164 780 Wien, I., Concordiaplatz 4.
668 777 942 832 Vertretungen
271 806 1327 869 in Berlin, Brüssel, Budapest, Chicago, Cleveland, Christiania,
274 861 1330 909 Goni Kopenhagen, London, Madrid, Mailand, Minneapolis,
274 895 1330 938 New-York, Paris, Rom, San Francisco, Stockholm, St. Peters¬
668 932 940 987 burg, Toronto.
621 968 985 1024 (Quellenangabe ohne Gewähr.
277 1022 640 1108 Ausschnitt aus:
472 1109 1374 1256 Niederösterreichische, Krems
368 1222 1229 1279 Gemütlichkeit in Stein. Selbst der strengste
289 1269 1230 1329 Kritiker muß zugeben, daß wir es am Samstag
285 1322 1230 1388 den 18. d. M. bei der Steiner Gemütlichkeit
285 1367 1235 1422 mit einer Aufführung zu tun hatten, welche
285 1416 1235 1479 den Rahmen von Dilettantismus überschreitet.
292 1466 1237 1524 In Schnitzlers Anatols Hochzeitsmorgen" gab
287 1514 1240 1577 Frau Gina Kodre wieder eine Probe ihres
285 1564 1246 1621 künstlerischen Könnens und wurde dabei
292 1616 1242 1672 durch die Herren Fuchs, Kodre und
292 1661 1242 1730 Nowotny wirksam unterstützt. In dem Lust¬
292 1709 1243 1775 spiele „Papa Hamlets Geist“, das den Zuhörern
287 1761 1238 1817 viele Gelegenheit zum herzlichen Lachen bot,
295 1809 1245 1870 zeigte sich Herr Wurz als Meister in der
292 1864 1245 1920 Regisseurkunst und man weiß nicht, ob man
298 1900 1243 1959 ihn mehr als Bühnenleiter oder als Schau¬
302 1962 1245 2019 spieler loben soll. Das flotte Spiel der Damen
293 2004 1253 2064 Frl. Brenek, Stebl, Wedl und der Herren
302 2054 1255 2112 Hadl, Püttner und Wurz erregte allseits
302 2104 1246 2161 Bewunderung. Besonders das originelle Dienst¬
298 2153 1251 2212 botenpaar, das durch Frl. Wedl und Herrn
292 2204 1251 2262 Püttner geradezu einzig dargestellt wurde,
292 2246 1250 2311 konnte nicht genug belacht und beklatscht werden.
298 2306 1258 2362 Den Glanzpunkt des schönen Abends bildete die
295 2346 1253 2417 Operette „Das Teufelsmädel“. Die herrliche
298 2396 1256 2469 Straußsche Musik, die frischen und lebensfrohen
302 2446 1134 2504 Gestalten der jungen Pensionsdamen,
305 2499 1258 2564 strammen Offiziere, die ernste und würdige
306 2543 1251 2604 Institutsvorsteherin, welche samt ihrem verliebten
298 2591 1256 2648 Lehrkörper nicht weiß, wie sie dem Uebermute
305 2641 1256 2703 der ihr anvertrauter Zöglinge wirksam entgegen¬
306 2691 1251 2751 treten könnte, das alles mußte zu einem Erfolge
310 2740 1259 2823 führen, umsomehr, als wirklich großartig ge¬
319 2844 1255 2917 spielt, getanzt und gesungen wurde. Frl. K.
313 2902 1258 2964 Mazetti als Poldi brachte neuerdings den
310 2952 1255 3009 Beweis, daß sie die Hochachtung und Bewun¬
310 3011 1253 3067 derung verdient, die man ihr allseits entgegen¬
305 3048 1251 3111 bringt. Bei Frl. C. Stebel bewunderte das
310 3098 1253 3164 Publikum sowohl ihre schöne und bis in die
316 3152 1253 3220 höchsten Töne reine und klangvolle Stimme,
311 3194 1251 3259 als auch ihre graziösen, man mochte fast sagen
313 3246 1266 3306 elfenartigen Tanzbewegungen. Der Lehrkörper
306 3293 1255 3354 des Institutes wurde durch die Damen Frl.
319 3343 1263 3410 Gregory, Wedl und die Herren Lackner
313 3399 1269 3452 und Wurz auf beste und humorvolle dargestellt.
322 3441 1261 3501 Ebenso ernteten das Lob und die Bewunderung
316 3488 1256 3554 der Zuhörer die Damen Frl. Brennek, Hampe,
314 3536 1261 3601 Stebel und die beiden Damen Frl. Thorwesten
310 3583 1258 3646 als junge Institutsdamen, sowie die Herren
319 3631 1267 3702 Eisenhuber, Forstner, Fuchs, Hadl, Sladeczek
316 3685 1267 3746 und Nowotny als Offiziere. H. Rosenberger
308 3731 1264 3806 als Vater der Poldi und H. Püttner als
316 3776 1261 3846 Hausknecht verdienen eine besondere Belobung
319 3841 1263 3901 für ihre guten Leistungen. In den Zwischen¬
319 3878 1271 3946 pausen wurde die Musikin liebenswürdiger
319 3926 1250 3986 Weise vom I. Kremser Zitherklub „Kremisia
319 3973 1271 4041 in künstlerischer Weise besorgt, dem auf diesem
319 4023 1264 4120 Wege der herzlichste Dank dafür ausgesprochen
1129 4070 1209 4125 0
316 4088 419 4134 wird
2724 142 3085 239 box 8/6
2256 153 2562 247 Zyklus
1614 145 2153 232 4.9. Anatol
2000 921 2707 1030 Dr. Max Goldschmidt
2122 1005 2701 1098 Bureau für
2117 1080 2595 1167 Zeitungsausschnitte
2501 1169 2770 1229 Telephon III. 3051.
1940 1146 2228 1230 Berlin N. 24
2190 1269 2538 1346 Ausschnitt aus
1883 1351 2749 1461 ende Landesleitung, Kariorum
2191 1564 2483 1698 8.11.191
1835 1779 2748 1856 Großh. Hoftheater Karlsruhe.
1758 1850 2836 1919 ersten Mal: Arthur Schnißler: „Weihnachtseinkäufe
1722 1891 2922 1962 E. Hartleben: die Thonra: „Lottchens
2145 1959 2411 2019 Geburtstag“.
1698 1993 2922 2064 Drei dramatische Dichter, die sonst selten auf dem feierlicheren
1629 2051 2920 2104 Repertoire unserer Hofbühne zu finden sind, stritten sich gestern
1638 2101 2927 2151 um den Erfolg des Abends: Arthur Schnitzler, Otto Erich
1642 2143 2914 2198 Hartleben und Ludwig Thoma. Aber die Waffen, die
1635 2187 2917 2240 äußeren Mittel, mit denen sie ihre Kräfte maßen, waren nicht
1635 2230 2920 2283 gut und gleich. Arthur Schnitzler, aus dessen kurzem Einakter
1630 2280 2922 2333 das stärkste dichterische Können hervorleuchtet, kam infolge
1638 2322 2914 2367 falscher Rollenbesetzung stark ins Hintertreffen. Es gab aus
1645 2367 2920 2420 seinem Einakter=Zyklus „Anatol" das entzückende Zwiegespräch
1662 2407 2914 2461 Weihnachtseinkäufe. An heiligen Abend treffen sich
1635 2454 2920 2503 in einer stilleren Straße der Wienerstadt eine Dame und ein Herr
1632 2496 2914 2541 der besten Gesellschaft. Sie will mit Paketen beladen heimeilen
1629 2540 2920 2599 zur Familienbescherung, er ist auf dem Wege, um seinem Mädel
1632 2583 2914 2644 ein Weihnachtsgeschenk zu kaufen. Und nun kommt das Ge¬
1643 2627 2911 2685 spräch der beiden, der jungen verheirateten Frau und des unver¬
1635 2665 2915 2720 heirateten Anatol, auf diese Geliebte, das süße Mädel“. Mit
1632 2709 2909 2770 gesucht scherzhafter Herablassung und mit etwas hochmütigen
1630 2759 2914 2820 Spott spricht die Dame der „großen Welt“ von der Vorstadtliebe,
1629 2801 2914 2849 dem Kind der „kleinen Welt“, bis ihr dann langsam bei der
1621 2844 2909 2898 warmen Herzlichkeit u. dem taktvollen Respekt, mit dem ihr einstigen
1625 2888 2911 2941 Verehrer von seiner jetzigen Liebe spricht, das Verständnis da¬
1635 2927 2915 2983 für aufgeht, daß hinter diesem so leicht bespöttelten Verhältnis
1617 2978 2911 3023 etwas anderes ganz Großes liegt: der Mut zur Liebe. Sie hatte
1632 3020 2914 3070 Anatol helfen wollen, ein Weihnachtsgeschenk für sein Mädel zu
1629 3064 2914 3123 kaufen. Nun gemahnt der Schlag der Turmuhr sie daran, daß
1632 3107 2914 3156 sie sich verplaudert haben. Die junge Frau muß nach Hause.
1624 3151 2914 3199 Aber, ehe sie den Fiaker besteigt, drückt sie rasch entschlossen
1624 3193 2912 3270 Anatol noch die Blumen, die sie im Arm trägt, für sein Mädel
1624 3236 2756 3309 in die Hand, er soll ihm dabei als Gruß von ihr sagen:
1751 3265 2911 3341 „Diese Blumen, mein ... süßes Mädel, schickt dir eine Frau, die
1662 3333 2906 3386 vielleicht ebenso lieben kann wie du und die den Mut dazu nicht
1669 3372 1835 3441 hatte...
1712 3389 2906 3485 Die Erkenntnis eines versäumten Lebensglückes liegt in
1617 3468 2907 3528 diesen wenigen einfachen Worten. Lange noch sieht Anatol dem
1616 3512 2190 3581 davonrollenden Wagen nach.
3057 1785 3348 1846 Wie schon ange¬
2965 1804 3331 1890 Stück braucht, um
2965 1875 3344 1938 Wiener Sprache, de
2965 1917 3338 1974 ein Herr und eine
2965 1964 3338 2022 doch so ernst über
2970 2003 3351 2066 Herr Baumbach
2969 2048 3346 2114 wegnerisch zu spre¬
2969 2093 3331 2153 man verzichtete
2975 2137 3348 2203 feine Zwiegespräch
2965 2183 3335 2245 zielte darum nicht
2969 2222 3348 2288 Der Einakter schri¬
2972 2267 3338 2335 Herz. Wenn diese
2969 2312 3348 2375 den Achill spielen
2969 2357 3346 2419 wiß auch bewältige
2969 2401 3354 2451 besser auf später ver
2972 2441 3357 2507 Stückchen totspielte.
3014 2493 3344 2556 Ein Stück aus
2965 2538 3348 2606 dann an die Reihe
2965 2585 3348 2638 waschechte mund¬
2969 2628 3348 2688 rühmte Lore, um
2969 2675 3331 2733 einen Kranz seiner
2961 2719 3338 2778 akter „Lore" ist
2965 2757 3343 2814 Knopf, die ja wohl
2969 2806 3346 2864 einmal gelesen hat.
2969 2849 3351 2907 Einrichtung der mö¬
2969 2893 3346 2952 Ausgezeichnet in S
2965 2938 3348 2996 steifleinener Vetter,
2965 2986 3352 3032 Verhältnisses auf ei
2969 3020 3346 3094 erfrischender Echthe
2965 3070 3343 3128 des Frl. Mülle
2972 3107 3344 3165 sie dem entrüsteten
2964 3156 3338 3210 Knopf sei los, als
2964 3204 3338 3265 Krones als „der
3043 3243 3349 3314 Den Schluß de
2954 3291 3351 3357 vor kurzem bei Lan¬
2954 3343 3341 3401 burtstag“. Es
2972 3380 3349 3443 sexuellen Aufklärun
2954 3430 3339 3491 versitäts=Prosessor
2954 3473 3348 3531 Tochter Lotte an ih
2949 3515 3356 3593 nisse der Ehe einzum
