3436 4256
275 197 1216 307 4.9. Anatol-
613 201 1219 301 s
1391 194 1745 288 box 9/3
1337 584 1949 696 Prager Tagblatt, Prag
1509 660 1809 752 Abendblatt
1316 766 2145 848 „Anatol. Schnitzlers, Frühwerk — fünf von
1219 804 2145 904 den sieben Einaktern des ein. Von der
1227 875 2145 934 „Frage an das Schicksal" führte der Weg über die
1221 913 2142 979 „Weihnachtseinkäufe zu dem meist und erst tags
1218 957 2142 1007 vorher gegebenen „Abschiedssouper, dann zur
1221 991 2142 1052 „Episode und von da zu „Anatols Hochzeits¬
1218 1036 2143 1085 morgen", dem Schlußkapitel dieses Buchs der Liebe,
1221 1066 2142 1125 dieser Junggesellenherrlichkeit, die mit Uebersättigung
1218 1115 2154 1161 kokettiert und immer neu aufbrennt, wenn sie Beute
1218 1157 2149 1201 wittert. Der Anatol-Zyklus zählt zu jenen Bühnen¬
1218 1195 2149 1248 dichtungen, die kaum altern. Er ist vielleicht in den
1230 1236 2146 1291 Farben ein wenig verblaßt, aber den Reiz seiner
1227 1282 2146 1330 Liebenswürdigkeit, die leichte Anmut der verfeinerten
1227 1318 2149 1366 Genußfreude hat er sich bewahrt. Er ist erinnerungs¬
1881 1355 2148 1409 In vieren von
1227 1364 1778 1418 reich und sehnsüchtig geworden
1224 1382 2148 1449 den fünf Stücken sah man mit Vergnügen Haus
1227 1436 2148 1492 Lackner in der Rolle des Mar. Der Mar ist
1233 1476 2149 1531 eigentlich keine Gasterrolle. Sie bietet dem Gast
1230 1522 2149 1573 wie auch dem Publikum zu wenig, da Mar nur im
1236 1558 2154 1609 Schatten Anatols wandelt. Es läßt sich also von
1233 1592 2151 1651 Herrn Lackner nur sagen, daß er den realistischen
1239 1637 2145 1684 Spötter, der alles unter den Gesichtswinkel der
1233 1670 2149 1721 Vernunft zwängt, mit der ihm eigenen persönlichen
1233 1716 2151 1770 Liebenswürdigkeit und künstlerischen Sicherheit
1233 1755 2149 1806 zeichnete, die beide ihrer Wirkung immer sicher sind.
1233 1795 2151 1843 Anatol selbst bedeutet typisches Wienertum. Er ist
1230 1828 2151 1888 aus Wiener Temperament, aus Wiener Gemütlich¬
1236 1876 2145 1922 keit und aus wienerischer Leichtlebigkeit geboren.
1239 1915 2151 1963 Was Wunder, wenn Direktor Kramer, der auf
1239 1955 2151 2003 der Wiener Ringstraße, in der Prater= und Wiener
1236 1995 2152 2045 Redoutenwelt ausgewachsen ist, den Anatol=Stil
1236 2037 2152 2081 mühelos und selbstverständlich meistert. Die Cora
1239 2079 2158 2125 vertrat Nelly Bonda, die Bianca Liese Mittler,
1239 2112 2152 2164 In „Weihnachtseinkäufe gab Frl. Thetter die
1236 2152 2157 2204 Gabriele mit kokettem Geist und einnehmendster An¬
1242 2189 2151 2243 mut. Die lustige Szene „Abschiedssouper erfüllte
1245 2230 2155 2281 wieder Frau Medelsky mit einem prasselnden
1242 2275 2160 2327 Raketenfeuer elementarer Laune und die rabiale
1251 2310 2154 2369 Ilona im „Hochzeitsmorgen", gab Frau Brede
1242 2358 2152 2416 mit prächtigem Humor und drolligster Entschlossen¬
1227 2427 2148 2510 heit. Direktor Kramers delikate Regie sorgte
1227 2482 2151 2534 ein wohltuendes Gleichgewicht der Stimmung. Das
1218 2536 2054 2612 volle Haus war für den Abend sehr dankbar,
1125 2636 1842 2728 Kammersonen zur Wache.
1910 2675 2184 2761 She
1131 2700 1879 2781 Anatol. Je älter dieser Einakterzyklus.
1121 2736 2309 2830 desto schwächer wird auch der Reiz, den diese für das dekadente Wie¬
1122 2784 2306 2849 der Literatentum um die Jahrhundertwende herum so charakteri¬
1119 2822 2300 2898 sische Art von Bühnenkunft zur Zeit, als sie noch neu und mehr
1122 2861 2313 2934 in Mode war, auf den ausübt, der sie seither noch oft gesehen hat.
1122 2904 2312 2979 Da enthüllt sich dann immer mehr die Oberflächlichkeit, die eigent¬
1122 2942 2312 3009 lich nur auf Frivolitäten und Cynismen aufgebaute Wirkung in
1122 2979 2319 3069 Dialog und Handlung dieser Stücke, deren Inhalt so hohl und
1128 3022 2313 3089 locker ist wie die hier geschilderte Weltanschauung der vorkriegszeit¬
1131 3061 2315 3136 lichen Wiener Lebewelt. Das zeigt sich umso deutlicher, je scheiter
1128 3095 2328 3178 die Einakter gespielt werden, d. h., je weniger die Darstellung der¬
1128 3142 2315 3218 auf achtet, wenigstens den einen, für Schnitzler typischen und auch
1818 3181 2315 3231 — die diskrete Eleganz der
1131 3197 1778 3263 heute noch anzuerkennenden Vorzug
1131 3221 2318 3294 äußeren Form - nicht zu verderben. Die Aufführung in den Kam¬
1137 3263 2327 3334 merspielen am Samstag hat in dieser Hinsicht leider versagt; sie
1136 3303 2321 3391 stimmte den seinen leonischen Ton fast auf das Schwankmäßige her¬
1134 3346 2316 3415 ab, und tat damit dem Autor und den Stücken Unrecht, wenn auch
1133 3388 2328 3467 das Publikum nicht viel davon zu merken schien. Der Anatol des
1143 3424 2327 3498 Herrn Duniecki war unserem Empfinden nach zu dentlich is
1143 3467 2327 3540 Lächerliche gezogen. Sehr gut war in allen drei Akten Herr Ri¬
1143 3503 2327 3581 ter, der als May die vom Autor gezogene Linie nie verließ. Von
1142 3555 2330 3624 den Damen traf den rechten Ton am besten Fräulein Bertram
1140 3592 2328 3657 als Ilona, Fräulein Monee hatte als Cora weiter keine be¬
1152 3640 2331 3700 sondere Aufgabe. Frau Agel ließ sich als Annie im „Abschieds¬
1155 3667 2334 3745 souper manchmal allzusehr gehen. — Das Repertoire der Kammer¬
1155 3707 2336 3782 spiele ist in letzter Zeit nicht immer mustergültig. Wir haben
1146 3749 2333 3815 uns den Betrieb der neuen Bühne wesentlich anders vorgestellt.
1154 3795 2337 3860 Um „Die goldene Eva“, „Die Schiffbrüchigen" u. dgl. zu geben,
1154 3839 2337 3907 genügt auch das Stadtthater. Die Leitung hat die Eröffnung der
1152 3867 2339 3940 Kammerspiele dem literarisch und künstlerisch interessierten Publi¬
1401 3910 2342 4015 te so lang gemacht, daß man mit der setzt geborenen
1145 3933 2036 4030 kum die Zürich zufrieden sein kann.
