3436 4352
310 57 976 121 peten,
304 113 979 168 reminded of the high practical value
304 153 973 201 of a good first-night audience. By
310 197 976 245 the time of the fourth performance
307 237 976 284 Walter Connolly had recovered from
304 278 973 333 laryngitis and Joseph Schildkraut
298 316 979 372 had recovered from nervous indiges¬
301 355 982 417 tion and première paralysis, and
298 393 977 452 although there were two intermis¬
301 440 973 486 sions instead of one, the acceleration
304 479 977 538 in the pace of the performance
307 531 976 572 brought the curtain down at a more
298 566 973 616 reasonable hour. Despite these sey-
307 608 971 650 eral improvements, the comparative
304 652 973 697 tameness of an indiscriminately as¬
301 688 973 746 sembled audience made it more
298 724 977 785 apparent than ever that Schnitzlers
301 777 976 821 processionai of sentimental, droll and
307 814 973 862 ironic studies in philandering be¬
304 852 970 901 longs to a more elegant era tan
293 892 979 951 ours; and that Schildkraut's acting
307 939 976 985 wants the resilience and subtlety of
307 980 976 1027 perception that are necessary to
298 1018 966 1069 maintain an interest in Anatol's suc¬
301 1056 973 1112 cession of crises. Anatole France
298 1104 977 1151 once observed that religion had done
298 1146 973 1192 love a great service by making it a
301 1184 973 1236 sin. Alas, this irreligious era has
301 1227 927 1283 lost a source of constant pleasure.
552 1278 661 1329 * *
325 1334 970 1411 T is a pity to have "Anatol sin
349 1392 963 1434 into pleasant enervation. The pro¬
342 1432 962 1485 duction is enchanting. Jo Mie¬
293 1473 970 1520 ziner has designed a splendid series
295 1516 966 1556 of highly ornamental settings; the
301 1556 973 1605 costumes fairly glow and the entr'acte
293 1594 970 1643 music caresses the ear with Viennese
298 1638 966 1689 magic. Some of the acting is extraor¬
298 1686 970 1726 dinarily spirited. Patricia Collinges
293 1723 966 1771 scene as Gabrielle has an abiding
298 1765 973 1809 beauty that comes largely from the
293 1809 970 1857 perfection of her phrasing. To hear
293 1856 965 1895 an experienced actress assorting her
293 1888 970 1941 phrases, distinguishing her syllables
293 1930 970 1977 and pitching her intonations intelli¬
298 1972 966 2018 gently is to realize that the harum¬
293 2018 966 2065 sarum acting that most current
301 2057 970 2102 plays foster is insecurely grounded.
299 2099 973 2151 Only fine instruments can produce
293 2136 970 2192 fine beauty. Miss Collinges scene is
298 2178 973 2229 not the most actable of the six, but
293 2219 966 2272 she makes it the most memorable by
301 2263 966 2305 the rare device of playing it perfectly.
2571 154 2756 225 klus
1818 153 2334 234 4.9. Anatol
2211 180 2509 254 .
1768 603 2352 711 HEMSTREET
1795 678 2323 756 96 WARREN STREET
1838 741 2242 830 NEW YORK CI
1874 849 2310 936 NY American
1671 979 2875 1092 Regarding the Latest Plays
1711 1091 2915 1230 By Messes. Kelly and Barry
1747 1236 2960 1334 And Youngest by Schnizier
2042 1340 2580 1435 By GILBERT W. GABRIEL.
2344 1405 2958 1487 I can persuade them to go do
1706 1434 2266 1487 I take my text from Byron:
2350 1472 2539 1531 the same.
1717 1473 2285 1543 "We wither from our youth,
2370 1497 2955 1562 Mr. Barry is, oftimes, à quite
1668 1522 2018 1579 we gasp away
2559 1550 2958 1605 magical writer. He
1717 1565 2074 1617 Two plays have
2564 1594 2961 1643 is also a writer who
1680 1600 2072 1647 fallen upon the
2564 1623 2960 1680 can be easily and
1677 1635 2077 1694 Broadway, theatres
2564 1659 2957 1718 excellently acted.
1676 1671 2074 1732 lately from the typ-
2567 1702 2963 1744 And that means
1677 1708 2072 1761 ists of two welles¬
2567 1739 2963 1797 that he is, on the
1680 1751 2074 1801 teemed young Amer¬
2564 1773 2960 1826 face of the foot¬
1679 1780 2083 1830 can play wrights.
2567 1804 2968 1865 lights, a successful
1683 1824 2081 1871 These are Philip
2568 1848 2963 1901 playright. But it
1683 1862 2074 1910 Goes Forth," by
2570 1886 2971 1939 does not mean that
1680 1895 2080 1945 George Kelly, and
2567 1922 2963 1975 he has, this time of
1686 1930 2071 1974 Tomorrow and To¬
2573 1960 2957 2013 of all his times.
1680 1962 2074 2018 morrow," by Philip
2573 1996 2957 2054 written a great or
1676 2010 1809 2052 Barry.
2567 2030 2960 2081 even a good play.
1726 2027 2081 2092 This is a sad and
2567 2074 2963 2130 Some other times
1686 2080 2078 2122 lonesome season.
2570 2102 2865 2163 he almost has.
1686 2116 2080 2166 Plays of any sort are
2606 2134 2963 2196 I see (by those
1686 2149 2080 2205 few enough. Good.
2570 2163 2963 2234 reviews most soberly
1680 2192 2077 2234 even fair, plays are
2571 2220 2960 2270 in favor of Tomor¬
1680 2217 2074 2276 singular. Mr. Mantle
2576 2252 2964 2301 row and Tomor¬
1677 2258 2081 2301 confides to me he is
2582 2285 2966 2343 row) that it is a
1677 2293 2080 2350 feared he will have
2573 2323 2969 2378 somewhat obscure
1686 2329 2083 2382 to call his next an¬
2131 2334 2509 2405 GILBERT W. GABRIEL
2579 2369 2969 2420 play. Mr. Barry has
1680 2367 2080 2422 nual volume simply
1686 2391 2276 2458 "The Ten Plays of 1930-31.
2358 2391 2961 2447 the good fortune to mystify
1683 2437 2296 2484 Theatrical weeklies report that
2358 2441 2969 2497 his enthusiasts. One of them
1677 2477 2291 2529 drama critics will be all resigned
2367 2477 2978 2529 tells me he must have been
1686 2512 2290 2559 and rusticated within another
2361 2512 2964 2556 awed out of countenance by a
1691 2550 2296 2597 year. We are already groping
2364 2547 2968 2612 Biblical quotation at the top of
1689 2586 2288 2638 in the twilight of the gallery
2361 2589 2968 2629 the theatre program. I am
2352 2624 2971 2668 neither a crystal-gazer nor a
1696 2629 1791 2677 gods.
1726 2642 2290 2707 In such an atmosphere of
2358 2660 2969 2709 Bible Rebel, but it all seemed to
1683 2697 2288 2738 sackcloth scenery and ashes of
2358 2700 2961 2747 me to be at least satisfactory
1683 2733 2291 2788 art, therefore, it might beloove
2358 2738 2933 2789 clear. Oughin't it have been?
1689 2768 2290 2809 us first nightly reviewer to pull
2403 2768 2974 2815 Mr. Barry pulis out of its
1686 2807 2291 2853 our shots, to spare that tree, and
2367 2809 2974 2856 Pinero-colored limbo the good
1692 2840 2299 2887 to work with fellow mourners
2358 2848 2969 2892 old statuette of the lady with a
1692 2883 2297 2924 towards the establishment of a
2367 2883 2968 2931 love child. For framework he
1692 2918 2291 2966 National Park for the Preserva¬
2364 2918 2964 2966 uses the Scriptural chapter
1689 2957 2296 2998 tion of Poor Plays and the Pro¬
2361 2958 2974 2999 about Elisha and the Shunam¬
1688 2987 2285 3049 pagation of Second-Rate Silli¬
2358 2995 2974 3042 mite woman, and of the miracles
2367 3028 2974 3095 Elisha wrought to both beget
1689 3034 1794 3081 ness.
1732 3052 2307 3104 I'm sorry, I'm one of an all
2364 3061 2968 3113 and revive her son. A famous
1699 3096 2302 3151 too evident public which prefers
2364 3101 2968 3152 scientist is a guest in the house
1699 3137 2294 3190 no play to a poor one. My am
2367 3141 2968 3185 of a mid-Western millionaire
1689 3176 2294 3222 may go cock-eyed but I'll shoot
2361 3179 2968 3220 and falls in love with his hostes.
1699 3220 2299 3256 until the last clay pipe is down.
2367 3214 2964 3265 as she with him. It is no mi¬
1694 3252 2294 3296 In my far from infallible eye-
2364 3247 2964 3290 acle, this moder time. It is
1696 3293 2285 3335 sight both Philip Goes Forth
2356 3281 2969 3343 plain cuckoldry and fancy words.
1696 3321 2288 3390 and Tomorrow and Tomorrow
2364 3324 2968 3371 Years later the scientist is called
2367 3358 2964 3405 back by a stroke of radio to save
1696 3362 2092 3420 look like poor plays.
1957 3399 2080 3448 .
2370 3399 2963 3459 his son from fever and horse¬
2364 3433 2602 3486 back-riding.
1744 3421 2305 3489 Mr. Kelly's little opus about
2412 3450 2969 3518 The language in which this
1705 3479 2304 3539 Philip, a golden lad who wants
2370 3503 2968 3553 legendry is couched is evidently
1708 3517 2301 3577 to be a playright but just
2370 3547 2971 3592 tangential and wispy enough to
1702 3554 2310 3600 hasn't the right, God-given
2369 3579 2968 3638 give off an aroma of parlo
1705 3588 2308 3635 stuff in him, is a tame and an¬
2369 3613 2968 3677 mysticism. Mr. Barry is a past
1702 3625 2307 3668 nowingly tutelary affair. Why
2370 3660 2968 3710 master at polite humors and
1700 3662 2307 3709 the author of such Broadway¬
2370 3694 2975 3743 neat yearnings. He paddles
1705 3703 2293 3753 sized successes as "Craig's wife
2375 3733 2974 3780 through melted pastels. Dim
1820 3745 2316 3789 "The Show-Off" ever
1702 3743 1791 3787 and
2372 3771 2980 3836 the lights, warn the players to
1711 3766 2308 3830 bothered to elongate it from a
2370 3805 2983 3849 keep their anguish down to
1708 3813 2305 3860 moral-coated vaudeville skit
2379 3845 2975 3890 whispers, intersperse with cas¬
1711 3857 2308 3895 can't tell you. Mr. Kelly is a
2376 3881 2983 3926 ual exclamations about the
1711 3895 2311 3934 master of small talk, a pretty
2379 3917 2983 3957 wind, sky and cosmos... and
1717 3922 2307 3973 caricaturist, and his more re¬
2376 3952 2980 3999 lo, beauty is bosh and bosh is
1711 3957 2319 4017 cent plays have made only too
2376 3991 2984 4037 beautiful. Mr. Barry (here's the
1708 3988 2319 4047 successful efforts to confine
2376 4026 2977 4073 bunt truth of it) has a pet's
1714 4028 2320 4076 their tempests within teapots.
2370 4066 2983 4111 license and a playwrights knack
1717 4070 2308 4114 He so worships an effect of cas¬
2376 4103 2992 4141 to put over a completely
1821 4105 2322 4156 he cannot be chagrin
2925 147 3273 233 box 9/4
