3436 4256
1381 221 1747 327 box 9/3
269 246 1210 348 4.9. Ana ol- zyklus
329 561 1104 722 Klose & Seidel
346 703 1093 788 Bureau für Zeitungsausschnitte
332 774 1103 888 Berlin 10. 43, Georgenkirchplatz 21
632 976 875 1073 Zeitun¬
313 1014 518 1095 Zeitung:
589 1104 716 1199 .
311 1114 433 1201 Ort:
890 1117 1261 1258 OJAN 192.
311 1220 498 1313 Datum:
744 1398 1255 1492 Berliner Theater
416 1403 1613 1582 rum sed dieser von Seiten
368 1517 1623 1612 lebendig? Diese leisten, zarten, spinwebseinen Schöpfungen
371 1558 1615 1653 erweisen sich als widerstandsfähiger und trotzen dem berühmten
371 1599 1615 1694 Zahn der Zeit erfolgreicher, als manches festgebaute schwere
357 1643 1608 1740 Drama. Warum? Weil die Achse, um die sie kreisen, die Liebe
365 1673 1602 1778 ist, wenn auch eine schwache Abzweigung, und dieses Gefühl ewig
363 1716 1607 1812 is, unabhängig von Mode und Zeitereignissen, unabhängig von
365 1760 1612 1860 Rasse, Stamm und Volk. Und ebenso ewig ist das Gefühl, das
359 1803 1620 1902 mit der Liebe, dem Gipfel des Lebenstriebs und drangs, ver¬
419 1853 1662 1951 bunden ist: das Todesgefühl. Die Gegensätze berühren sich. Wie
417 1920 1665 1996 man in sehr inniger Freude die Tränen aufsteigen frürt, so
420 1972 1661 2026 pocht häufig im Liebesdrang der dürre Finger des Todes leise
414 2008 1662 2068 ans Herz. Bei Schnitzler ist es die Melancholie, die Erkenntnis
416 2041 1661 2122 des Vergänglichen, mitten in der Oberflächlichkeit eines
420 2084 1661 2147 wienerischen Don Juan eine stille, seine Trauer, die in zarten
409 2120 1661 2196 Farben wiedergegeben wird, in einem geschliffenen und doch
414 2174 1662 2236 natürlich bleibenden Dialog, der ohne Drücker und Witzchen
408 2206 1656 2277 unsere ästhetischen Sinne erfreut und unseren Ohren wohlgefällig
404 2236 1656 2330 ist. Kein Pathos, keine Anklagerede (Anklagereden veralten am
408 2293 1661 2359 raschesten). Darum sind die Anatol-Einakter, ebenfalls ein
397 2338 1664 2392 „Reigen“, noch heute uns lieb, und in den Kammer¬
401 2370 1665 2436 spielen zeigen sie sogar ein frischeres Gesicht, als früher an
400 2410 1657 2481 anderen Städten. Das kam daher, daß Iwan Schmith versuchte,
403 2446 1657 2509 das Lustige schärfer herauszuarbeiten, so daß z. B. „Am Hoch¬
400 2482 1657 2553 zeitsmorgen ein in flottem Tempo gespieltes forsches Lustspiel
400 2528 1653 2599 wurde, in dem allerdings die leiseren Töne unhörbar blieben.
401 2564 1646 2640 Von den sieben Einaktern wurden uns fünf geboten, in denen
403 2607 1653 2675 Ethofer ein geschmeidiger, im Aeußeren etwas blasser, fast
400 2653 1650 2724 wie ein Pierrot aussehender Anatol und Hermann Thimig ein
393 2692 1657 2754 rotbäckiger, bebrillter, frischer und liebenswerter Max war. Von
392 2724 1650 2804 den fünf weiblichen Gegenkontrahenten sind Lina Lossen, eine
393 2773 1650 2863 wahrhaft ablige Dame, und Fräulein Christians besonders zu
397 2808 545 2872 nennen.
447 2827 1642 2929 Das Staatstheater läutete das neue Jahr mit
386 2893 1642 2974 Nestrons „Lumpagi vagabundus ein. Recht aktuell war
387 2936 1645 3004 die Glücksnummer, die den drei Handwerksgesellen im Traum er¬
395 2978 1637 3049 schien; die Zahl 1922. und der Hausierer wünschte ihnen, als sie ge¬
390 3023 1635 3084 meinsam das Los erstanden, „Viel Glück mit 1922“ Sonst war alles
393 3059 1626 3124 erfreulich unaktuell. Eine versunkene Zeit hob sich aus der Stur
386 3094 1637 3169 dunklen Bogen und zeigte uns, was wir verloren. Freilich,
382 3133 1634 3203 Bagabunden gibt es auch heute noch, aber schärfere, kantigere,
381 3187 1640 3248 gefährlichere, und Arbeitshasser sind heute nicht seltener als
376 3225 1632 3285 damals; doch der Ton macht die Musik. Das Gemütliche und
378 3271 1627 3326 gemütvoll Ironische der Zauberposse umgab uns mit angenehmer
374 3304 1638 3372 Laulichkeit, und angesichts der versunkenen altwienerischen Welt
381 3340 1632 3405 versank unsere eigene Zeit. Etlinger als Knieriem war ein
376 3376 1626 3444 echter Altwiener, sparsam im Humor, ein volkstümliches
374 3410 1631 3490 Charakterbild; Hirsch als Schneider fing die Zuhörer mehr mit
384 3459 1627 3555 Zappligkeit der Glieder ein. Die Neuaufführung fand mit Recht
376 3504 676 3571 großen Beifall.
430 3550 1626 3623 Ich muß noch berichten, daß das Steglitzer Schloßpark¬
370 3599 1623 3666 theater seit Beginn der Spielzeit eine zweite Bühne eröffnet
371 3642 1616 3716 hat, das „Große Haus“, das wegen seiner goldigschimmernden Decke
365 3685 1621 3751 märchenhaft „Das Goldene Haus“ genannt wird. Es dient ab¬
373 3722 1621 3789 wechselnd Filmaufführungen, Konzerten, Rezitationen, der
370 3760 1620 3832 Volksoper. Zum erstenmal habe ich diesen Raum in der Weih¬
370 3801 1620 3876 nachtswoche betreten an einem Nachmittag, als ich mit meinem
368 3836 1610 3909 Jüngsten den „Gestiefelten Kater", von Herrmann be¬
367 3885 1615 3945 arbeitet, besah. Es ist ein echtes, rechtes Kinderstück, das die
367 3915 1616 3990 Märchenschicht nicht verläßt und auf die üblichen Plattheiten und
365 3956 1610 4031 Späte anderer sogenannter Märchenstücke verzichtet. Auch die
365 3993 1615 4083 Erwachsenen konnten ihre Freude an Stück und Darstellung
357 4034 493 4113 haben,
1187 4050 1583 4135 Jakob Scherer,
2103 878 2803 1036 lose & Seidel
2065 1003 2852 1120 Bureau für Zeitungsausschnitte
2065 1087 2855 1199 Berlin NO. 43, Georgenkirchplatz 21
2038 1294 2814 1395 Zeitung: Berliner Morgenpost
2646 1384 2901 1482 Berlin
2056 1420 2163 1507 Ort:
2579 1431 2967 1608 O. I. 1922
2051 1536 2242 1615 Datum:
2345 1687 2612 1781 nada.
2101 1730 2904 1838 Dagegen um Anatol nich in der
2059 1811 2914 1877 Kammerspielen nicht ganz wie Arthur
2059 1849 2907 1913 Schnitzler ihn sich dachte, aufgeführt. Gewiß
2062 1905 2915 1956 versinnlicht die Vorstellung, unter der Regie von
2062 1932 2945 2008 Iwan Smith ganz im Geist des Dichters
2065 1977 2918 2049 die fünf Szenen, die Anatols, des Müssiggängers
2062 2027 2910 2086 und Aestheten unrühmliches Liebesleben behan¬
2071 2070 2917 2141 deln. Nur sind zwei der kleinen Köstlichkeiten
2065 2114 2917 2184 des Zyklus fortgelassen werden und Anatols
2071 2158 2909 2225 Leporelloliste bleibt darum ein bißchen lücken¬
2071 2199 2921 2264 haft. Der Wiener Jüngling, den sein Schöpfer
2071 2244 2925 2312 selbst mit einem ganz leichten Lächeln betrachtet,
2071 2293 2917 2345 ein Typ der Vorkriegszeit als man von ererbten
2071 2332 2920 2397 Renten noch leben konnte und seine Zeit (die jetzt
2071 2389 2917 2440 längst Geld geworden ist) nicht besser anzuwen¬
2071 2425 2923 2477 den wußte, als möglichst viele süße Mädel zu
2071 2462 2921 2523 lieben, in der Hauptsache aber, sich von ihnen
2079 2509 2920 2572 heiß und wahr und leidenschaftlich lieben zu
2075 2547 2918 2626 lassen, wird von Anton Edthofer dargestellt,
2071 2593 2917 2686 der den etwas müden Liebling der Wiener
2065 2659 2914 2740 Frauenwelt ohne besondere Merkmale läßt.
2065 2722 2921 2776 Nichts was er gab, war anfechtbar, aber man
2071 2767 2912 2823 konnte manches vermissen, was er nicht gab. Her¬
2071 2795 2909 2865 mann Thimig, humorvoll und fröhlich¬
2081 2844 2921 2912 skeptisch als Max Anatols Freund, Mitwisser und
2075 2893 2915 2955 Mitspieler, brachte sein kluges, sonniges Lächeln
2075 2929 2912 3002 dazu, und der Zug der Frauen wurde unbestreit¬
2076 2970 2921 3053 bar von Lina Lossen angeführt, obgleich sie
2078 3030 2926 3079 erst im zweiten Stückchen „Weihnachtsein¬
2081 3054 2928 3127 käufe erschien, verhalten, scheu, vornehm, als
2078 3100 2928 3169 die Dame von Welt, die sich verschwiegen nach
2078 3155 2928 3211 dem Glück des süßen Rädels sehnt. Erika von
2089 3190 2926 3256 Theilmann, Marge the von Bukovics
2089 3236 2926 3305 Stella Arbenina spielte drei dieser etwas
2084 3280 2953 3346 physiognomielosen Einzelerscheinungen und er¬
2086 3324 2942 3388 füllten das Haupterfordernis, hübsch auszusehen,
2086 3367 2944 3430 aufs beste. Margarete Christians als Annie
2086 3411 2940 3470 im Abschiedssouper gab den Wildling aus dem
2089 3449 2937 3514 Volke mit allem Temperament, dessen sie fähig ist,
2089 3512 2939 3571 immerhin sanfter und wohlerzogener als ihre be¬
2092 3541 2945 3629 rühmten Vorgängerinnen in dieser begehrten
2790 3582 2888 3637 E. M
2089 3594 2206 3675 Rolle.
