3436 4256
859 165 960 247 2
1383 162 1739 262 box 8/7
1050 169 1207 247 lus
270 170 627 275 4.9. An¬
789 234 956 284 .
1101 240 1208 282 .
1108 936 1480 1040 Telephon 12.801.
574 1033 1166 1225 OBSERVE
419 1161 1472 1278 1. österr. beh. konz. Unternehmen für Zeitungs¬
624 1240 1270 1318 Ausschnitte und Bibliographie.
587 1275 1325 1375 Wien, I., Concordiaplatz 4.
823 1358 1101 1425 Vertretungen
427 1382 1489 1482 in Berlin, Brüssel, Budapest, Chicago, Cleveland, Christiania,
432 1430 1489 1514 Genf, Kopenhagen, London, Madrid, Mailand, Minneapolis,
427 1468 1492 1582 New-York, Paris, Rom, San Francisco, Stockholm, St. Peters¬
828 1532 1096 1585 burg, Toronto.
788 1565 1148 1634 (Quellenangabe ohne Gewähr.)
437 1617 814 1730 Ausschnitt aus:
873 1642 1350 1739 Standard, London
816 1739 1070 1841 R
447 1749 589 1821 vom
758 1847 1308 1954 PALACE THEATRE.
632 1969 1405 2079 MR. GRANVILLE BARKER IN
909 2041 1158 2128 ANATOL
624 2114 1448 2211 The first of a sequence of dialogues by Arthur
584 2188 1445 2249 Schnitzler, paraphrased by Mr. Granville Barker, was
584 2238 1445 2301 produced the Palace Theatre last night. It is
584 2271 1445 2341 called "Ask No Questions and You'll Hear no
582 2303 1442 2375 Stories," and is quite an aamusing trife in the man¬
577 2340 1232 2410 ner of the popular Austrian dramatist.
611 2388 1447 2448 Anatol, the young bacher whose love affairs are
581 2421 1448 2485 treated of in this and in the succeeding episodes
577 2470 1445 2521 we are to see week by week at the Palace, is, in
577 2503 1440 2560 the present sketch, very doubtful of the fidelity of
576 2533 1440 2607 his innamorata, and, although by no means constant
572 2583 1437 2642 himself, is thoroughly miserable because of the un¬
574 2632 1437 2675 certainty. The fad of the moment is hypnotism, and
577 2667 1433 2722 Anatol determines to discover the truth by its aid
574 2702 1425 2758 So he places Hilda under the "influence,
572 2730 1437 2802 and proceeds to ask her for a confession.
572 2763 1432 2839 But, despite the egging on of his inquisitive
567 2817 1428 2875 friend, Anatol finds it impossible to put the question,
566 2854 1438 2909 and gives all sorts of excuses why it would not be
567 2890 1435 2955 fair to press her for an answer. All this is in the
569 2925 1430 2989 best Schnitzler vein, for the ardent lover really
567 2964 1437 3030 dreads the action of his illusions, and for first
561 3009 1428 3069 one reason and then another he postones and
567 3044 1427 3112 finally avoids putting the crucial point to his lady
559 3082 1437 3137 love, much to the amusement of the onlocker, who,
567 3117 1085 3169 as usual, sees most of the game.
599 3151 1428 3219 Anatol," in its first episode, is quite simple, but
559 3202 1428 3267 very cleverly and delicately done. Mr. Granville
559 3234 1418 3311 Barker, Mr. Playfair, and Miss Robins act it de
567 3267 731 3338 lightfully.
1677 843 2194 908 TELEPHONE-CITY 4963
1665 1001 2540 1080 of
2173 1068 2940 1257 Press Cuttings
1719 1075 2121 1258 Durants
1981 1240 2693 1325 St. ANDRES HOUSE
1841 1338 2832 1435 32 TO 34, HOLBORN VIDUCI
2291 1423 2381 1484 AND
1670 1479 3012 1570 8, ST ANDRE STREET, HOLBORN GIRAUS,
2271 1557 2411 1624 B.C.
2038 1670 2725 1761 The Standard.
2048 1767 2740 1857 Shoe Lane, Fleet Street, E.d.
1739 1884 2330 1981 Cutting from issue dated
2033 1964 2582 2051 PALACE THEATRE.
1924 2078 2690 2173 MR. GRANVILLE BARKER IN
2186 2143 2450 2233 ANATOL.
1904 2259 2737 2315 The first of a sequence of dialogues by Arthur
1876 2316 2735 2360 Schnitzler, paraphrased by Mr. Granville Barker, was
1872 2356 2740 2401 produced at the Palace Theatre last night. It is
1877 2386 2735 2428 called "Ask No Questions and You'll Hear no
1871 2415 2728 2470 Stories," and is quite an amusing trife in the man
1871 2461 2523 2515 ner of the popular Austrian dramatist.
1904 2491 2732 2547 Anatol, the young bachelor whose love affairs are
1877 2540 2732 2590 treated of in this and in the succeeding episodes
1874 2580 2740 2628 we are to see week by week at the Palace, is, in
1874 2618 2732 2662 the present sketch, very doubtful of the fidelity of
1864 2645 2735 2698 his innamorata, and, although by no means constant
1877 2697 2735 2740 himself, is thoroughly miserable because of the un¬
1871 2733 2738 2778 certainty. The fad of the moment is hypnotism, and
1879 2775 2737 2819 Anatol determines to discover the truth by its aid.
1874 2814 2720 2857 So he places Hilda under the influence,
1877 2855 2737 2902 and proceeds to ask her for a confession.
1874 2894 2735 2930 But, despite the egging on of his inquisitive
1871 2929 2737 2979 friend, Anatol finds it impossible to put the question,
1879 2967 2745 3015 and gives all sorts of excuses why it would not be
1872 3005 2735 3055 fair to press her for an answer. All this is in the
1874 3045 2735 3091 best Schnitzler vein, for the ardent lover really
1874 3076 2740 3126 dreads the destruction of his illusions, and for first
1874 3122 2740 3161 one reason and then another he postpones and
1874 3159 2728 3209 finally avoids putting the crucial point to his lady
1874 3192 2735 3242 love, much to the amusement of the onlocker, who
1877 3241 2400 3284 as usual, sees most of the game.
1924 3236 2740 3316 Anatoll, in its first episode, is quite simple, but
1879 3312 2740 3358 very cleverly and delicately done. Mr. Granville
1879 3349 2732 3394 Barker, Mr. Playfair, and Miss Robins act it de¬
1877 3386 2051 3453 lightfully.
