3484 4256
1387 194 1746 297 box 8/6
277 208 800 310 4.9. Anatol
955 206 1124 308 Zykl
647 1371 1856 1438 Wie schon angedeutet, war der Einakter falsch besetzt. Das
182 1387 489 1484 rue
568 1409 1843 1477 Stück braucht, um wirken zu können, das warme Kolorit der
571 1467 1848 1529 Wiener Sprache, denn nur in Wien u. nur in dieser Sprache können
181 1471 427 1548 tseinkäufe
571 1500 1853 1569 ein Herr und eine Dame der großen Welt so offen, so leicht und
187 1513 511 1588 ma: „Lottchens
563 1545 1850 1621 doch so ernst über dieses nicht salonmäßige Thema plaudern.
572 1590 1853 1656 Herr Baumbach, der den Anatol gab, bemühte sich zwar,
190 1600 521 1683 dem feierlicheren
568 1630 1841 1701 wegnerisch zu sprechen, aber es gelang ihm nicht; Frl. Noor
197 1667 521 1727 sitten sich gestern
571 1682 1848 1745 man verzichtete als junge Frau ganz darauf. So wurde das
197 1709 521 1771 ler, Otto Erich
572 1722 1846 1800 feine Zwiegespräch seines wahren Charakters entkleidet und er¬
250 1751 521 1814 Waffen, die
571 1759 1853 1838 zielte darum nicht die Wirkung, die es eigentlich verdient hätte.
194 1796 518 1856 zen, waren nicht
568 1809 1846 1880 Der Einakter schrie ja förmlich nach Frau Ermarth und Herrn
198 1841 529 1908 kurzem Einakter
574 1851 1853 1920 Herz. Wenn diese beiden auch am Dienstag die Penthesilea und
263 1888 524 1953 kam infolge
571 1906 1850 1964 den Achill spielen müssen, dies kurze Zwiegespräch hätten sie ge¬
271 1930 527 1988 Es gab aus
568 1940 1853 2011 wiß auch bewältigen können. Oder man hätte die Aufführung
190 1948 529 2035 side Zwiegespräch
576 1995 1854 2077 besser auf später verschieben sollen, lieber als daß man das graziöse
194 2017 524 2077 bend treffen sich
584 2045 969 2120 Stückchen totspielte.
190 2059 524 2111 me und ein Herr
639 2062 1853 2151 Ein Stück aus Otto Erich Hartlebens „Studentenpoesie“ kam
194 2104 529 2166 geladen heimeilen
572 2125 1858 2206 dann an die Reihe. Nach dem lieben süßen Wiener Mädel das
190 2146 524 2209 um seinem Mädel
572 2169 1853 2240 waschechte mund= und schlagfertige Berliner „Verhältnis“, die be¬
187 2191 524 2253 sommt das Ge¬
580 2211 1858 2282 rühmte Lore, um deren Gestalt der ewige Student Otto Erich
190 2237 522 2290 und des unver¬
579 2266 1858 2332 einen Kranz seiner schönsten Gedichte geschlungen hat. Der Ein¬
194 2280 527 2340 te Mädel“. Mit
580 2299 1859 2378 akter „Lore" ist die dramatisierte Geschichte vom abgerissenen
185 2320 532 2383 was hochmütigem
571 2348 1837 2416 Knopf, die ja wohl jeder Gebildete wie den „Gastfreien Pastor
190 2369 535 2430 der Vorstadtliebe,
580 2391 1864 2461 einmal gelesen hat. Die Aufführung war vorzüglich. Schon die
210 2412 535 2472 langsam bei der
587 2435 1861 2501 Einrichtung der möblierten Studentenbude war köstlich stilgerecht.
190 2457 539 2512 t dem ihr einstiger
590 2480 1858 2545 Ausgezeichnet in Sprache und Stil war Herr Hugo Höcker als
206 2499 534 2557 Verständnis da¬
597 2525 1851 2595 steifleinener Vetter, der das Sein oder Nichtsein eines „soliden
189 2543 539 2604 telten Verhältnis
587 2565 1869 2646 Verhältnisses auf einen anzunahenden Blusenknopf gründet. Von
194 2590 539 2648 Liebe. Sie hatte
639 2609 1872 2680 frischender Echtheit, Anmut und Natürlichkeit war die Lore
184 2628 534 2690 r sein Mädel zu
580 2659 1866 2730 des Frl. Müller. Den Höhepunkt erreichte ihr Spiel, als
187 2675 535 2736 hr sie daran, daß
593 2699 1869 2774 sie dem entrüsteten Vetter auseinandersetzte, es sei besser, ein
182 2720 534 2785 nuß nach Hause.
592 2736 1870 2812 Knopf sei los, als eine — Schraube. Gut waren dann auch Herr
200 2764 534 2830 rasch entschlossen
584 2796 1683 2856 Krones als „der Kleine“ und Herr Pleß als Fred.
235 2809 535 2886 für sein Mädel
680 2844 1875 2909 Den Schluß des Abends bildete Ludwig Thomas erst
187 2841 390 2922 ihr sagen:
590 2880 1867 2948 vor kurzem bei Langen erschienenes Lustspiel „Lottchens Ge¬
197 2902 539 2962 dir eine Frau, die
593 2932 1877 3001 burtstag“. Es soll eine Satire auf das Problem der
176 2944 539 3020 en Mut dazu nicht
593 2970 1864 3046 sexuellen Aufklärung sein. Der welt= und menschenfremde Uni¬
593 3014 1875 3080 versitäts=Professor Giselius hat es sich in den Kopf gesetzt, seine
185 3007 542 3094 glückes liegt in
590 3061 1872 3140 Tochter Lotte an ihrem zwanzigsten Geburtstag in die Geheim¬
198 3093 548 3172 sieht Anatol dem
590 3102 1872 3178 nisse der Ehe einzuweihen. Seine Verschrobenheit und Ungeschick¬
1898 1346 3173 1416 lichkeit führt dann zu einem ebenso komischen wie für die Be¬
1898 1392 3170 1461 teiligten peinlichen Auftritt mit dem gleichgearteten Bräutigam
1900 1435 3173 1501 in spe, dem Privadozenten Dr. Appell, den der besorgte Vater
1904 1485 3175 1548 gleichfalls „aufzuklären“ für seine Pflicht hält. Schließlich aber
1908 1529 3181 1590 löst sich alles in Wohlgefallen, in einer Verlobung auf, und dem
1901 1572 3178 1645 Professor fällt ein Stein vom Herzen, als seine Tochter mit dem
1908 1612 3178 1682 gesunden Freimut eines modernen Mädchens erklärt, daß sie
1908 1661 2849 1730 heimlich einen Hebammenkurs mitgemacht habe.
1990 1703 3178 1774 Gegen die vorhergegangenen dichterisch feinen Stücke wirkte
1904 1751 3177 1819 „Lottchens Geburtstag derb und plump. Trotzdem brachte es
1908 1798 3177 1861 dem Verfasser den stärksten Erfolg des Abends ein, denn Ludwig
1904 1841 3177 1908 Thoma kennt sein Publikum. Das Stück streift oft hart an die
1908 1885 3177 1954 Grenze dessen, was auf einer guten Bühne gesagt oder angedeutet
1904 1927 3177 1996 werden darf. Das halb enthüllte Pikante reizt und wirkt und
1906 1972 3183 2033 darauf hat Thoma in der Hauptsache spekuliert. Der Dialog ist
1904 2012 3180 2079 mit raffiniertem Geschick bis an die entscheidenden Worte geführt,
1912 2061 3170 2138 gesagt werden sie aber nicht, nur in die Ohren getuschelt oder
1912 2111 3178 2177 in letzter Verlegenheit unterdrückt, aber so, daß sie der Hörer
1912 2161 3183 2222 erraten muß. Darauf beruht der Lacherfolg von Thomas Ein¬
1912 2187 3173 2258 akter, der, wie angedeutet, ein Meisterwerk geschickter Theater¬
1916 2233 3185 2303 mache ist. Die Gestalten sind auch nach dem Geschmack des
1911 2288 3180 2345 Publikums gezeichet. Vor allem der Professor Giselius, der ge¬
1911 2320 3177 2386 nau so aussieht, wie das Bild, das sich die große Masse von einem
1912 2362 3183 2436 verdrehten Universitätsprofessor macht, nach den Witzen der
1916 2411 3149 2482 „Fliegenden Blätter" und des „Simplizissimus". Herr Dapp¬
1919 2453 3181 2525 gab dann die Figur noch um einige Grade derber und ein¬
1919 2504 3188 2570 fältiger, sodaß der Titel „Kapazität", mit dem der Professor von
1925 2545 3191 2615 seiner Umgebung öfters belegt wurde, auf diesen Mein wirklich
1917 2585 3183 2659 nicht paßte. Die Gestalt hätte bedeutend seiner und distinguierter
1922 2635 3191 2701 gegeben werden sollen. Das gleiche gilt von dem Privatdozenten
1919 2682 3194 2743 des Herrn Rex, der so unscheinbar und kümmerlich war, wie ein
1919 2712 3193 2786 verhungerter Dorfschullehrer, auch natürlich nur nach dem Bilde
1919 2761 3190 2838 der Witzblätter. Gut war die Professorin der Frau Pix, die
1916 2804 3193 2878 auch von dem Dichter zu gewöhnlich gezeichnet ist. Vortrefflich
1920 2846 3190 2923 hat Frau Frauendorfer die kleine Rolle der Cölestine durch¬
1922 2891 3196 2975 geführt, wie Frl. Holm die der Lotte. Nicht unerwähnt darf auch
1924 2938 3001 3025 das famose Dienstmädchen von Frl. Genter bleiben.
2008 2972 3198 3052 Es ist mir völlig unbegreiflich, wie Eltern Kinder
2008 3032 3198 3109 solche Stücke schicken können, ohne sich vorher über
1911 3080 3204 3177 deren Inhalt zu vergewissern. Jede Zeitungsredaktion und die
