3344 4192
604 128 716 226 1
113 160 515 253 4.9. Ana
1237 150 1594 248 box 9/5
889 163 1001 256 ku
372 944 1573 1020 Erbteil alter Kulturen und guter Überlieferungen ist. Darum
18 963 116 1034 en.
370 983 1567 1052 kennt er ja auch trotz seiner ewigen Liebschaften keine wirkliche
27 1014 296 1103 , im August.
373 1040 1568 1093 Leidenschaft, denn die Leidenschaft fragt nichts nach der Form;
373 1075 1558 1142 sie geht rücksichtslos über diese weg. Für Anatol wäre es
81 1070 322 1153 schmeichelt sich
373 1136 1562 1193 „horrend", etwa zum Girardi=Hut ein schwarzes Beinkleid zu
56 1130 324 1192 Morgen seines
373 1166 1564 1227 tragen, und er würde bei der leidenschaftlichsten Liebeserklärung
33 1159 327 1234 ließ, damit, daß
373 1202 1558 1270 schleunigst aufstehen, wenn er an seinem Rocke oder an der Hose
51 1218 321 1278 werde, aber so
370 1261 1562 1306 einen Schmutzfleck entdeckte. Er hat eben diesen ausgeprägten
33 1260 325 1317 Männer stets der
375 1288 1561 1347 Sinn fürs Außerliche, der eine Eigenschaft seiner Rasse ist. Ein
36 1297 324 1367 chungen nicht zu
367 1335 1559 1400 Nachteil? Darüber kann man verschieden urteilen. Der Sinn
33 1347 325 1403 Ernst der Zeit,
376 1373 1558 1434 für das Außerliche und die Form ist etwas Wesentliches, im
32 1388 315 1449 niger Zeit, daß
366 1421 1558 1490 Verkehr sowohl der Menschen wie der Völker, bei den kleinen
27 1428 324 1487 Unruhe der zwei
372 1457 1561 1528 Ereignissen des Gemütes wie bei den Dramen der Politik. Man
36 1473 321 1528 ihn erfaßt hatte.
369 1497 1561 1571 kommt viel weiter, wenn man gewisse Berechnungen unter sehr
48 1516 315 1576 der patriotischen
366 1537 1561 1612 liebenswürdigen Formen versteckt; das höchste ist, diesen Formen
45 1561 324 1615 da änderte sich
367 1583 1552 1646 den Anschein einer großen Natürlichkeit und Ungezwungenheit
33 1601 315 1659 izier, er hat also
370 1631 1555 1690 zu geben. Dem Norddeutschen fällt dies außerordentlich schwer,
42 1642 313 1708 seine Schuldig
367 1672 1552 1729 der Österreicher macht es spielend. In der Figur Anatols steckt
39 1687 318 1744 5. Das frühere
372 1711 1553 1783 daher sicher Stil, so wie in einem Lannerschen Walzer Stil steckt,
44 1725 322 1788 entschwundenen
370 1755 1552 1815 in einem Makartschen Gemälde oder in den großen Renaissance¬
33 1773 318 1832 mern, von den
361 1804 1558 1863 palästen am Ring. Das alles ist nicht etwa ganz Österreich
33 1817 318 1871 mit einer ge¬
373 1845 1549 1902 ebensowenig wie Anatol ganz Jung=Wien vorstellt), aber, so
27 1857 319 1916 and in der seinen
360 1886 1552 1949 wie es ist, konnte es nur in Österreich entstehen, hat echt öster¬
36 1898 328 1956 e. Nichts mehr
367 1928 1552 1994 reichischen Stil. Dies halb südliche Temperament eines begabten
48 1941 321 2000 den Frühlings¬
367 1966 1549 2042 Volkes, mit einer großen Empfänglichkeit für alle Lebensreize,
24 1985 316 2042 de schlüpfte, wie
360 2009 1546 2078 mit einer hübschen Neigung, sich und andern gern etwas vor¬
29 2023 309 2086 hnachtseinkäufe
360 2056 1552 2121 zuspielen, dazu die Wiener Großstadtironie — dies alles nahm
30 2071 301 2134 Abschiedsfouper
364 2098 1555 2157 der Dichter zusammen und schuf daraus die Figur des Anatol.
33 2115 315 2173 wird er wahr¬
361 2140 1550 2208 Alles in allem: man kann sehr viel, aber will man eigentlich
24 2152 321 2214 sie erleichtert ja
361 2193 1573 2247 etwas? Neuerdings und besonders infolge der letzten Ereignisse
24 2197 324 2259 les ist also nun
366 2220 1549 2291 trifft man nun auch in Österreich wieder Leute, die viel wollen.
24 2241 316 2298 zogen. Die Be¬
369 2265 1552 2334 Man sieht und hört sie in den Kaffeehäusern, sie diskutieren in
20 2285 321 2342 die Beförderung,
361 2307 1546 2376 den Gemeinderäten und in den Zeitungen; sie haben oft preußische
33 2324 318 2384 Christine. Die
364 2345 1546 2414 Ideale, auch wenn sie auf die Preußen jetzt und früher schimpften.
30 2367 322 2429 Interesse; der
361 2390 1546 2468 Sie lernen sogar etwas, was bisher dem deutschen Österreicher¬
24 2410 312 2467 gte, unter pein¬
354 2434 1257 2507 tum so ziemlich gänzlich versagt war: Sachlichkeit.
18 2453 321 2525 gerlich muß man
402 2539 1543 2619 Merkwürdig, wie wenig Leute man bisher in Österreich traf,
32 2563 315 2653 selbst nicht, wie
361 2589 1546 2665 die sachlich sein konnten. Diese Eigenschaft „Sachlichkeit liegt
33 2623 318 2683 konnte er das
354 2646 1543 2711 nicht im Programm der Rasse. Sprach man einmal mit einem
15 2665 315 2726 eisen der Haupt¬
363 2680 1540 2753 Österreicher über seine politischen Angelegenheiten, so kam eine
17 2707 315 2768 er die erste Rolle.
364 2714 1540 2789 solche Fülle von Voreingenommenheiten, subjektiven Meinungen,
9 2748 315 2814 eisen der Frauen.
355 2769 1537 2835 Haß ohne Prüfung, Leidenschaft ohne Begründung heraus, daß
21 2795 315 2858 an Hofrätin und
354 2801 1543 2881 der Ausländer, und insbesondere der Reichsdeutsche wie vor einem
21 2840 309 2899 ihn gern hatten,
352 2849 1541 2917 unentwirrbaren Knäuel stand. „Hoffnungslos —! Kein Mensch
14 2882 312 2944 n. Und er hatte
361 2894 1537 2954 kann da durchfinden —!“ Das war gewöhnlich die Antwort, die
29 2923 306 2981 — die Sache bei
358 2942 1537 3010 einem in den letzten zwanzig Jahren jeder Reichsdeutsche gab,
11 2968 309 3033 klich geliebt? Es
354 2978 1537 3055 dem man von innerer österreichischer Polnis sprach. Das lag
18 3013 310 3073 gewesen, daß es
357 3019 1535 3090 weniger am Stoff als an der Art, wie die Österreicher ihn dar¬
18 3055 312 3105 innerlich nie von
358 3061 1534 3129 stellten. Und man gewann die Überzeugung jenseits der schwarz¬
8 3094 303 3154 ja keine Fessel
355 3111 1531 3168 gelben Grenzen, daß die innern Angelegenheiten dieser Monarchie
20 3141 292 3195 „Echaussement
349 3150 1534 3212 einen Rattenkönig von Fragen darstellten. Dieser völlige Mangel
14 3180 310 3242 im Leben. Das
351 3194 1534 3260 un Sachlichkeit mag vielleicht alte Erbschaft aus süddeutschem und
17 3222 318 3284 tum schätzten sie
349 3224 1526 3294 keltischem Blute sein; er ist sicher auch eine Folge der nun jahr¬
18 3269 310 3326 der Liebe spielen
355 3285 1528 3349 zehntelangen Sticheleien und Ränke der Völker untereinander,
18 3309 304 3371 schien, während
355 3322 1529 3389 des unablässigen Federkriegs, deren Streitigkeiten, der
15 3355 303 3413 ser eine Geliebte
361 3361 1532 3424 steten Vergiftung einer ewig neu aufgepeitschten öffentlichen
11 3398 299 3449 ledigt, und dann
351 3407 1528 3478 Meinung. In bezug auf Sachlichkeit hat der Österreicher von dem
15 3439 299 3496 sinnigen Melan¬
354 3451 1528 3520 kühlern Norddeutschen alles zu lernen. Sachlichkeit ist nicht nur
39 3481 298 3538 Das war das
349 3487 1528 3552 eine, es ist „die deutsche Eigenschaft. Weil er allein von allen
15 3528 307 3583 lung und, nach
346 3529 1528 3592 Völkern Europas imstande ist, sachlich zu denken, darum hat der
9 3565 303 3624 Und dies Leben
349 3574 1528 3638 Deutsche bisher den Weltkrieg gewonnen und wird ihn weiter
18 3606 298 3668 el Reiz und gar
352 3626 1532 3680 gewinnen. Eine Sache sich genau ansehen, sie nach allen Seiten
18 3654 299 3707 ten, sondern die
342 3665 1525 3734 erforschen, sie nach ihren guten und schädlichen Wirkungen be¬
15 3695 299 3753 enn das ist nun
352 3705 1529 3767 trachten, dabei von jeder Beziehung zur eigenen Person und deren
9 3732 299 3796 er von Holz und
351 3746 1528 3820 Vorteil absehen — das ist weder englisch noch französisch noch
8 3778 298 3836 lich niemand so
357 3788 1528 3859 slawisch, das können nur Deutsche, und darin liegt eine der tiefsten
12 3824 298 3878 eleganten Ge¬
343 3827 1519 3892 Wurzeln deutscher Macht. Und nachdem dieser Denkprozeß be¬
8 3863 303 3922 bst. Die Provinz
342 3887 1519 3945 endet ist, sich die Mittel zu einer Aufgabe zurechtlegen, sie dann mit
9 3908 301 3964 Elemente, und in
345 3915 1522 3973 hartem Willen durchführen —, mit dieser Methode werden die
9 3951 296 4011 d Arbeiter, auch
343 3961 1520 4026 Staatsmänner beider Nationen künftig ihre Aufgaben lösen, und
9 3994 289 4048 urechtzukommen.
342 3997 1525 4057 ihre Völker werden auch mit ein bißchen weniger Kirchturms¬
15 4036 284 4092 tol, den liebens¬
343 4039 1520 4103 interesse und mit weniger Subjektivität leben müssen. Anatol, wenn
33 4077 298 4148 sehen klatschen
1609 971 2784 1043 ebenso hoch gewertet werden? Die ästhetischen Spielereien, der
1606 1017 2784 1087 Schauspielerkultus, die Sucht, sich um eine Rolle von Baumeister
1603 1066 2787 1130 oder Sonnenthal ein halbes Jahr zu streiten? Am Ende hat
1604 1094 2787 1163 man den Appetit daran etwas verloren. Es t so schwer, das zu
1613 1154 2783 1215 sagen. Anatol könnte, wenn er der alte bleibt, seine unzweifel¬
1604 1187 2786 1258 haften Gaben auch praktisch ausnützen. Man wird vielleicht nach
1597 1224 2786 1300 diesem Frieden eine bestimmte Sorte von Diplomaten nötiger
1598 1266 2781 1335 haben als früher, um dies verhetzte und verbitterte Europa
1598 1323 2781 1376 zunächst wieder ein bißchen in Ordnung zu bringen. Die Völker
1595 1353 2783 1424 geschickt zu umschmeicheln, um ihnen gewisse harte Bissen mund¬
1603 1403 2778 1461 gerecht zu machen, das wird zunächst einmal nötig sein, und das
1598 1443 2775 1510 war zu manchen Zeiten eine gute österreichische Spezialität.
1592 1484 2774 1555 Hierin ist der Österreicher dem Norddeutschen überlegen. Das
1598 1528 2771 1591 wäre eine Aufgabe für Anatol; er wird das geschickt machen,
1601 1576 2774 1631 ebenso geschickt, wie er mit den Frauen umzugehen wußte. Und
1600 1606 2775 1681 wie gesagt, die Norddeutschen ihrerseits sind sehr ungeschickt darin,
1597 1651 2775 1725 Völkern mit Erfolg zu schmeicheln. Anatol würde als Diplomat
1607 1695 2775 1762 gewiß Erfolge haben. Keine schlechtern als Friedrich v. Gentz,
1600 1738 2775 1809 der in der österreichischen Staatskunst vor hundert Jahren eine
1592 1777 2775 1851 bemerkenswerte Rolle gespielt hat, und der ja in seiner Jugend auch
1598 1823 2775 1887 eine Art Anatol gewesen ist. Dem müßte unser Held nach¬
1598 1862 2780 1931 eifern. Und es ware nicht der schlechteste Witz, wenn sein Dichter
1597 1905 2775 1973 nach so viel hübschen Episoden, die voll Jugend und Liebe und
1589 1949 2775 2014 Glut sind, noch einen Ergänzungs=Dreiakter schreiben könnte:
1598 1985 1960 2045 „Exzellenz Anatol“.
