3436 4256
319 136 831 260 4.9. Anatol
1148 150 1239 248 lu¬
1442 130 1798 246 box 8/5
1320 776 2679 875 Die Berliner Bühnen. 231
1495 2953 2224 2994 Tilla Durieur als Jokaste in „König Odipus“
1493 2994 2226 3067 Photographie von Zander & Labisch in Berlin
1042 3049 2671 3122 dig gereizten Pfandleiherin aus Ino= Bühnen. Im Neuen Schauspielhaus gab
1873 3120 2675 3171 man Nestroys „Zerrissenen". Die alte
1042 3116 1842 3181 wrazlaw als einem echauffierten Wiener
1056 3165 2669 3232 süßen Mädel. Fiel das Herrn Brahm Wiener Posse steht und fällt mit dem Ko¬
1048 3213 2675 3268 und seinen Getreuen nicht auf? Sie dis= mikertrio, das alle Stücke des melancholi¬
1889 3264 2671 3325 schen Humoristen beherrscht. Neben hyper¬
1044 3260 1848 3325 kreditieren ja eine der besten Kräfte des
1054 3311 2677 3376 Lessingtheaters, wenn sie sie mit so un= naivem, fast kindischem Gezerre und einer
1881 3358 2675 3415 Reihe kluger, sogar feingeschliffener Witz¬
1044 3362 1651 3429 möglichen Aufgaben betrauen!
1877 3410 2677 3463 worte enthalten diese rührsam ausgelasse¬
1095 3384 1844 3473 Alte Scharteken bildeten das Weih¬
1881 3461 2677 3542 nen Nestroyaden ein paar Karikaturen,
1048 3459 1850 3540 nachtsgeschenk auch der übrigen Berliner
