3484 4256
1381 175 1740 266 box 9/3
276 189 1209 285 4.9. Anatol - Zyklus
906 703 1719 840 Allgemeine Zeitung, München
1088 894 1465 1023 16. Dez. 1925
1022 1072 1911 1208 VON DEN BUNEN
1313 1165 1645 1260 Anatol
1123 1237 1814 1327 5 Einakter von Arthur Schnitzler
1261 1295 1681 1369 Residenztheater
1073 1332 1907 1420 Fünf Sketsche, — zusammengeschnallt zu einem
1023 1400 1911 1461 Bündelchen sanftesten Seelenkinos. Schlager von
1023 1432 1122 1477 einst.
1071 1448 1902 1534 Mit welcher harmlosen Ausdauer dieser Anatol
1023 1518 1908 1577 auf Liebeleien trainiert, sich selbst allzu ernst
1022 1555 1892 1620 nimmt und das bißchen Animalität und das beß
1022 1599 1745 1650 chen Geknutsche und das bißchen Weib.
1054 1644 1896 1694 Dann nimmt er, alldieweil der stärkste Mann
1015 1668 1895 1731 doch auch in dieser Hinsicht nicht dauernd von
1022 1714 1895 1774 der Praxis leben kann, die Abenteuerchen bei den
1020 1764 1895 1814 Haarströhnen, — der Bubikopf war damals leider
1016 1802 1901 1864 noch nicht erfunden — und pustet sie ein bißchen
1018 1828 1316 1886 auf mit Theorie.
1058 1879 1885 1943 An dieser Theorie wärmt er dann sein mate¬
1015 1914 1889 1985 Heldentum, seufzt, beglückwünscht sich selbst zu
1015 1963 1885 2029 seinem Avancement zum Don Juan in Westen
1014 2003 1896 2064 taschenformat und packt schließlich den ganzen
1007 2039 1832 2093 Krempel in einer soliden Sentenz zusammen.
1052 2077 1884 2130 Dazu braucht er eine Unzahl von Anläufen.
1013 2109 1886 2177 Aber man merkt sofort: der Mann mit den dau¬
1008 2162 1885 2223 ernden Fehlstarts. Aber immer an unscheinbaren
1003 2204 1884 2266 Details verhafpelt er sich Rekordfieber eines
1013 2232 1309 2295 sanften Gemüts.
1046 2252 1880 2332 Es säuselt eine einschläfernde Gemütlichkeit
1010 2302 1881 2376 Staub wollt von abgetanen Reflexionen, die schon
1009 2352 1880 2419 so schön aufgebaumelt waren im Museum der
1009 2388 1122 2437 Seele.
1039 2419 1881 2494 Man schluckt den Staub und schluckt die Re¬
999 2451 1878 2526 flexionen und doklert an seiner eigenen Seele
1004 2518 1872 2568 herum und denkt zu sich selbst: wenn du doch bloß
1002 2545 1871 2609 den Druckknopf finden könntest, damit auch be¬
998 2593 1877 2662 dir die Innenbeleuchtung der Seele magisch zu
1002 2620 1280 2677 glühen beginnt.
1035 2657 1880 2723 Da aber das Gemüt nach dieser Richtung hin
1002 2702 1865 2756 durchaus nicht mehr einwandfrei funktioniert, be¬
998 2751 1871 2802 merkt man schließlich, daß das ganze Geschehen
1008 2782 1867 2852 schon allein durch den Zeitverbrauch ins Reich
1002 2823 1385 2874 des Märchens gehört.
1039 2849 1575 2912 Süßholzgeraspel per Zeitlupe.
1031 2900 1873 2950 Da dieser Sport aber zurzeit schon von wegen
992 2941 1871 3000 des Zeitmangels niedrig im Tageskurs steht, da
993 2981 1865 3034 die Revue die nackten Tatsachen populär mache,
988 3018 1871 3076 das richtige Kino per 7 Verführungen in 2 Akten
988 3055 1859 3120 das Unwahrscheinliche zum Gesetz erhob, Infla¬
971 3096 1894 3164 tion und Deflation Pole des Denkens wurden,
1947 1121 2825 1184 und die behutsame Dezenz das beste Mittel ist,
1947 1162 2832 1223 um sich die besten Frauen mit dem Erstbesten
1956 1201 2847 1277 entwischen zu lassen, wird dieser Anatol reichlich
1950 1230 2123 1291 legendar.
1983 1266 2835 1341 Man weiß eigentlich nicht, wie lange das her
1950 1308 2822 1377 ist. Das Vierteljahrhundert Zeitrechnung, das be¬
1947 1353 2614 1414 zwischen liegt, ist doch rein äußerlich.
1989 1392 2824 1465 Er riecht nach lau aufgewärmter ferner Ver¬
1942 1426 2145 1484 gangenheit.
1976 1474 2822 1535 Bleibt nichts als ein paar geistreiche Aus¬
1944 1500 2822 1580 sprüche, die man übt — zur gelegentlichen, spä¬
1942 1546 2290 1612 teren Verwendung.
1972 1611 2823 1692 Zeitfremdheit würde diesen kitschig sentimen¬
1942 1662 2814 1722 talen Anatol sicherlich erdrückt haben, wenn Gu¬
1944 1706 2817 1772 stav Waldau ihm nicht eine verklärte Vitalität
1936 1758 2818 1819 gegeben hätte. Er steuert ihn mit einem gedämpf¬
1935 1789 2809 1852 ten Impuls aus, mit einer gar nicht so zeitfrem¬
1931 1829 2808 1891 den Schlagfertigkeit. Dadurch rettete er oftmals
1937 1865 2813 1940 Situation und Thema, und zwingt am Ende doch
1938 1904 2325 1958 echten Beifall heraus.
1966 1943 2809 2010 Die geschlossenste weibliche Rolle bei weitem
1936 1978 2808 2043 Frida Schrantz, die lebendig und begabt das
1930 2023 2807 2077 Allzu=Gemütvolle durch ihr keckes Temperament
1924 2071 2809 2116 und ihren modernen Stil geschickt abschliff. Gra¬
1932 2103 2799 2162 ziös und scharmant im Prolog, in der Verderbt
1930 2141 2802 2212 heit der Tänzerin Bianka vielleicht ein paar Zen¬
1927 2175 2235 2233 timeter zu solide.
1965 2217 2806 2282 Charlotte Krüger und They Pricken da¬
1928 2251 2793 2319 gegen mehr verblassend. Herta Hagen, rou¬
1928 2299 2799 2364 niert und geschickt, Hilde Herterich viel zu
1928 2333 2460 2390 derb und gezwungen komisch.
1953 2381 2792 2434 Karl Graumann, ein natürlicher Anatol¬
1928 2392 2793 2484 Partner, sehr gut diszipliniert in der Wirksamkeit
1927 2451 2283 2506 schroffer Darstellung
1961 2477 2760 2559 Derfins Musik, — liebenswürdig verbindend.
1957 2552 2676 2629 Vergangenheit stand auf und wanderte,
1952 2599 2797 2672 Warum soll ein Vorgang aus der Zeit vor
1917 2636 2573 2708 20 Jahren nicht schon Märchen sein.
1951 2685 2796 2763 Das Tempo der Zeit läßt schnell zum Märchen
1906 2714 2051 2775 werden.
1953 2743 2439 2817 Die Kehrseite des Tempos
1942 2806 2790 2864 Jugendein rasender Fortschritt fercht alles vor¬
1907 2839 2029 2886 wärts.
1957 2869 2238 2925 Zeit, nur Zeit!
1953 2903 2785 2983 Ob sie wohl auch so rasch legendär werden, die
1916 2951 2793 3034 Leute der Gegenwart, die für nichts mehr Zeit
1901 2993 2033 3041 haben?
1945 3032 2788 3103 Für nichts? Für nichts Wesentliches, — von
1906 3062 2475 3142 Standpunkt der Vergangenheit
2374 3110 2757 3193 K. N. Nicolaus,
