3436 4256
1401 134 1751 237 box 8/5
284 143 1210 249 4.9. Anatol Zyklus
673 939 1731 1026 Den verewigten Staatsminister v. Goßler hörte ich einmal
688 1010 1727 1075 sagen: „Der kleinste leistungsfähige Kommunalbezirk im
672 1062 1250 1112 östlichen Preußen ist der Kreis.
1157 1151 1237 1211 IV.
712 1201 1735 1266 Mathilde Sussin, längst von Ibsen her als eine
677 1237 1725 1324 schweigende Schwester wertvoll unsrem Gedenken ver¬
669 1300 1729 1362 haftet. Eine von den Schattengestalten dieses größten
669 1352 1731 1424 Theaters der Unscheinbarkeit, der Seelen ... Jetzt
668 1399 1726 1468 war sie ein Bühnenfrauenzimmer: „Annie". Vor dem
673 1444 1727 1518 Abschied. Hundeschnauze. Rüdig; tonlos sicher. Ein
669 1505 1721 1563 unbeirrbares Stücke Pöbel. In dieser Unbeirrbar¬
667 1554 1721 1631 keit, in diesem stählern unverrücklichen Im Rahmen¬
673 1595 1143 1657 Bleiben: ersten Ranges.
710 1633 1722 1711 Und die tiefste Episode der Wurzen (die, welche sich
677 1691 1722 1772 seiner nicht mehr erinnert), die Bianka, so durch Reisen
668 1736 1494 1804 springt, das war Fräulein Hilde Herterich.
712 1767 1725 1853 Sie hat gewissermaßen eigentlich nicht mitgespielt;
676 1832 1726 1899 aber sie ist dagewesen. Mehr soll sie kaum.) Sonst
663 1887 1721 1969 ist sie regenfrisch und frühlingsfest und ein Elementar¬
664 1931 853 2000 geistä
712 1969 1718 2046 Und zum Schlusse die Triesch, ein setzter Nachtgast
667 2037 1287 2084 am Morgen vor der Hochzeit
1365 2035 1637 2097 wie tief
669 2076 1711 2140 dieser aufdringlichen Art, im falschen Liebliche, in
667 2131 1694 2194 Schmierenton, als spräche sie mit jedem Glied
667 2178 1131 2258 „So ist das Kleben!
700 2256 1722 2338 Jenseits von allen; der Max, der Freund, der
657 2334 1604 2392 Betrachterich, der Lächelnde, mit einem Wort
1645 2340 1723 2391 der
657 2373 895 2439 Reicher.
951 2382 1621 2453 Ausgesehn hat er ja manche
657 2432 1609 2493 ein Cafetier — aber gesprochen, Dinge gebracht,
668 2472 1715 2560 stimmungen geblinzt, Einwände geschwiegen... wie ein
661 2521 1272 2607 Meister... wie dieser Meister.
698 2620 1713 2707 Schnitzler kommt mit seinem späteren Schaffen, nehmt
656 2691 1710 2760 alles nur in allem, gleich hinter Hauptmann für unser
652 2727 811 2793 Drama.
698 2749 1709 2855 Und das Ganze dieses Anatol-Abends war: etwas
661 2828 1317 2887 Entzückendes. Ohne Weichlichkeit.
698 2879 1703 2947 Vorbildlich, was in dieser Darstellung alles heraus¬
649 2921 1707 2993 gearbei... nein herausgehoben worden ist. Wie
1791 979 2853 1057 mit umfangreichem Statur und Organen zu den und dann
1796 1036 2850 1106 für ihn Korporationsrechte zu erwirken, kommt man
1804 1087 2845 1144 einfacher und schneller zum Ziel, wenn man den Kreistag
1792 1173 2850 1242 immer: alles vom Grunde. Wie bloß hier. Alles
1800 1214 2838 1278 Gerüst und alle Linien, mit allem schimmernd ver¬
1795 1263 2190 1333 dämmernden Fleisch.
1834 1317 2841 1374 Ohne Mumpitz. Ohne Ablenken. Ohne farbige Ver¬
1785 1365 2608 1422 kafferung. Ohne Mehlspeis à la Rizinus.
1833 1419 2845 1479 Mit dieser Menschen=Richtung sollt ihr es halten.
1789 1456 2851 1524 Hier liegt, laßt euch nicht dumm machen, die Zukunft.
1830 1506 2838 1571 Und ich wünsche nicht die erhebende Linie des
1784 1549 2843 1629 neuen, des von uns mitgeschaffenen neuen Menschen¬
1785 1611 2843 1661 kunstwerks — nicht einmal zeitweilig — im Panoramen¬
1784 1647 2842 1742 kitsch und in der Gefälligkeit enden zu sehn. Ihr auch
1788 1703 2318 1771 nicht? Haltet euch danach.
2625 1731 2820 1836 Alfred Kerr.
1947 1898 2667 1996 Nestroy: „Der Zerrissene".
2017 1984 2601 2068 Neues Schauspielhaus.
1780 2042 2834 2125 Die Figur des „Zerrissenen“ ist komplizierten Ursprungs.
1788 2107 2834 2185 Sie stammt von Raimund, und gehört trotzdem in jedem
1784 2150 2831 2226 Anzug zu Nestroy. Sie kam aus der psychopathischen Re¬
1781 2209 2833 2265 gin, in welcher die Flottwells und Rappelköpfe sich aus¬
1783 2265 2833 2321 toben, und im Sanatorium des schärferen, lebensfrischen
1780 2313 2828 2374 Geistes genas sie. Herr v. Lips, der blasierte Millionär, hat
1783 2362 2829 2418 es nicht mehr nötig, mit Wald= und Wiesengeistern Kon¬
1780 2412 2826 2461 ferenzen abzuhalten oder sich von seinem Ebenbild be¬
1776 2452 2826 2518 ängstigen zu lassen, um über Glück und Geldeswert etwas
1783 2507 2828 2560 normaler zu denken. Nestroy läßt ihn Dummheiten machen
1779 2547 2830 2620 und durch höchst solide Kuren, wie einen unfreiwilligen Sturz
1775 2599 2826 2658 ins Wasser und seine tragikomischen Konsequenzen, wieder
1776 2657 2826 2724 gescheit werden. Alle geisterhaften Zustände finden ihre
1773 2699 2821 2763 höchst natürliche Erklärung, und wenn der angeblich er¬
1781 2753 2829 2814 soffene Herr v. Lips zum Entsetzen unwürdiger Erben das
1773 2797 2826 2870 Testament heimlich abändert, so spürt man es genau, daß
1771 2854 2821 2911 ein sentimentales Raimund=Gemüt nie auf diese Possen¬
1771 2891 2824 2960 diabolik verfallen wäre. Selbst Bühnenversenkungen, die
1767 2944 2820 3030 mit dem totgeglaubten Schlosser allerlei Spuk treiben, ge¬
2915 980 3351 1061 wat an die er¬
2952 1043 3357 1118 Der mit einem gele
2913 1096 3335 1143 gepaarte unerschöpfliche
2911 1177 3353 1243 winnen als glaubhaft me
2908 1225 3338 1296 naturalistischen Anstrich.
2947 1276 3359 1352 Darum ist Nestroy no
2908 1325 3323 1391 Momenten sieht man
2908 1382 3354 1443 Theater, aber die schnur
2908 1436 3339 1497 verstand, sie agieren sehr
2919 1479 3342 1543 schöpfe eines Dichters, der
2908 1525 3345 1590 reißer zu sein. Herr v.
2908 1578 3347 1636 klug reden. Er durchblitz
2911 1621 3342 1693 aphoristische Wendungen,
2910 1673 3357 1742 nähren, wenn ihm die bi
2903 1722 3167 1789 geholfen hätte.
2943 1763 3357 1837 Die Peitsche Nestroysche
2907 1809 3357 1894 die Komik seiner Situation
2900 1871 3357 1936 man sollte nach einem I.
2904 1926 3355 1989 und mühsam verworren
2899 1965 3351 2030 Quell der Laune öfters
2941 2018 3357 2091 Man hatte die Auffrist
2904 2070 3335 2137 Halm nicht zu bedauern.
2899 2109 3351 2191 dort gespielt wurde, eher
2895 2170 3358 2240 in der Behäbigkeit präpari
2903 2220 3357 2285 steller doch allmählich, w
2896 2263 3358 2321 richtigen Stil, der eine w
2896 2314 3358 2382 grotesk aufgetragener Ton¬
2902 2365 3359 2415 Besetzung des Herrn v. L
2894 2414 3357 2481 des seelisch zerrissenen Bi¬
2894 2462 3363 2521 Wortspiel schwer ausweiche
2899 2510 3354 2579 Und er zerblies bei sach
2898 2555 3347 2625 während Willi Thaller z.
2899 2616 3360 2677 unerhört lustigen Zungen
2891 2652 3363 2722 Madame Schleier der Ida
2896 2710 3358 2760 sich selbst zu parodieren u
2896 2760 3358 2822 Vergnügen bereitete Herr
2899 2804 3345 2859 schen Bauern, der seine
2891 2845 3335 2904 bringen will. Er spielte
2891 2900 3359 2966 Gestalt, älpisch verschmitzt
2891 2945 3359 3031 stimme jedes Wort hervorwi
