3344 4256
1054 155 1589 274 len an¬
2593 282 2677 345 B
1087 374 1412 517 New
1451 385 1926 519 Plays
2520 429 2696 523 VI
2045 391 2394 523 from
1790 567 2541 617 Ringstrasse. He had so few of the fasci¬
1039 567 1748 657 ANATOL AND NOVELTY
2599 577 2694 652 HA
1790 613 2541 648 nations of personality that are essential to
1794 642 2539 688 Anatol. Fancy, light or melancholy; illu¬
1796 650 2689 740 sion or disillusion; and the unconscious NOT
1012 659 1763 757 THE CHICAGO LITTLE THEATRE IN
1790 715 2541 753 ironies of both, were not in him. Mr.
1305 732 1472 790 BOSTON
1790 744 2541 788 Brown, who acted Anatol last evening,
1794 782 2539 824 obviously of London, and not of Vienna, in
2574 774 2689 864 Gabr.
1002 799 2539 878 A Capital Performance of Schnitzlers his speech, aspect and bearing, but therein
1794 851 2535 903 he takes only the corresponding liberty to
2602 855 2689 910 Visi
1027 855 1757 924 Series of Ironic Comedies in Miniature
1790 880 2543 922 Mr Barke's paraphrase of the German
2612 901 2696 964 — Si
1027 906 1763 981 A New Choice and Order with Them¬
1790 920 2543 962 text that he spoke. What is much more
1790 956 2535 1000 important, M. Browne gave Anatolight
2599 949 2689 1012 So
1025 947 1759 1027 Innovations in Settings — Acting That
1784 987 2539 1035 ness and grace of bearing, a quick mind, a
2597 1004 2689 1071 Arti
1027 1002 2541 1075 Accorded with Play and Personages-The sensitive an anciful spirit, nerves that
1792 1054 2545 1106 might easily fretted or stimulated, a
2599 1054 2683 1117 Into
1033 1050 1755 1144 Pleasant, Stimulating, Sophisticated
1788 1090 2541 1138 hunger for adventures, and hardly less
2597 1104 2683 1173 mar
1784 1123 2539 1165 for refleen old. The wistfulness
1027 1113 1338 1184 Flavor of it all
1788 1165 2539 1217 of dision the joy of illusion chased
2599 1159 2691 1213 Dra¬
1790 1196 2541 1236 each other hadow and sunshine
1054 1190 1761 1263 RONIC comedy, frankly diverting and
1788 1234 2535 1269 across the personation. It had fascina¬
1090 1240 1761 1290 high-spirited American farce and
1794 1261 2545 1309 tion and in both are essential
1087 1278 1761 1332 Viennese operetta true to type (after
1790 1297 2541 1349 to Ana besides, with all its
1075 1311 2543 1378 it has been remade on this side of the
1008 1361 2681 1422 Atlantic) provided the new bilis at the the expressive intonation that
1012 1403 2537 1462 Boston theatres last evening. The ironisch die character and da¬
2572 1414 2677 1460 to se
1784 1428 2045 1479 logue
2572 1447 2677 1493 have,
1002 1447 1755 1497 comedy or rather a succession of them in
1819 1445 2537 1520 The commenting and contrast¬
2568 1479 2673 1531 Hau¬
998 1485 1759 1533 miniature was Schnitzler's "Anatol," cap¬
1790 1491 2537 1552 no less well. If it is hard
2570 1520 2673 1571 tous
1002 1527 1755 1575 tally acted and novelly set on the stage at
1782 1535 2530 1591 for the spectator to figure
2576 1558 2673 1602 the
1008 1577 2673 1629 the to by the company of the little ha¬
1788 1602 2539 1658 Anato to speech, it
1006 1606 1761 1656 tre of Chicago. At its hands Boston at
1782 1640 2537 1696 must der for the actor to isolate
1000 1646 1761 1706 last saw a novel play and received much of
2570 1654 2677 1717 noti¬
1794 1675 2530 1729 him, he will fall into the category
2564 1696 2658 1740 play
1002 1694 1357 1742 the true savor of it.
1784 1706 2528 1765 of the table. The women were su¬
2568 1732 2668 1782 deed,
1039 1717 2528 1796 A new and original force of the recently often more and only once
2576 1765 2681 1809 and
1002 1775 1752 1819 American school of ingenious idea, Officer
1780 1775 2528 1842 less actes of Gabrielle merely
2572 1790 2677 1844 weak
1002 1815 1752 1870 666, came to the Park to replace "The
1784 1815 2537 1870 skimme surface of a personage whose
2572 1836 2687 1880 is the
1784 1857 2528 1905 very has the suggestion of inner
1008 1853 1752 1909 Woman." It is the story of a wealthy
2568 1870 2683 1916 strass
1794 1888 2528 1939 trait and mood, but Miss Hyman went
1006 1899 1752 1951 young New Yorker who returns from Eu¬
2572 1907 2685 1951 Nazin
1784 1926 2535 1970 deep into the cavernous Emily and it was
2570 1941 2685 1985 ar-
1002 1936 1759 1980 rope to find that a thief has appropriated
1784 1957 2535 2008 good to see Mimi, the tipsy, and Bianca, the
2566 1970 2683 2020 then
1000 1978 1755 2026 his name, his house, his pictures and his
1790 2001 2537 2041 common, acted with some verisimilitude to
2566 2006 2681 2056 in the
998 2018 1752 2081 sweetheart. The hero borrows a patro¬
1788 2026 2683 2089 their species after the over refinements of the
1006 2041 2683 2127 man's uniform and goes to the rescue. Mr. Ames polite ladies. The women of, down.
1012 2089 1755 2137 With much ingenuity the author has ad¬
1784 2098 2530 2146 the Chicago company sought the truth and
2570 2116 2683 2156 takes
1784 2139 2530 2185 no more than they have their audiences
1006 2129 1748 2177 ded a platoon or two of police and many
2566 2150 2681 2194 crimi¬
1784 2169 2528 2238 balked at it. It has been known to be more
998 2169 1752 2217 thrills out of melodrama. The result, well
2566 2185 2673 2236 make
1786 2200 2236 2250 interesting than elegance.
998 2215 1755 2265 enough acted by Mr. Abeles and notably
2568 2219 2654 2275 fair.
998 2254 1752 2313 by George Nash, makes a most amusing
1811 2242 2528 2309 So lightly and vividly played, with such
1788 2292 2530 2342 simplicity of means and sophistication of
1000 2292 1656 2351 and original evening's entertainment.
2558 2267 2666 2359 telin
1788 2334 2522 2374 understanding, "Anatol provided enter¬
1033 2332 1746 2380 The afternoon brought a special per¬
2564 2353 2666 2397 called
1788 2361 2522 2413 tainment and also reflection that rarely
1000 2374 1750 2422 formance at the Shubert, of Hauptmann's
2566 2388 2664 2436 work
1782 2401 2522 2447 come from the American stage. Schnitz¬
991 2415 1732 2470 latest drama Gabriel Schillings Flucht,
2564 2417 2666 2466 is tel
1782 2430 2528 2478 ler asks a sophisticated audience that is
2564 2459 2662 2503 say
1002 2468 2526 2514 with the company from the Irving Place perhaps more interested in the ironie ob¬
2556 2493 2654 2543 and
1000 2501 2533 2553 Theatre, New York. The play is a discur¬
2558 2530 2641 2572 of
1775 2539 2522 2599 than in the busy living of it, which, as
993 2537 1746 2585 sive, but thoughtful and moving picture of
2556 2564 2641 2608 bene
1778 2579 2528 2616 everyone knows, is often dull. He asks
993 2576 1744 2629 suffering and tortures of conflicting passion
2556 2597 2641 2643 sach
1778 2606 2524 2654 besides an audience ready to agree that the
991 2612 1746 2660 in an artist and a woman. The acting of
2558 2635 2641 2687 wo
1782 2643 2522 2689 contemplation of love as it plays in others
1000 2656 1740 2704 the company was excellent, Rudolf Chris¬
1773 2681 2522 2733 is much more interesting than the mere
1000 2700 1750 2750 tians's quite remarkable. It was as fine
1778 2708 2522 2765 making of it ourselves. Ho asks it to for¬
991 2744 2522 2815 and moving naturalism as Boston has seen get the love that on the stage and in
1778 2781 2522 2842 books and in music is a deep and some¬
993 2775 1437 2838 in its first class theatres.
1771 2815 2518 2867 times a tragic passion. We cannot have
1029 2804 1742 2865 Besides a return visit from "The Pink
1775 2857 2522 2894 always to do with depths and heights and
998 2846 1740 2907 Lady, with quite as good a performance
1778 2888 2518 2936 grandeurs. They are a little choking,
993 2903 1744 2955 as last year, Monday supplied Boston
1775 2926 2522 2967 maybe a little outmoded. There are other
993 2934 2522 2997 musically with a new operetta by Franz loves, butterfly loves, mere affairs" even.
991 2990 2524 3034 Lehar, "The Man with Three Wives." As They have amused us of both sexes when
1773 3024 2516 3068 we were young and in the vein and lived
993 3034 1748 3076 an excellent company sang and acted it at
1773 3062 2516 3103 in the world and believed we knew it
993 3064 1736 3110 the Majestic, it disclosed a complicated
1763 3095 2518 3139 Most of us have reason to believe now that
993 3106 1736 3156 libretto of much farce, but little humor,
1773 3131 2516 3189 they amused the bystanders, even more
985 3141 1736 3191 and music of an unusually tripping light¬
1775 3164 2516 3210 than they did us who were supplying
991 3181 1167 3244 someness.
1767 3202 2518 3246 the material for the observations. Accord¬
1769 3239 2520 3283 ingly Schnitzler bis his audience become
1167 3225 1562 3304 Toy Theatre: Anatol
1767 3271 2518 3308 as mute but observant Maxes, contemplat¬
979 3264 1732 3354 N three respects the company of the Lit¬
1769 3304 2516 3348 ing with the smile of detached wisdom the
1033 3331 1736 3371 tle theatre of Chicago took its own way
1767 3342 2514 3382 butterfly loves of Anatol and receiving
993 3350 2510 3425 in its performance of Schnitzler's "Ana¬ much entertainment and some enlighten¬
987 3400 1738 3444 to last evening at the Toy Theatre. As
1769 3407 2202 3459 ment from the process.
991 3438 1736 3474 the custom is on the German stage and as
1796 3444 2516 3484 But Schnitzler, being wise, makes his
987 3469 1729 3513 Mr. Ames elected to do when he produced
1767 3478 2514 3522 conditions conditions that it is very hard
981 3507 1732 3543 the piece at his little Theatre in New
1769 3515 2514 3551 for an American audience to fulfil. Once
987 3538 1729 3582 York, five of the dialogues were spoken and
1761 3547 2512 3589 and for all we must dismiss from our minds
981 3576 1732 3618 acted. The usual choice from the even
1773 3584 2510 3624 various sorts of love and especially the ex¬
981 3612 1732 3660 comprises the testing of His fidelity by
1769 3614 2520 3656 tremes thereof the love that is the pursuit
985 3643 1725 3685 her answers in hypnotic slee Anatoles re¬
1769 3653 2516 3695 and the attainment of sensuous gratifica¬
985 3681 1725 3718 traversing of his old loves and of one epi¬
1767 3687 2510 3722 tion for example; the love that flowers in
981 3714 1736 3756 sode in particular: the parting with the
1769 3720 2512 3760 happy and affectionate domesticity and
987 3752 1727 3796 sprightly and the tipsy Mimi at the fare¬
1767 3756 2510 3802 comradeship; and the love that is the
987 3787 1723 3827 well supper; the wistful encounter of Ana¬
1769 3787 2510 3831 poets say a great, deep high and holy pas¬
979 3819 2510 3863 tol and Gabrielle under the marquise of the sion. No doubt Anatol sought the wards
979 3854 1732 3902 shop on Christmas eve; and the serio¬
1761 3856 2514 3894 of the senses in his affairs, but we, pre¬
979 3883 1729 3936 come perturbations of Anatole wedding
1761 3894 2505 3936 tending to be of finer melle and seeking
981 3923 1732 3965 morning and the intrusive Lona. Mr.
1761 3929 2505 3965 finer sensations, puff this grossness away.
981 3959 1723 4005 Brown and the players from Chicago dis¬
1767 3965 2507 4001 Clearly Anatol was not in his youth in¬
972 3996 1734 4032 carded the farcical embarrassments of the
1767 3998 2507 4034 tended for domesticity, amable as he was,
1761 4024 2512 4072 though doubtless he succumbed to it in the
981 4030 1732 4067 nuptial morning and put in its stead
987 4057 1729 4095 Keepskes the dialogue between Anate
1761 4061 2512 4097 old, old human and German way, when
1773 4095 2510 4145 middle are sole into him. An Anatol
