3248 4256
223 18 1184 130 wird das Stadttheater Basel mit ausgezeichneten
218 112 1177 170 Solisten, größerem Orchester und größerem Chor
221 134 1172 209 das Opernprogramm bestreiten und wieder sind
212 200 1166 255 wertvolle andere Gastspiele in Aussicht genom¬
216 232 1166 283 men. Kurzum, es ist der Theatergemeinde ge¬
228 274 1179 345 lungen, in den 5 Jahren ihres Bestehens unserem
218 319 1172 376 Theaterleben Richtung und Rahmen zu geben
218 368 1166 431 und es zu festigen. Die Notwendigkeit und die
221 402 1166 463 gute Wirkung dieser Institution ist erwiesen und
216 449 1166 519 der Erfolg ist vor allem das Verdienst ihres
221 485 1169 560 Präsidenten Dr. Speidel, was aus der Versamm¬
212 532 1169 602 lung wiederholt und mit Akklamation bekundet
212 579 1163 646 wurde. Erfreulicherweise ist auch ein gewisser
220 624 1160 679 wirtschaftlicher Erfolg eingetreten. Trotz der
218 664 1156 727 Schwere der Zeit und des geringen Mitglieder¬
213 706 1160 767 beitrages hat die Theatergemeinde nach dem Kas¬
214 742 1160 817 senbericht von Frl. Jörgensen bereits ein Ver¬
205 791 1160 856 mögen von Fr. 1084.— erworben, das als kleiner
209 835 1156 904 Rückhalt gegen eventuelle Rückschläge willkom¬
207 879 1161 930 men sein wird. Herr Huber erstattete den Revi¬
214 915 1156 985 sorenbericht und nahm die Abstimmung vor. So
200 973 1158 1034 hat Aaraus Theaterpublikum aus eigener Kraft
200 1015 1160 1064 und mit geringen Mitteln seine Theaterfrage
200 1059 1161 1105 einigermaßen gelöst oder wenigstens in gute
199 1085 1151 1160 Bahnen bringen können. Der Stadtrat war weit¬
211 1131 1160 1189 sichtig genug, diese Bestrebungen von der ersten
204 1181 1151 1239 Stunde an zu erkennen und zu fördern, was für
197 1219 1158 1285 den Erfolg der Theatergemeinde wiederum von
205 1267 1146 1326 entscheidender Bedeutung war. Möge das Publi¬
194 1307 1142 1377 kum das seinige weiter tun und sich immer zahl¬
204 1353 1012 1405 reicher in der Theatergemeinde sammeln.
258 1394 1152 1450 Die Direktion des Stadttheaters ließ es sich
198 1437 1137 1494 nicht nehmen, mit dem „Abschieds souper
195 1489 1151 1535 aus Schnitzlers „Anatol“=Zyklus ihrerseits der
200 1523 1156 1570 Theatergemeinde dem Dank des Ensembles Aus¬
194 1557 1151 1631 druck zu geben. Mit wenigen Requisiten schuf
194 1607 1151 1671 Frau Direktor Senges im großen Affenkastensaal
194 1651 1146 1717 eine kleine Chambre separée für die köstliche kleine
198 1695 1146 1760 Wiener Episode. Zwei Oesterreicher, Frl. Delys
188 1748 1140 1801 und Herr Lerner, gaben das Paar, das sich ver¬
191 1788 1140 1838 abschiedet, Herr Goeckler sekundierte als der
188 1837 1142 1893 gute Freund Max, der sozusagen die Sordine auf
184 1866 1149 1923 den Saiten der Sentimentalität und der Leiden¬
189 1909 1142 1967 schaften darstellen soll. Herr Ferner debüttierte
189 1958 1140 2024 in dieser Rolle für Aarauf er ist nen. Er gab
184 2000 1140 2052 den Anatol lebensstrichen, nicht der über¬
184 2045 1141 2103 kultivierten impressionistischen Weichheit dessen,
181 2082 1144 2138 der zum Nervenbündel geworden ist u. die Seele
177 2130 1141 2191 entschleiert hat. Und er hat eigentlich auch recht,
176 2181 1131 2237 obschon der Anatol die Figur ist, die immer wie¬
177 2212 1138 2277 der der Impression des Augenblicks erliegt und
186 2250 1132 2319 sich so ins Leben verwickelt. Schnitzler stellt in
183 2300 1122 2356 dieser Episode mit viel Ironie dar, wie zweie
181 2339 1132 2396 die sich nichts vorzumachen versprochen haben, aus
171 2387 1124 2454 der Kolle fallen, da sie doch immer Adam und
184 2425 1135 2485 Eva sind. Lerners Anatol war Schnitzler „von
174 2470 1128 2536 der anderen Seite, von einem viel bestimmteren
177 2515 1127 2584 und festeren „Ich“ aus. Des neuen Schauspie¬
181 2555 1129 2621 lers Talent scheint in der Richtung der leichten,
183 2606 1128 2665 unbeschwerten Schwärmerei zu liegen und Ana¬
181 2647 1128 2703 tol ist ja auch kein Othello. Frl. Delys als die
181 2685 1126 2748 Annie, die sich plötzlich verliebt, war in ihrem
176 2726 1122 2791 Element. Ein unbekümmertes Wienermadl, ganz
174 2768 1115 2841 dem Augenblick offen, der Liebe, wie dem Cham¬
167 2828 1113 2882 pagner, den Austern wie der Rache und ganz vor¬
175 2866 1110 2914 züglich einstudiert in der kleinen Trunkenheit
177 2902 1119 2967 Herr Goeckler widmete sich mit gleicher Gelas¬
171 2940 1123 3007 senheit den Expektorationen Anatols wie dem
165 2989 1113 3053 vorzüglichen Souper, das, dem Lokal angemes¬
171 3032 1196 3097 sen, diesmal echt war, von der Auster bis zum die
2138 135 2353 216 ku
1449 133 1964 230 4.9. Anatol
1627 1045 2456 1150 CASINOS IN OSTERREICH
1725 1123 2357 1192 Baden / Salzburg / Semmering
1628 1173 2452 1229 Roulette — Baccara — Chemin de fer
1623 1218 2453 1298 Österreichische Casino A. G.
1634 1280 2457 1336 Wien III, Schwarzenbergplatz 5a
1620 1369 2421 1483 „OBSERVERT GRATIS
1853 1454 2456 1520 1. österr. behördlich konzessioniertes
1851 1500 2447 1560 Unternehmen für Zeitungs-Ausschnitte
1845 1537 2457 1597 Wien 1, Wollzeile 11, Telephon R-23-0-43
1604 1709 1955 1782 Ausschnitt aus:
1794 1801 2327 1953 Das Wien
1608 1919 1731 1994 vom
1847 1922 2000 2039 2
1597 2119 2304 2217 Auch er will zur Prossbühne:
1636 2196 2371 2300 Leo Slezsk soll den
1717 2279 2292 2394 Shylock spielen
1645 2355 2399 2448 Der Zug von der Musikbühne zur
1599 2416 2408 2496 Prosabühne scheint immer allgemeiner
1590 2468 2402 2555 zu werden. Als einer der ersten sattelte
1594 2528 2406 2604 Hubert Marischka vom Gesang zu ge¬
1604 2568 2396 2641 sprochenen Wort über — er spielt be¬
1585 2623 2396 2697 kanntlich in der Eröffnungsnovität des
1585 2674 2393 2749 Volkstheaters, „Lebensfreude“ von Fred
1588 2716 2396 2789 Heller und Adolf Schütz, eine Hauptrolle;
1588 2776 2392 2847 Alfred Piccaver wird, wie wir kürzlich
1579 2814 2390 2888 meldeten, im Rahmen einer Wohltätig¬
1581 2872 2384 2946 keitsvorstellung in Schnitzlers „Anatol“
1588 2920 2383 2995 auftreten; und nun erfahren wir, daß
1579 2963 2387 3036 Leo Slezak im Laufe der kommenden
1581 3008 2380 3099 Saison den Shylock in Shakespeares
1581 3072 2396 3147 „Kaufmann von Venedig am Deutschen
1570 3114 2143 3202 Volkstheater darstellen soll.
2570 124 2907 226 box 9/4
