3344 4256
1361 166 1717 277 box 9/1
244 172 771 281 4.9. Anatol
761 179 1088 297 Zykl
521 538 718 626 Wenden!
851 547 1243 640 Rückseite haften!
1238 628 1471 727 Telephon 12
733 690 1266 883 OBSERER
567 844 1504 952 I. österr. behördl. konzession. Unternehmen für Zeitungs-Ausschnitte
665 910 1406 1024 WIEN I. CONCORDIAPLATZ
890 974 1164 1058 Vertretungen:
494 1013 1507 1102 in Berlin, Basel, Budapest, Chicago, Cleveland, Christian
500 1063 1499 1148 Genf, Kopenhagen, London, Madrid, Mailand, Minneapol
491 1097 1499 1192 New-York, Paris, Rom, San Francisco, Stockholm, St. Peter
884 1159 1148 1215 burg, Toronto.
780 1178 1248 1268 (Quellenangabe ohne Gewähr.)
483 1241 1431 1353 Ausschnitte:
799 1322 1050 1403 20 9 191
477 1339 604 1394 vom
435 1467 1501 1611 cker auf der englischen Bühne. „Die Frage
356 1521 1501 1644 an das Schicksal", „Abschiedssouper" und „Episode“ von
354 1571 1495 1684 Artur Schnitzler werden Ende September in der Londoner
357 1608 1499 1725 Music Hall Tivoli mit untergelegter Musik als Operetten
357 1652 1493 1762 aufgeführt werden. Die englische Version stammt von
357 1681 1495 1798 Adrian Roß und Granville Barker und die Musik ist von
354 1723 1488 1827 Lachlan Maclean. — In dieser Saison wird auch Schnitz¬
351 1756 1485 1917 lers „Grüner Rekadu" zum ersten Male di der englischen
359 1796 1030 1906 Bühne zur Aufführung gelangen.
623 2264 1025 2366 Rückseite beachten
1176 2267 1363 2352 Wenden:
298 2270 499 2369 Wenden!
1021 2362 1335 2453 Telephon 12801
544 2511 1067 2623 „OBSERVER
365 2596 1308 2672 I. österr. behördl. konzession. Unternehmen für Zeitungs-Ausschnitte
471 2655 1206 2724 WIEN I, CONCORDIAPLATZ 4
701 2711 971 2787 Vertretungen:
308 2770 1358 2826 in Berlin, Basel, Budapest, Chicago, Cleveland, Christiania,
308 2814 1355 2862 Genf, Kopenhagen, London, Madrid, Mailand, Minneapolis,
305 2859 1356 2923 New-York, Paris, Rom, San Francisco, Stockholm, St. Peters¬
699 2895 963 2952 burg, Toronto.
687 2935 1035 3008 lenangabe ohne Gewat
709 2924 1436 3031 Morder Corresponde¬
305 2991 993 3094 Ausschnitt aus. 1912
306 3084 446 3156 vom
336 3201 1485 3306 er in England. Die Frage an das Schicksal, Abschiede¬
250 3278 1482 3361 souper und Episode von Artur Schnitzler werden Ende September
256 3297 1473 3390 in der Londoner Music Hall Tivoli mit unterlegter Musik als
250 3359 1471 3435 Operetten aufgeführt werden. Die englische Version stammt von
264 3379 1473 3468 Adrian Roß und Granville Barker und die Musik ist von Lachlan
236 3415 1470 3510 Maclean. In dieser Saison wird auch Schnitzlers Grüner Kakadu
235 3460 1468 3566 zum ersten Mal auf der englischen Bühne (durch die Adelphi Play
250 3494 872 3597 Society zur Aufführung gelangen,
2203 1496 2910 1593 un ancisco, Stockholm, St. Peters¬
2239 1565 2514 1625 burg, Toronto.
2158 1574 2617 1681 (Quellenangabe ohne Gewähr.)
1841 1659 2991 1791 Ausschnitt aus Volksstimme, Magdebur
2213 1759 2317 1823 191
1830 1751 1993 1819 vom
2082 1888 2750 2003 Viktoria-Theater.
2441 1984 2957 2065 Magdeburg, 15. Juni.
1928 2031 3010 2096 Gastspiel Heinz Senger. Anatol von Artur
1892 2076 2085 2130 hnitzler.
1743 2091 2989 2178 men rage an das Schicksal, das „Abschieds¬
1745 2161 2994 2205 souper" und der „Hochzeitsmorgen" zur Darstellung. Der Gast
1824 2199 2988 2251 war glänzend. Es gab keine Schnitzlersche Liebenswürdigkeit,
1829 2239 2989 2284 Sentimentalität oder dekadente kleine Frechheit, die von ihm
1827 2276 2994 2328 nicht ausgeschöpft worden wäre. Den abgeschliffenen Wiener
1832 2315 2983 2355 Dialekt beherrschte er sicher, Spiel und Charakterisierung, Vor¬
1824 2357 2983 2402 trag und Bewegung waren über jedes Lob erhaben. Rudolf
1827 2397 2991 2447 Klein=Rogge stand ihm als Maxl sicher und gewandt zur
1824 2425 2983 2478 Seite. Treffliche und talentierte Gegenspielerinnen fand Heinz
1824 2470 2988 2512 Senger in den Damen Gertrud Janssen, Hanni Stickel
1827 2509 2991 2551 und Ludovika Duverné. Dem Publikum, das das Haus dicht
1832 2545 2983 2596 füllte, wurde literarischer und künstlerischer Sekt in hellen
1829 2579 3002 2624 Kristallschalen geboten und jeder der Schlürfenden hatte seine
1827 2620 2991 2679 helle Freude an den blinkenden, glitzernden Perlen, die er in erste
1824 2658 2390 2731 Linie Heinz Senger verdankte.
