3296 4224
141 178 1080 270 4.9. Anatol - Zyklus
1254 168 1609 265 box 8/6
1258 874 2133 996 Bitte Rückseite beachten!
1713 958 2112 1063 Telephon 12.801.
1911 1071 2020 1160 et
1097 1238 2164 1337 I. österr. behördl. konz. Unternehmen für
1395 1294 1862 1377 Zeitungsausschnitte
1092 1334 2152 1428 Wien, I., Konkordiaplatz.
1508 1403 1770 1468 Vertretungen
1097 1435 2159 1512 in Berlin, Basel, Budapest, Chicago, Cleveland, Christiania,
1105 1484 2157 1551 Genf, Kopenhagen, London, Madria, Mailand, Minneapolis,
1108 1523 2165 1592 New-York, Paris, Rom, San Francisco, Stockholm, St. Peters¬
1496 1571 1778 1635 burg, Toronto.
1359 1615 1918 1697 (Quellenangabe ohne Gewähr).
1108 1639 2054 1778 Ausschnittenes Münchener Tagblatt
1374 1730 1786 1833 25
1661 1788 1782 1837 10
1117 1803 1265 1890 vom
1420 1883 1669 1964 Anatol.
1145 1934 2019 1990 Das leichtsinnige Wien am letzten Jahrhundert¬
1073 1992 2018 2054 schluß hat in Arthur Schnitzler einen geist¬
1067 2024 2023 2084 reichen und amüsanten Schilderer gefunden. Im
1091 2075 2024 2129 Anatole-Zyklus setzte er vor allem dem „fü¬
1079 2103 2023 2161 gen Mädel", der Grisette verschiedenster Provenienz,
1069 2137 2028 2197 und dem unverbesserlichen Lebemann ein erheitern¬
1073 2180 2023 2236 des literarisches Denkmal. Die fortschreitende Zeit
1073 2222 2023 2274 wird freilich mehr und mehr zu der Erkenntnis ge¬
1077 2256 2026 2316 langen, daß er dabei hübsch an der Oberfläche ge¬
1069 2294 2023 2353 blieben ist. Ein dauernd Wertvolles darf man aber
1081 2339 2022 2414 wohl den feinen, ungezwungenen Dialog dieser
1079 2382 1407 2441 Einakter nennen.
1153 2411 2018 2476 Das Münchner Schauspielhaus bietet neuestens
1081 2454 2019 2519 eine gesammelte Uebersicht über Anatols Liebes¬
1081 2487 2023 2548 nöte in 5 „Kapiteln". Hievon zählt Abschieds¬
1084 2526 2022 2587 souper" seit vielen Jahren zum eisernen Bestand
1081 2567 2026 2629 des Stolberg=Bühnen=Repertoires. Auch bei der
1079 2604 2026 2677 „Frage an das Schicksal“ ist man in Mün¬
1079 2645 2020 2716 chen bereits verschiedentlich Zeuge gewesen und
1073 2689 2026 2757 „Anatols Hochzeitsmorgen" haben wir vor
1073 2732 2024 2785 ca. zwei Jahren als Matinee im Volkstheater (wenn
1080 2765 2024 2820 wir nicht irren, mit Frau Glöckner und Herrn Cra¬
1079 2810 2027 2862 mer) erlebt. Zum erstenmale gingen also hier eigent¬
1085 2841 2030 2901 lich nur „Episode" und „Weihnachtsein¬
1088 2898 2030 2947 käufe über die Bretter; ersteres eine nette Feuille¬
1088 2925 2032 2981 ton=Plauderei mit allerlei Liebes=Reminiscenzen,
1079 2970 2030 3028 letzteres eine mit Grazie behandelte Flirt-Szene;
1088 3008 2028 3058 aber beides ohne dramatischen Funken und daher
1087 3046 2027 3119 in der Wirkung schwächer als die übrigen drei Ein¬
1084 3095 1196 3156 akter.
1165 3100 2027 3183 Darstellung, Inszenierung und Ausstattung
1091 3159 2032 3224 zeigten die Leistungsfähigkeit des Schauspielhauses
1084 3196 2032 3260 auf einer erfreulichen Höhe. Für Anatol, den „leicht¬
1100 3236 2030 3296 sinnigen Melancholiker und Liebhaber aus Beruf,
1091 3274 2032 3333 könnten wir uns kaum einen besseren Vertreter den¬
1088 3322 2032 3372 ken als Herrn Waldau, der die liebenswürdige
1088 3357 2028 3413 Bummler=Physiognomie brillant zur Schau trug.
1092 3393 2031 3453 Absolut sympathisch machte auch Herr Randolf
1085 3438 2039 3499 den gutmütigen „Freund Max". Die Reihe der
1091 3473 2028 3540 wechselnden Freundinnen begann Frl. Steinbre¬
1084 3511 2035 3567 cher mit guter Betonung des Grisettencharakters
1084 3550 2035 3611 der „Cora“. Frl. Landing im eleganten Hosen¬
1085 3594 2036 3654 rock war für die Zirkuskünstlerin „Bianca viel¬
1091 3626 2038 3689 leicht etwas zu distinguiert, wogegen Frau Ger¬
1089 3665 2027 3737 häuser die mondäne, zurückhaltende Frau trefflich
1097 3707 2035 3765 akzentuierte. Frl. Woiwode als frische „Annie"
1097 3752 2042 3808 im „Abschiedssouper ist zur Genüge bekannt. Die
1091 3788 2035 3854 Kette schloß Frl. Schaffer mit einer sehr tem¬
1093 3821 2038 3886 peramentvollen „Ilona". Eine besondere Augen¬
1096 3858 2050 3929 weide waren die Szenen=Bilder von Ferd. Götz, E.
