3436 4352
234 194 1189 294 4.9. Anatol - Zyklus
1362 203 1709 297 box 9/5
1160 1359 2078 1467 Das Wiener Buch im Jahre 1920
1118 1444 2152 1502 Degen und Kultur des Luxus sammelten sich im ein¬
1097 1490 2159 1553 stigen glücklichen Wien um Weihnachten zu einem
1094 1530 2156 1594 rauschenden Feste. Ein wienerischer Dichter hat diese
1087 1569 2152 1624 vorweihnachtliche Wiener Stimmung wundervoll fest¬
1095 1605 2155 1677 gehalten; wer könnte sie feiner, zärtlicher, eleganter
1097 1658 2161 1703 nachzeichnen als Artur Schnitzler? Ach ja, aber auch
1087 1685 2160 1745 Anatol feiert jetzt nimmer Weihnachten wie einst! Und
1087 1728 2160 1786 ein Hofrat, der einen Sohn auf der Universität, einen auf
1094 1764 2156 1818 der Technik hat, dessen Tochter sich jetzt einem prakti¬
1090 1806 2160 1863 schen Beruf zuwendet, so ein neuer Armere muß jetzt
1094 1843 2152 1915 nachdenken, womit er den Seinen Freude machen könnte
1138 1883 2153 1935 Wie war denn das also noch vor vier, fünf Jahren
1094 1919 2157 1975 Damals schickte Anatol Frau Gabriele Blumen weißen
1102 1958 2157 2021 Flieder in einem opt, wundervoll arrangiert, seiner
1099 1998 2152 2058 »Kleinen kaufte er einen Schirm — mit feinstem Mode
1094 2041 2159 2096 Horngriff — eine Crêpe de Chine-Bluse, drei Stück eng¬
1102 2078 2159 2135 lische Seifen; in ein entzückendes Lederportemonnaie gab
1097 2120 2168 2185 er einen Hunderter (worüber sich die Kleine entsetzte,
1093 2157 2157 2219 daß er soviel ausgegeben hatte). Die ganze Besche¬
1094 2196 2160 2252 rung war mit 500 Kronen erledigt. Der Hofrat war natür¬
1102 2235 2164 2291 lich bedacht, das Schöne, Sinnvolle mit dem Praktischen
1099 2274 2156 2330 zu verbinden: in Summa buchte er in seinem Ausgaben
1109 2313 2160 2371 buche für sieben Meter Foulard, sechs Paar Handschuhe,
1102 2353 2165 2421 einen Wollsweater, zwei Paar Skier, den vierbändigen
1111 2402 2165 2444 Nibelungen Klavierauszug, eine Manicure Kassette in
1106 2440 2157 2492 Leder- und Nickelausführung, einen elektrischen Tee
1109 2470 2161 2539 kocher, Briefpapier, Kravatten, zwei Paar Sockenhälter
1106 2520 1336 2576 400 Kronen.
1136 2543 1671 2615 Das war Weihnachten 1913.
1136 2581 2169 2651 Im vorigen Jahre bekam Frau Gabriele ein Sträuchen
1109 2631 2173 2690 weißer Rosen, Heliotrop und Hyazinten; die Kleine¬
1102 2664 2169 2730 dieses Jahr beiläufig dasselbe wie ihre Vorgängerinnen:
1109 2715 2173 2765 bewußte englische Seife; wieder ein Geldtäscherl, aber
1111 2746 2169 2803 es war ein Tausender darin und die Kleine nahm ihn mit
1109 2785 2172 2850 Gelassenheit. Als Anatol nachher zu rechnen begann,
1105 2825 2177 2881 waren 15 Tausender weg; Anatol hat zu den neuen
1114 2866 2173 2920 Reichen keine Beziehung; er fand das Leben wirklich
1106 2902 2168 2956 hart und nun schon fast ekelhaft; er begann nachdenk¬
1111 2941 2175 3003 lich zu werden. Der Hofrat hatte sich alle Geschenke
