3436 4256
1338 195 1705 283 box 9/3
213 195 779 290 4.9. Anatol
860 191 1029 305 Zy
257 702 459 790 Aus
132 764 797 882 garter Neues Tagblatt
404 933 779 1014 22. Dez. 1925
1022 1040 3087 1095 Schauspielhaus zeigt sich neben Forster-Lar lustiger Abend, wie er in diesen Räumen zu den großer
1025 1084 3094 1132 rinagas die Regiekunst Richard Revys auf einer Seltenheiten gehört. Auch die alten Theaterbesucher, die
180 1073 878 1172 Münchener Theater¬
1029 1128 3087 1172 Höhe, die vor allem bei der Erstaufführung von Gogols sonst bei derartigen Ausgrabungen wehmütig der Ganz¬
173 1165 3098 1209 heutiger Bericht müßte einen Trauerrand „Revisor ins hellste Licht trat. Gogols „Revisor ge¬ zeiten der Münchener Hofbühne gedenken, vergaßen, was
1033 1205 3098 1250 hört zu den wertigen Dramen der Weltliteratur, die nicht einst gewesen, und genossen die Gegenwart. Nur einen
143 1176 1003 1250 Jenn wenige Tage nachdem ich über Mohr
180 1242 3098 1290 und die erschütternde Wirkung des Vorspiels altern, und die wir trotz der überwuchernden Ueberfrem= Fehler hatte die Inszenierung: die Herrschaften erschienen
165 1279 3087 1330 hard Kellerhals als Maschinist berichtet dung der deutschen Bühne immer wieder mit ungemischter alle in der Mode von 1925 und dies schuf eine unwahr¬
151 1308 2051 1367 dieser große Künstler freiwillig aus dem Leben Freude begrüßen. Und es ist eine seltsame Erfahrung, zu
2076 1323 3087 1367 Fiktion von Gegenwart. Unwahr, weil in dieser Komödie
176 1356 1007 1400 und hat damit nicht nur das Münchener
1036 1363 3091 1408 spüren, wie aktuell diese beißende Satire heute ist, für von 1893 der Lebensrhythmus des modernen Leben, mit
151 1396 3091 1444 ater, sondern die deutsche Bühne überhaupt uns, die wir die Inflationskatastrophe mit ihrem Ein¬ Telephonklingel und Autohupe fehlt. Unwillkürlich wird
158 1437 3087 1488 stellers beraubt, dessengleichen auch wir Aeltesten dringen der Schieber und Gaunergepflogenheiten in die man zu nachdenklichen Betrachtungen darüber angeregt
158 1477 3083 1525 ge gesehen und dessengleichen sobald wohl auch anscheinend gesichertsten Bürgerkreise miterleben mußten, welche ungeheure Umwälzung diese modernen Ueber
154 1510 3091 1566 ererstehen wird. Außerhab Münchens verhält¬ Während man früher mit einem durchaus interesselosen winder von Raum und Zeit auch auf der Bühne, im
1029 1555 3087 1602 Wohlgefallen an den Korruptionszuständen da hinten im Rhythmus des Dialogs wie der Handlung hervorgebrach
158 1551 1003 1599 wenig bekannt, war und ward er in den letzte
154 1588 3094 1635 für uns her immer mehr ein Inbegriff ganz dunkesten Rußland sich ergötzte, fühlt man heur als be¬ haben. Ein interessantes dramaturgisches Kapitel, das zu
1033 1635 3094 1698 sinnlicher Zuschauer plötzlich eine unheimliche Beziehung erörtern aber über den Rahmen eines Theaterbrief¬
154 1632 1007 1683 unst, dieser dämonische Komiker, über dem in
1029 1679 2437 1735 zu den Erlebnissen der jüngsten Vergangenheit und sieht hinausführen würde
169 1665 1000 1720 auf der Bühne ein Schleier tiefer Melanchol¬
158 1705 2054 1753 ag. Ein ganz Einsamer, der gar nichts von sich die alte Erfahrung wieder bestätigt, daß die inneren rein
2143 1709 3094 1779 Modern in jedem Sinn ist Franz Monars
1029 1746 2054 1793 menschlichen Wahrheiten der großen Meisterwerke zu allen
165 1746 1007 1793 und der niemand zu lieb und niemand zu lei¬
2076 1764 3102 1812 Dreikterspiel „O! Theater, das die Kammer¬
1033 1779 2047 1830 Zeiten aktuell und wirksam bleiben, vorausgesetzt, daß die
169 1782 1011 1849 bildete, die sich in das Herz und in das Ge¬
2076 1808 3094 1856 spiele herausbrachten. Ist es schon dankbar zu be¬
162 1819 2051 1871 ingruben. Wohl weniger eigene Neigung, als Darstellung der großen Aufgabe gewachsen ist. Das war
2069 1841 3098 1893 grüßen, wenn gleich der Theaterzettel verkündet: Er¬
1033 1860 2047 1907 bei der Aufführung im Schauspielhaus der Fall. De
165 1863 1007 1922 plan der Staatstheater drängte ihn fast aus
2076 1885 3087 1926 wartet nichts als Theaterei heut abend, so ist, wenn die
169 1896 2051 1948 auf das Gebiet grotesker Komik, aber wieviel grimmig groteske Humor Gogols übte auf die Zuschauer
2076 1926 3094 1973 Theaterei so geschickt und amüsant aufgemacht und so
158 1933 2047 1992 tiefer seine Kraft reichte, das ward gerade in einen dämonischen Reiz aus, der sich in der ganz spon
2076 1966 3094 2018 flott und temperamentvoll gespielt wird, dem Zuschauer
180 1973 2051 2051 Monaten seines Lebens offenbar. Wer seinen tanen Art des Beifalls, oft bei offener Szene kundgab
1404 2003 3094 2062 strollen, Leibelt als Gouverneur und eine gute Stunde beschert, deren harmlosen Genuß man
1036 2018 1345 2073 Die Träger der
158 2021 1011 2065 Samasthanka in Vasantasena gesehen, die
2073 2043 3098 2087 ihm nicht durch kritische Schulmeisterei beeinträchtigen soll.
1404 2054 2051 2102 falscher Revisor, waren Verkörpe¬
1033 2051 1352 2117 Forster=Larrinage
165 2062 1011 2124 el, das in wenigen Sekunden alle Phasen voor
2076 2080 3102 2128 Nur eins muß gesagt werden, die an sich sehr hübschen
195 2098 2051 2150 Kindlichkeit bis zur düsteren Vergreifung rungen einer schon an den Wurzeln verfaulten Kultur
165 2132 3105 2179 der erlebte eine Wanderung durchs Inferno, die mit erschreckender Eindringlichkeit — dem Bieder Einfälle — von dem Komödianten, der sich im „Feld¬
154 2157 3094 2253 das Glück hatte, ihn noch in seiner letzten Rolle meierkostüm zum Trotz — uns aus Zeitgenossenaugen anmarschall tragisch à la Rean im „König Lear wider
2076 2198 3087 2245 Willen komisch gebärdet, und von den beiden Komödianten
154 2227 1147 2278 ver" zu sehen, der ward von dumpfen, seligen sahen
2076 2245 3094 2286 im „Stilleben", die auch in ihren erotischen Beziehungen
1114 2227 2047 2301 Gerade das Gegenteil muß man feststellen von
169 2253 1014 2301 überriefest, wie sie nur selten im Rampenlich
1040 2282 3098 2334 Schnitzers Einakterzyklus „Anatol, den das Komödianten sind und bleiben — diese hübschen Einfälle
165 2286 1007 2345 den gemalter Leinwand wach werden. Den Ver=
1036 2323 3094 2381 Residenztbeater unter Gustav Waldaus Regie sind zu breit ausgesponnen und kommen dadurch nicht so
169 2330 1011 2378 einigermaßen wieder einzubringen, müßte das
2073 2359 3098 2414 zur Geltung, wie es bei der ausgezeichneten Darstellung
158 2367 2047 2437 ater ganz außerordentliche Anstrengungen aus langem Bühnenschlaf zum Leben erweckte. So mensch
1033 2407 3094 2459 lich sympathisch und seelisch vertieft auch Waldau seinen in den Kammerspielen möglich gewesen wäre. An und
154 2407 1007 2473 de vielleicht am ehesten zum Ziel führen würden
2076 2433 3094 2484 für sich gewährt es einen eigenen Reiz, wenn Komödianten
1033 2448 2043 2495 Helden hinstellte, dieser Typus des liebenswürdigen
169 2455 1011 2499 ihm gelänge, von den beiden schwer um ihre
180 2481 3098 2550 Existenz ringenden, aber künstlerisch jetzt auf leichtsinnigen, nichts als Liebeleien im Kopf habenden sich selbst und ihre Schwächen hellängig, mitleidslos pa¬
1040 2517 3094 2576 Lebemannes, ist zu veren. Er ist mit seinen schlech¬ rodieren. Das gilt vor allem vom zweiten und dritter
169 2525 1011 2576 hohen Stufe stehenden Privatbühnen einige
1040 2550 3098 2609 ten und guten Seiten untergegangen in den gewaltsamen Stück: Vorspiel zu König Lear und Stilleben, in denen
154 2561 1014 2617 hinüberzuziehen, wie ja denn auch Kellerhal¬
1040 2595 3098 2642 Erschütterungen des großen Kriege, und das ist gut sa. Otto Framer und Adolf Wohlbruck die parodistischen
169 2606 1014 2650 von den Kammerspielen kam. Es ist wirklich
2080 2639 3098 2683 Pointen bis zum letzten Tipfelchen auf dem i heraus¬
1033 2639 2051 2694 Man sollte ihn nicht — auch auf der Bühne nicht — wiede
158 2642 1003 2697 den künstlerischen Wetteifer des Schauspie¬
2076 2679 3102 2727 arbeiteten und dadurch sächliche Nichtigkeiten in große
169 2675 2051 2727 der Maximilianstraße und der Kammerspiele in aufleben lassen. Waldaus große Kunst, die jede Fau¬
2076 2712 3102 2764 Kunst emporhaben, scherzählen darf man dergleichen
165 2720 2047 2771 stenstraße zu verfolgen, sowohl in der Repertoir, menschlich so vertieft, daß man dem Menschen, der da che
158 2756 3102 2819 vie in den Leistungen der Darsteller Bede ver¬ agiert, gut ist, man mag wollen oder nicht, und die dabei so nicht. Das will geschaut sein, geschaut sein auch, wie keine
143 2793 3098 2844 Der eine Schar jugendlicher, vielseitig begabter wenig aufdringlich ist, daß man gar nicht auf den Gedanken und frische Regiekunst jede Rolle, vom großen Mimen bis
1040 2830 3094 2881 kommt, zu scheiden, was nun des Dichters und was des Dar¬ zur „Stimme des Beleuchters mit Leben und Farbe zu
151 2844 1011 2881 die bei dem durch die Verhältnisse gebotene
1033 2866 3094 2922 stellers Eigentum ist, schuf dem Werk einen Erfolg, der einer beseelen weiß. Das erste Stück „Feldmarschall hat falsche
162 2878 1003 2922 Wechsel des Spielplan sich in Rollen aller A¬
2076 2907 3102 2958 Töne, wie aber auch den Schauspielern Gelegenheit selbst
158 2914 2036 2966 en und zu bewähren Gelegenheit haben. Im bessern Sache würdig gewesen wäre. Es gebe ein¬
1959 3050 2995 3183 the reicher sie uns de de
1966 3138 2521 3245 Schminke vergessen zu wachen
2448 3186 2995 3271 Berthold Litzmann.
