3296 4224
1234 172 1603 270 box 8/6
110 179 588 285 4.9. Anato
489 175 1041 299 Zyklu-
2140 1333 3093 1439 die ihnen zugedachte „moralische Züchtigung.
1165 1366 2114 1464 Hand die Zügel der Regierung ergriffen und si¬
2235 1402 3111 1468 Wir lassen nun die uns hierüber aus Wien
172 1442 2121 1523 einem Doppelgänger in Petersburg nicht mehr unter unter strenger Wahrung der Verfassung bis au¬
2140 1450 3107 1544 eingesandten telegraphischen Nachrichten folgen.
179 1493 2125 1574 scheiden kann. Im „Abschiedsfouper stürmt Bianca diesen Tag zum reichsten Segen für Volk und Land
2183 1519 3082 1628 „Vaterland und Reise gegen die
175 1537 2129 1614 mit der Stimme, dem Umhang und dem schiefen geführt. In das Hoch, das Fürst zu Loewenstein am
2494 1585 2753 1650 Deutsche
175 1570 2125 1654 Hut der kleinen Balleteuse Annie ins cabinet parti¬ Schlusse seiner Rede auf den Prinzregenten aus¬
175 1610 2045 1691 culier herein und gibt Anatole den Laufpaß, ehe er brachte, stimmten die Anwesenden begeistert ein.
2216 1618 3107 1698 Wien, 9. März (Privat). Das „Vaterland
175 1672 1150 1742 ihr sagen kann, daß er ihrer müde ist. Und im
1252 1665 2034 1767 Die Ansprache des Prinzregenten.
2140 1683 3111 1753 meldet: Nach unseren Informationen sind die Nach¬
186 1716 1154 1789 „Hochzeitsmorgen wacht Ilona in Anatols Schlaf¬
2151 1731 3115 1793 richten, daß in Hartmanitz und Warnsdorf
1252 1727 2129 1815 Hierauf verlas der Regent, von tiefer Be¬
186 1771 1154 1829 zimmer auf, trinkt mit Anatol und Max Kaffee und
2143 1767 3111 1833 die Christlichsozialen bei der Stichwahl für
1172 1796 2121 1880 wegung ergriffen, eine Ansprache, worin es nach eini¬
175 1807 1143 1869 als sie versteht, daß Anatole Frack ein Bräutigams
2143 1811 3107 1884 die deutschfreiheitlichen Kandidaten stim¬
186 1844 1628 1939 frack ist, randaliert sie wütend, bis Max sie beruhigt, gen Dankesworten hieß
2147 1858 3104 1917 men werden, falsch. Seitens der Christlichsozialen
1252 1862 2118 1950 „Die festliche Freude im ganzen Königreiche und die
179 1891 1150 1953 Und sogar die delikateste Schnitzlersche Nuance ist
2151 1902 3111 1961 ist noch kein Beschluß gefaßt worden, die Christ¬
1172 1928 2121 1986 Opferwilligkeit, womit die Kreise der Bevölkerung sich
183 1942 1150 2001 schon vorhanden: in der „Frage an das Schicksal
2151 1942 3115 2008 lichsozialen dürften im Gegenteil sich der
1168 1968 2114 2023 an der Landessammlung beteiligten, sind mir eine neu
172 1975 1143 2048 Anatol, der Cora, dem kleinen Mädchen, in de
2147 1986 3111 2045 Stimmenabgabe enthalten, wodurch der
1168 1997 2121 2059 Gewähr für die Anhänglichkeit des bayrischen Volkes an
186 2019 1150 2089 Hypnose das Geheimnis ihrer Treue oder Untreue
1176 2030 3107 2114 das angestammte Königshaus. Der Allmächtige Gott sozialdemokratische Kandidat als ge¬
186 2063 1150 2125 abgewinnen will und plötzlich vor diesem Geheimnis
1172 2078 2129 2136 nahm mich bis zum heutigen Tage unter seinen heiligen
2151 2078 2665 2147 wählt hervorgehen müßte.
186 2110 1154 2172 sich fürchtet, so daß er die Frage unterläßt, ist ein
1172 2114 2129 2176 Schutz. Die 25 Jahre meiner Regierung fallen zusammen
2224 2103 3115 2180 Die „Reichspost“, das offizielle Organ der
186 2151 1150 2216 Vorläufer des „Paracelsus, den seine eigene Zaube¬
1168 2158 2121 2213 mit einer Zeit friedlicher innerer Entwick¬
2154 2162 3118 2242 Wiener Christlichsozialen, veröffentlicht einen ge¬
186 2194 2125 2253 rerweisheit erschüttert: „Sicherheit ist nirgends, wir ung Bayerns, wie sie die Geschichte früher kaum ge¬
1176 2216 3118 2289 kannt hat Im Deutschen Reiche kommt Bayern hässigen Artikel unter dem Titel: „Die
183 2238 1150 2293 wissen nichts von andern, nichts von uns“. Ei¬
1172 2249 3115 2329 eine geachtete Stellung zu und es bildet durch seine treue Deutschfreisinnigen in der Klemme." Noch vor
186 2278 1044 2359 Vorläufer der Ahnungen im „Puppenspieler
267 2297 3115 2381 Die hiesige Aufführung — sie vervollständigt die tapfere Armee einen starken Pfeiler der mächtigen Schutz wenigen Tagen, schreibt die „Reichspost“ u. a., habe
183 2337 3118 2428 ehemaligen Teilaufführungen — wird durch den Anatol wehr, die den Frieden verbürgt und die Früchte ruhiger der Abg. Zuleger in einer Versammlung im Hart¬
1176 2384 2129 2439 Arbeit reifen läßt. Alle Zweige unseres Erwerbsleben
2154 2384 3111 2443 manitzer Wahlkreis die alte Parole ausgegeben, lieber
190 2410 1154 2472 des Herrn Tiller und den Max des Herrn Hut
1176 2424 2132 2487 zeigen ein glückliches Gedeihen. Die Wissenschaft schreite
2154 2424 3111 2483 rot als schwarz. Eher müsse man mit den Sozial¬
186 2461 1154 2512 tig getragen. Und so fehlt ihr ein eigentliche
1176 2461 2129 2545 von Erfolg zu Erfolg, die Kunst hat sich herrlich ent
2147 2472 3111 2534 demokraten als mit den Christlichsozialen gehen. Und
190 2505 1157 2567 Anatol und ein eigentlicher Max. Denn Herr Tille
1183 2516 1289 2570 faltet.
1252 2516 3118 2622 Und so flehe ich denn Gottes reichsten Segen auf nun sollen die Christlichsozialen für diese Leute zur
186 2541 1157 2600 ist schwerblütig, ohne die Gabe der Nonchalance
2147 2556 3111 2618 Rettung marschieren. Sollten sich die Christlich¬
186 2581 1866 2665 und Herr Huttig müßte sich in den Schnitzlerschen unser liedes bayrisches Vaterland herab.
2154 2592 3111 2662 sozialen dafür entschließen, bei der Stichwahl nicht
201 2629 1157 2684 Dialog erst hinausspielen. In den Grenzen ihre
1256 2603 2132 2680 Nachdem der Prinzregent seine Ansprache be¬
2162 2644 3118 2706 Stimmenthaltung zu üben (eine Entschließung ist
197 2665 1161 2727 Naturells aber halten sich beide mit bewegliche
1183 2676 2132 2731 endet hatte, schritt er die Stufen des Thrones zum
2158 2687 3115 2746 noch nicht erfolgt), so wird dies für die Freisinnigen
190 2720 1157 2775 Routine aufrecht. Am wirksamsten erweist sich auch
1187 2720 2132 2779 Fürsten zu Loewenstein herab und sprach ihm per
2154 2727 3118 2790 eine Lektion, die auch wie eine moralische
201 2753 1157 2826 jetzt das „Abschiedssouper, und Fräulein Medelsk
1187 2760 2132 2819 sönlich nochmals seinen Dank aus. Ebenso begrüßt
2165 2771 3118 2837 Züchtigung schmecken wird. Es gibt auch eine
197 2797 1165 2866 ist eine Annie von wahrhaftigem Humor. In der
1183 2808 1953 2863 er die anderen Mitglieder der Kammern.
2165 2815 3115 2874 politische Nemesis. Die Christlichsozialen werden ihre
204 2837 1157 2910 „Frage an das Schicksal gibt Fräulein Kauf
1190 2852 3115 2943 gen gesonnenennusosakonnassansa onnenen Entscheidung für die Stichwahl, frei von Leidenschaft
194 2881 1088 2939 mann zart und unpersönlich die kleine Cora,
2154 2903 3118 2954 nach gewissenhafter Ueberlegung treffen, sie werden
197 2914 1168 2987 der „Episode bewährt Fräulein Glasel ihr Ge¬
2147 2939 3115 3012 immer den Vorteil der deutschen Inter¬
1318 2925 2026 3023 Für Chiffrebriefe u.
204 2961 1168 3038 schick. Im „Hochzeitsmorgen" benimmt sich Frau
2129 2987 3115 3056 essen (!) im Auge behalten und dann entscheiden
1282 2990 2037 3074 redaktion. Notizen
204 3009 1168 3071 Steinheil sehr temperamentvoll, und Fräulein
2151 3031 3115 3096 ob sie für die kalte oder warme Kur für die Deutsch¬
197 3060 1168 3111 Helling spricht sehr gescheit die Partie der Ga¬
1289 3060 1997 3140 für die „Bohemia“ befindet sich ei¬
2132 3078 2476 3155 freisinnigen sind.
194 3096 1165 3155 briele in den „Weihnachtseinkäufen". Die Szenen
1322 3100 2012 3158 Briefkasten am Graben Nr. 28
2249 3089 3122 3177 In einem Warnsdorfer Telegramm der
1322 3147 2015 3198 (nächst dem Kleinen Basar). Der Brief¬
197 3136 1172 3209 bilder sind künstlerisch einwandfrei. Die Beleuchtungs¬
2158 3144 3111 3213 „Reichspost“ heißt es: „Für die Stichnahl werden
1278 3184 2037 3242 kasten wird täglich mehrere Male (bis
204 3188 1168 3242 effekte sind sehr reizvoll. Im ersten Bild, den „Weih¬
2165 3198 3115 3261 die Ehristlichsozialen ihre Entscheidung im Einver¬
1413 3231 1932 3282 6 Uhr abends) ausgehoben.
208 3231 1172 3286 nachtseinkäufen, gibt es eine Sensation: ein kompletter
1176 3206 3111 3363 nehmen mit der Wiener Parteileitung lesen.
1000 3272 1136 3337 P. W.
208 3279 909 3348 Prager Liales rollt über die Bretter.
