3436 4256
1374 186 1746 285 box 8/6
256 186 811 289 4.9. Anatol
877 190 1140 289 Zykle
1191 895 1345 997 15
431 935 1155 1096 Dr. Max Goldschmidt
566 1052 1034 1151 Bureau für
559 1103 1052 1228 Lungauche
957 1162 1224 1253 und
395 1209 691 1304 Berlin N. 24
658 1308 1001 1403 Ausschnitt aus
512 1447 1228 1604 Basische Presse, Karlsruhe
786 1556 1100 1695 18 1. 191
1688 1739 3332 1845 doch, wenn's ein anderer kriegt? — Und Anatol bringt ihr, der Joch, so hätte man für
482 1725 3336 1878 Grosh, Hoftheater zu Karlsruhe innerlich bestrebenden, der diese kleine Welt gar so send ist, defeat den Weichen
409 1827 3332 1926 Zum erstenmal: Arthur Schnitzler, Weihnachtseinkäufe, neue Anschauung bei. „Sie können sich da nicht hineindenken!... es sich wie ein Am¬
482 1904 2949 1977 Die dramatisch-psychologische Studie „Anatol“, eines der fesselnd Man hat Ihnen zu viel verschwiegen, als Sie junges Mädchen waren
3036 1915 3329 2002 Zum erstenmal,
413 1922 1670 1999 sten Werke Arthur Schnitzlers, besteht aus sieben Episoden, in denen
1746 1955 2850 2002 und hat Ihnen zu viel gesagt, seit Sie junge Frau sind!
409 1984 1666 2042 der Dichter den „leichtsinnigen Melancholier", den mit moderner Sen
3025 1984 3329 2053 Der wackere Ot
1692 1977 2938 2050 Darunter leidet die Naivetät Ihrer Betrachtungen.“ Und in Gabriel
417 2028 1666 2083 sitivität geimpften, vornehmen Lebemann Anatol in der verschieden
1692 2024 3332 2086 wächst ein leises Verstehen und ein leises Verlangen auf, als Anatol Humor! Nun erzähl
406 2083 2945 2134 artigen Beleuchtung des Lebens vor immer neuen Problemen als ihr von seinem blonden Mädel erzählt, dem er alles auf der Welt ist
2960 2075 3329 2141 seine Schnurren, daß
409 2119 3332 2170 einen Typus up to date zeigt. Die zweite Episode darunter, be= und das nur Liebe, vertrauende, selbstlose Liebe kennt. Und sie be¬ gibt. Die „Geschicht
417 2156 3329 2218 titelt „Weihnachtseinkäufe", hat man gestern, aus dieser Dichtung greift, daß hier ihre Ueberhebung nicht mehr angebracht ist. Und genossen als Erzähl¬
417 2200 3336 2254 herausgerissen, auf unserem Hoftheater gegeben, für Anatols Ver= wenn sie sich eben noch spöttisch angeboten, mit Anatol zusammen die hat sie in der dra¬
417 2243 3329 2298 ständnis ebenso grausamer Weise, wie man einst eine andere Anatol-Weihnachtseinkäufe für seine Liebste zu machen und ihm hierfür allen ihrer lustigen Dikti
417 2291 3329 2342 Episode, das kecke „Abschiedssouper, uns seitens des Münchener Schau=möglichen Talmischmuck empfahl — jetzt reicht sie ihm von den genug behalten, un
413 2327 3336 2393 spielhauses im Stadtgartentheater vorsetzte. Denn so abgeschlossen der Blumen, die sie in der Hand trägt, daß er sie der in der Vorstadt gebe, lassen, wenn wir se
413 2371 3332 2419 dramatische Vorgang in der kleinen Causerie auch sein mag, die die so sehnsüchtig ihn erwartet. Und er soll ihr dabei sagen: „Diese Lore als geliebtes
413 2415 3332 2499 dramatische Persönlichkeit des Helden ist nicht zu ihrem Recht Blumen, mein . . . . süßes Mädl, schickt Dir eine Frau, die vielleicht nungssinn nicht in
406 2455 610 2528 kommen
2960 2455 3340 2525 Knopf ihrer Matrose
1692 2466 2919 2521 ebenso lieben kann wie Du und die den Mut dazu nicht hatte...
482 2466 1666 2554 Nun haben wir es also hier mit der einen Episode allein zu tun
2960 2506 3296 2565 dann der „Kleine
1750 2506 2934 2572 Das Stückchen ist aus. Ein echtes Anatol=Stückchen voll leicht
406 2532 1666 2594 die auch in ihrer „splendid Isolation" den geistvollen Wiener Dichter
1692 2532 3332 2605 sinniger Melancholie oder melancholischem Leichtsinn, voll Lebens seine Liebste sich mi
409 2591 3329 2638 erkennen läßt, der im Drama der liebenswürdige Plauderer und in hunger an reichen Tischen, voll artigen Verbeugungen gegen eben das und beide zusammen
2963 2634 3329 2689 so wird man in ein
409 2627 2941 2700 der Plauderei der feine Dramatiker ist. Das Ganze ein auf zwei Leben, das unser Gegner ist und dem wir ein sentimentales Schnipp¬
2956 2675 3329 2737 Wirbel auch wirklich
417 2671 2938 2737 Personen gestellter Dialog: Anatol und Gabriele treffen sich am chen schlagen. Und ist viel köstlicher, seiner Duft darin von einen
409 2707 3332 2773 Christabend bei den Weihnachtseinkäufen auf der Straße. Zwei zarten, sehr diskreten Parfüm. Und ist viel wundervolle Leichtigkeit Vorstellung ging zu
409 2755 1666 2810 Menschen der vornehmen Welt, die sich einander nahegefühlt, aber sich
2967 2762 3332 2821 sich. Und erst in
1692 2773 2938 2828 darin, wie Schmetterlingsflug. Schade, daß wir das hier nicht geber
413 2799 3332 2883 verloren, als die Gesetze jener Welt der jungen Frau ihre Grenze konnten. Denn die gestrige Aufführung hatte von dem Stückchen nur übriger Bezlichte
406 2835 1662 2894 diktierten. Nun erfährt Gabriele von Anatol, daß dieser für sei¬
1688 2846 3332 2901 den Titel und die Worte geborgt. Aber die innere Grazie, diese aus wollen auf der Büh
417 2886 3329 2945 „süßes Mädel“ in der Vorstadt draußen ein Weihnachtsgeschenk sucht, gesprochene Wiener Grazie, die allein das wirkliche Stück ist, die hatte Otto Erich hätte se
406 2927 1659 2989 Ihr Spott gleitet glitzernd über das Verhältnis hin, das den elegan
2960 2930 3332 2981 Stachelvers unterbre¬
1688 2941 2938 2989 man nicht zu Gast geladen. Die Besetzung des Anatol durch Herrn
402 2974 3329 3051 ten und vornehm empfindenden Mann in der „kleinen Welt festhält. Baumbach war unmöglich. Das wird niemand mehr wissen, als der Art sich hier sei¬
406 3014 1662 3069 „Versteht man Sie denn .... da draußen?" — „Keine Idee! Aber
1688 3025 2934 3080 Herr Baumbach selbst, dessen reiche Begabung ihn für alles, aber ju¬
2960 3029 3329 3113 Zum erstenmale: 2
402 3062 2934 3128 sehen Sie.... in der kleinen Welt werd' ich nur geliebt; in der nicht für das Gebiet der leichten Plauderei des Anatolstils geeigne
413 3102 1312 3150 großen — nur verstanden — Sie wissen ja . . . .
2985 3084 3329 3160 Tut mir um Gottes
1337 3109 2930 3160 Und Anatol weiß erscheinen läßt. Hier ist sein Wesen und sein Ton viel zu gewichti¬
406 3146 2930 3204 durch seine sacht hingeworfenen und doch sicher pointierten Bemerkungen und schwer und schlägt alle Feinheiten um sich einfach tot, ganz ab
2960 3131 3325 3204 hinaus, sie werden so
398 3190 3336 3237 die geringschätzige Meinung der Weltdame über solch eine Vorstadt gesehen von der Mißhandlung des Wiener Dialekts. Frl. Noorissimusstück brauchen
409 3226 3329 3288 Liebe leise zu wandeln. Denn die Dame der „großen Welt“ lebt in mans Gabriele war gleichfalls alles andere, nur nicht der Typ der ruhig den ganzen
413 3270 3332 3329 stiller Feindschaft zu denen der „kleinen Welt". Nicht, daß man ihr hier gedachten Wienerin, aber das mangelnde Gegenspiel mochte das führen können. Den
406 3310 1575 3365 etwas wegnimmt, weil sie doch selbst es nicht behalten will. „Ja
1677 3325 2927 3380 mitverschulden. Konnte man aber das Stück nicht besetzen — wo Her
2960 3321 3340 3372 Blüten, was Ludwig
402 3336 2901 3449 aber, wenn Sie selbst irgend was nicht wollen .... es ärgert Sie Herz und Frau Ermarth die geborenen Repräsentanten sind!
2941 3361 3285 3445 dote offen dartut.
