3344 4224
159 144 673 266 4.9. Anatol
1275 141 1630 254 box 9/5
816 143 990 266 Zykl
398 354 709 440 1. österr. Se.
599 397 1245 502 Ausschnitte und Bibliographie.
562 462 1283 583 Wien, I., Concordiaplatz 4.
785 554 1064 620 Vertretungen
385 584 1445 684 in Berlin, Brüssel, Budapest, Chicago, Cleveland, Christiania,
392 623 1445 716 Genf, Kopenhagen, London, Madrid, Mailand, Minneapolis,
392 655 1440 770 New-York, Paris, Rom, San Francisco, Stockholm, St. Peters¬
770 713 1046 776 burg, Toronto.
740 746 1094 813 ellenangabe ohne Gewähr.
376 792 1558 1005 tait un der Montage um die
366 905 514 968 vom
641 893 901 987 1 1. 1911
687 1034 1098 1158 Zeit=Glossen.
679 1168 1095 1260 Beim Abschiedssouper.
397 1223 1061 1320 Man wird an Schnitzlers „Anatol
1094 1241 1482 1326 erinnert, wenn man
300 1260 1476 1375 liest, daß sich die polnischen Minister in einem vornehmen
297 1332 1482 1419 Hotel zu einem Souper zusammenfanden. Der Glombinski
294 1382 1473 1470 und der Bilinski haben beisammengesessen und haben Freun¬
291 1430 1476 1516 desgrüße getauscht. Wie rührend! Der eine hat zwar den
282 1479 1476 1574 andern mit aller Wucht hinausgeworfen und sich an dessen
288 1529 1473 1632 Stelle in das Kabinett hineingeworfen, — aber dessentwegen
284 1580 1006 1648 keine Feindschaft nicht. Kocheime se,
1061 1595 1467 1671 lieben wir uns Bru¬
276 1635 1470 1729 der, ich hab dich zwar nicht ausstehen können, so lange du
282 1678 1462 1775 Minister warst und ich nicht, aber nun bin ich's ja, also lieben
278 1733 1470 1822 wir uns ... Schade, daß Schönpflug nicht an dem Liebesmahl
276 1773 1455 1871 teilgenommen hat oder wenigstens der ehrliche, leider ver¬
282 1827 1452 1928 storbene Dzieducziedski. Der hätte eines seiner kräftigen
270 1879 1455 1974 Wörtlein gefunden, ob der großen Heuchelei, die da mit Wein
270 1920 1451 2035 hinabgeschwemmt wurde. Die Politik verdirbt freilich nur
270 1972 1443 2082 den Charakter, nicht den Magen, — ob aber den edlen Polen¬
270 2030 1436 2128 herren, die da beisammensaßen, nicht hie und da die „Gall
268 2081 1454 2185 herausgegangen ist, das möchte man lieber dahingestellt sein
268 2127 1448 2225 lassen. Anatol und seine Geliebte sagen sich dann wenig¬
262 2176 1448 2275 stens die Wahrheit, — daß aber beim Abschiedssouper der pol¬
262 2231 1454 2336 nischen Minister kein wahres Wörtchen gefallen ist, das kann
259 2280 1238 2408 man ruhig beschwören, ohne dabei gewesen zu sein.
2000 1064 2894 1174 der Durchführungsverordnung an.
2003 1140 3136 1214 des Zoll= und Handelsvertrages abzuleiten ver¬
2018 1201 3132 1260 sucht, daß Oesterreich unter allen Umständen
2008 1247 3004 1302 die Wohlmeinung Ungarns einholen muß.
3057 1260 3142 1324 Die
2012 1297 3140 1369 Denkschrift weist nach, daß die Ausgleichsgesetze
2009 1351 3137 1405 nur den Verkehr zwischen beiden Staaten im Auge
2002 1394 3132 1458 haben. Dr. Weiskirchner hatte dem Parlament vorgeredet,
1999 1437 3130 1514 daß in den entscheidenden Abstimmungen über den Zoll¬
2099 1537 2692 1617 Die heutige Nummer enthält:
2078 1569 3137 1676 „Militärzeitung: „Wert größerer
1993 1656 3133 1773 Manöver im allgemeinen, unsere gegen¬
1998 1752 3111 1816 wärtig geltende Art der Manöverleitung.
1999 1816 3129 1917 Von Feldmarschallieutenant Johann Chit¬
1992 1886 2530 1989 kovic. Seite 22 bis 24.
2088 1978 2268 2045 Ferner:
2096 2036 3124 2112 Die 45. Fortsetzung des Romans „Tragödien
1995 2115 3013 2191 der Zeit" von Richard Boß. Seite 21.
2215 2213 2909 2317 Feuilleton.
2293 2314 2822 2429 Anatol über London,
2253 2409 2885 2479 Ein Intervien von Sil Para (London).
2087 2455 3121 2527 Anatol, der sonst nicht gerne weite Reisen unter¬
1989 2515 2151 2580 nimmt
2203 2513 3121 2586 es ist einmal nicht seine Natur — war vor
1986 2559 3115 2625 kurzem in London, wo er zuerst im Palace-Variété und
1984 2616 3121 2689 dann im Little Theatre ein mehrwöchentliches Gastspiel
1980 2669 3115 2723 absolvierte. Ich habe diese Gelegenheit benützt, um
1983 2698 3112 2769 den illustren Landsmann, den ich schon lange
1986 2754 2981 2813 nicht gesehen hatte, aufzusuchen und ihn
1986 2793 3111 2870 bißchen über seine englischen Eindrücke zu befragen.
1989 2845 3109 2918 Anatol hatte mit sicherem Instinkt die ganz großen, vom
1983 2898 3108 2955 Westendlärm umhallten Hotels vermieden und wohnte in
1986 2946 3108 3002 Knightsbridge — jeder Londoner kennt den Ton dieser
1989 2990 3106 3048 Gegend — in einem vornehmen, stilleren Hause, dessen
1977 3039 3102 3102 Terrasse die Rotten Row des Hydeparks überblickt. Ich
1974 3088 3106 3154 traf ihn in einem enormen Lederfauteuil hingestreckt, den
1983 3137 3100 3197 er sich zur Glastür der Terrasse hingeschoben hatte, um,
1978 3173 3108 3233 wie ich annehmen mußte, das Treiben in der Reitallee
1972 3221 3109 3298 bequem beobachten zu können. Nachdem er auch mir einen
1977 3273 3115 3347 Fauteuil zur Tür nähergerückt und mir eine Zigarette
