3436 4352
1615 231 2568 320 4.9. Anatol - Zyklus
2729 214 3095 330 box 9/3
639 1348 3293 1477 Burgermeet ruders, zum zweiten Vorsitzenden Wer mige nicht vergessen, daß die Deutschen einen weltgeschichte Buenos Aires (s.
1813 1460 2934 1526 Bernhardi. Oder auch der Einakterferie „Lebendige Stun¬
2983 1483 3178 1549 schmacklos.
995 1470 1407 1553 Staatstheater.
1813 1493 2370 1546 den. Nicht gerade „Liebelei
3052 1500 3286 1572 Das Straße
1892 1510 2930 1582 Die gestrige Aufführung besaß in Steinbecks Anatol
725 1529 1763 1605 Mittwoch, den 10. November: „Anatol. Fünf Ein¬
2983 1546 3276 1609 Kolonnade mit
1810 1569 2927 1615 den besten Träger. Er hat höchstvernünftigerweise nicht ge¬
2977 1592 3276 1645 baut, der Blick
639 1592 1266 1655 alter von Artur Schnitzler.
1816 1605 2934 1658 wienert. Weder in Sprache noch Manier. Er hat die Figur
722 1595 1754 1681 Er hat nach gewirkt, der echt wienerische — wenn auf
2980 1628 3283 1678 ständlich. Und
1823 1638 2934 1701 ganz auf seine eigene Persönlichkeit übernommen und damit
1576 1648 1754 1714 „Anatol“
656 1658 1513 1714 mit ein wenig pariserischer Farbe gemalte
2983 1661 3293 1717 nächtlich belebte
1816 1671 2937 1727 in bestimmten Genre einen Menschen mit all seiner Mensch¬
656 1681 1760 1744 trotzdem er nun geschlagene siebenundzwanzig Jahre au
2980 1701 3276 1757 damit das flirt
1816 1717 2934 1763 lichkeit erzielt: ernst und drollig, aufrecht und schwach, klug
659 1717 1770 1787 seinen bekadent abfallenden Schultern trägt und der Welt¬
2983 1737 3135 1796 aufhält.
1820 1747 2930 1810 und töricht, witzig und borniert, fein und — im rechten Ma¬
656 1760 1773 1823 krieg über ihn hingegangen ist. Von Wiener Tanzmusiken.
3052 1754 3290 1833 Alles in all¬
1816 1783 2934 1833 — auch menschlich ordinär. Eine Gestalt von Reiz und Wir¬
666 1803 1770 1859 Walzern, Polka und Märschen (zu hüpfend fröhlichen
2983 1793 3204 1872 ter Erfolg.
1820 1823 2937 1889 kung und mit der man, in der Erinnerung selbst, noch weiter
659 1833 1777 1899 leider, anstatt der mehr zu ihm taugenden wiegend sentimen¬
1829 1869 1915 1928 lebt.
653 1876 1773 1935 talen) umspielt, erschien er und wirkte. Wirkte in einem
1902 1885 2940 1945 In Oberregisseur Rudolf Hoch, der die Stückchen auch
649 1905 1767 1978 guten, künstlerischen und menschlichen Sinn. Nicht nur au
1826 1938 2947 1984 leicht und hübsch in Szene gesetzt hatte, war ihm ein voll¬
653 1938 1770 1998 die allzeit rege Lust zum Lachen, auch, wo sie vorden, auf
1826 1978 2937 2030 wertiger Partner zur Seite. (Wenn ich meine, daß man
656 1981 1661 2060 die zum Nachdenken. Mitfühlen, Sich=selbst erkennen.
1829 2004 2940 2054 Schnitzler ein wenig mehr auf Pointe, auf Herausarbei¬
732 1991 1777 2067 Er ist ein sehr liebenswerter Dichter, der nun den Sech¬
1826 2040 2944 2090 tung der aphoretischen Sätze spielen kann, so weiß ich wohl.
653 2047 1767 2113 nahe Artur Schnitzler, der erst ein Arzt und mit dreißi¬
1829 2080 2601 2136 daß über solche Auffassung zu streiten ist.)
3059 2083 3283 2149 Geheimrat
669 2087 1770 2166 schon ein Weiser war. Einer ohne krampfig gerunzelt
1905 2093 2947 2176 Die fünf „Heldinnen“ der fünf Liebesaffären sielten —
663 2119 1777 2182 Denkerstine. Aber all in seiner Weltlichkeit, in Gefühls¬
2993 2110 3293 2185 Dresden geboren
1829 2156 2947 2208 der Reihe nach —: Fräulein Else Bull, Fräulein Mela
669 2156 1777 2222 schwang und Ironie, in Tiefe und Grazie, in residenzlicher
2996 2169 3290 2222 zig. Wien. Berl
1826 2202 2947 2261 Schwarz vom „Neuen Theater“ in Frankfurt (für das er¬
666 2195 1773 2255 Eleganz und inniger Schlichtheit, doch keineswegs ohne der
2996 2202 3296 2251 ten 1880 bis 18
1833 2228 2950 2281 krankte Fräulein Sonnemann), Frau Hummel, Fräulein
2993 2238 3290 2294 Italien und der
666 2235 1539 2307 strengen, selbstruserischen Ernst des Denkers,
1833 2265 2944 2327 Tille Uhrig aus Wiesbaden als Gast, Frau Jutta
745 2258 1787 2327 Er, in erster Linie, hat der deutschen Dichtung, dem
2996 2278 3290 2327 Vratdozent a¬
1826 2307 2024 2367 Versen.
672 2304 1783 2370 Drama und Roman, die moderne wienerische Note gegeben
2990 2314 3283 2377 Direktor des
1882 2321 2950 2390 In dem ganz kleinen Röllchen der „Cora“ zeigte Fräulein
2993 2347 3286 2403 ernannt. 1094
672 2344 1783 2403 (Bahr ist sein plumper Nachahmer), deren Wiedererklingen
1833 2370 2950 2439 Bull recht nett und war den vielzitierten Typus des
2996 2377 3293 2429 an der Universi¬
669 2377 1787 2439 heute so gebeiblich, so befreiend zu sein vermag, wie es im
1839 2413 2944 2469 „lieben, süßen Mädels", wies aufhorchendem Ohr auch, zum
672 2410 1783 2479 Musilbereich die Mozartische ist; heute, wo ein jeder kaum
2993 2423 3286 2485 bis 1911 tätig¬
1836 2446 2739 2512 erstenmal. Spuren von Empfindung und Talent.
672 2449 1783 2512 majorenne Dichter als ein verzweifelter Titane auftreten zu
2993 2459 3300 2508 v. Bülow, einer
1912 2469 2947 2541 Ganz meisterlich sodann — ebenfalls in einer kleinen
3000 2502 3293 2548 Ehe mit Hans
672 2492 1787 2545 müssen glaubt, um mit jedem halbgegorenen Werkchen hun¬
1839 2512 2944 2588 Rolle — das den doppelt brünetten Namen zu Recht tragende
3003 2528 3286 2578 hat Frau Dan¬
672 2525 1783 2591 dertjähriges Welt= und Kunstgebäude zu zertrümmern, wur¬
1839 2555 2944 2614 Fräulein Mela Schwarz als kleine Zirkusdame. Ein¬
3000 2574 3286 2617 dungsklage —
672 2561 1510 2634 verzerrt, nageltene Heilslehre zu verkunden.
1839 2591 2950 2657 ausgezeichnete Schauspielerin offenbar, voll Reiz, Welt, Tem¬
755 2574 1796 2650 Nur bis zu einem gewissen Grad — man muß sich kein
3000 2597 3293 2663 Professor Thode
676 2624 1783 2686 falsches Bild von ihm machen — hat Schnitzler seinen Lieb¬
3003 2644 3296 2693 Richard Wagne
1839 2647 2037 2706 perament.
1918 2644 2953 2719 In der Rede vortrefflich, klug und empfindend. Frau
679 2663 1783 2733 listus selbst gelebt. Er ist nicht Anatol, wie gern an¬
3000 2673 3293 2726 ein richtiges Ve¬
1839 2700 2957 2752 Hummel. Die Gestalt der mit Weihnachtseinkäufen be¬
2993 2710 3293 2766 zwei Schriften
682 2696 1787 2766 genommen wird. Anatol ist ein Teilchen seines reichen
1846 2736 2950 2799 schäftigten vornehmen Dame“ nur nicht zu voller Glaublich¬
3003 2739 3300 2795 1904) und „Ein
676 2759 827 2818 Wesens
1843 2772 2960 2831 keit bringend. Die schwer darstellbare Situation, vielleicht
758 2756 1787 2835 Liebe, die viel, wenn auch nicht einzig und alles be¬
3006 2782 3276 2841 Heidelberger
1839 2805 2957 2864 auch Toilettenkleinigkeiten, wie Strurf und Schuh auf
676 2815 1787 2884 wegende Kraft, war der Gegenstand seines Nachfühlens und
3009 2818 3280 2874 schäftigende
1839 2841 2957 2904 winterlicher Straße, mögen illusions dend gewirkt haben.
682 2845 1790 2911 denkens. Er hat sie in ihren Längen und Irrgängen, in
3006 2851 3300 2920 durch sein Ein¬
686 2881 1790 2944 ihren Seligkeiten und Abgründen, in ihrer Tragik und
3003 2894 3303 2940 Thomas Werk
1922 2891 2957 2957 Fräulein Tille Uhrig in der vielgespielten, unend¬
686 2917 1790 2980 Lächerlichkeit ergründet. Dazu eine menschlich allzu mensch¬
3000 2927 3270 2983 gen ist. Von
1839 2924 2957 2977 lich dankbaren Rolle der Schauspielerin im Abschieds¬
3006 2963 3270 3023 1892; „Hans
696 2960 1800 3016 liche Gestalt von sich abgesplittert. Sie mit Alltäglich¬
1849 2963 2960 3016 souper, als Kind der Stadt herzlich aufgenommen und mit
692 2990 1796 3049 keit und zugleich. Kultur erfüllt. Er hat im Kleinen
3009 2996 3280 3066 1905: „Böcklin
1849 2996 2960 3056 Beifall bedacht, zeigte hübsche Eigenschaften. Laune und Be¬
3006 3026 3300 3089 in den Klassike
692 3026 1793 3095 Tiefen und Fernen ahnen lassen, in Andeutungen alle
1843 3046 2960 3105 weglichkeit, steht aber doch kaum schon auf der Höhe unseres
3009 3072 3283 3125 schen Schriften
689 3072 1160 3135 Schwingungen der Seele.
1846 3085 2050 3145 Ensembles
771 3069 1793 3171 Seine Leichtigkeit ist nicht — die sie es nie ist — Pro¬
3000 3105 3296 3168 die Anfänge de
1925 3098 2960 3161 Und Frau Versen war durch eine grellrote Perücke
689 3125 1800 3191 dukt leichter Arbeit. Die köstliche Klarheit und Sauberkeit
3006 3141 3263 3207 2. Aufl. 1904
1843 3148 2960 3211 und einen erschrecklich blaß geratenen Teint leider dermaßen
696 3168 1796 3230 seines Werkes ist Ergebnis heißen, redlichen Fleißes. Seine
3019 3184 3273 3230 Ihrhd." (1891
1843 3181 2960 3234 entstellt, daß die sonst temperamentvoll angelegte Rolle nicht
692 3204 1800 3267 Genialität äußert sich nicht in wüster Unbürgerlichkeit. Er
3016 3211 3296 3273 „Arnold Böckli¬
1843 3224 2377 3290 zu Gestalt und Leben gedieb.
3013 3250 3300 3306 seinen allgemei¬
696 3247 1665 3313 ist das erfreuende Muster des gesunden Dichters
1928 3244 2953 3313 Von den Zimmern war nur das erste hübsch wieneris
3009 3286 3276 3342 1901; „Goethe
765 3263 1793 3336 Wir wollen die dargebotenen Anatol-Szenen (fünf von
1849 3303 2953 3349 und plauschig“: das zweite, Marens, zu let; das Separ¬
3013 3326 3290 3379 seinem Wegzug
692 3313 1800 3379 den existierenden sieben) als eine Ouvertüre ansehen, und
1846 3333 2957 3415 des „Abschiedssoupers ein merkwürdiger stimmungslose
689 3349 1796 3415 erhoffen das baldige Erscheinen eines reifen Schnitzlerischer
3009 3362 3290 3435 Gardone (Ita¬
682 3372 2861 3487 Schauspiels. „Zwischenvial“, „Das weite Land", „Professor Korridor: Anatols Wohnzimmer im „Hochzeitsmorgen
