3484 4096
295 213 1253 327 4.9. Anatol - Zyklus
1411 227 1772 314 box 9/1
1282 486 2219 613 Ausschnitt ausgedenburger Zeitung
1621 578 1883 666 5 1913
1291 623 1425 687 vom
1698 790 2012 898 Theater,
1753 885 1970 981 Anatol.
1497 952 2334 1043 Und auch Du, mein Artur, haft zuweilen
1376 1031 2334 1097 Wien erhört, auch Da hat Dich von Dir
1382 1079 2330 1138 selbst, von der Entscheidung zu Dir selbst weg¬
1400 1135 2340 1183 schmeicheln lassen! Dankschreibst Du die
1384 1178 2334 1236 Stücke, die nicht von Dir sind, sondern von
1424 1225 2334 1278 Anatol. Denn, Arthur, der Wiener in
1376 1278 2334 1335 Die ist Anatol... Und sodann: „Nein, Arthur,
1378 1324 2334 1378 man kann nicht unerkannt berühmt sein.
1378 1374 2334 1432 Es hilft Dir nichts, einmal wirst du doch
1378 1418 2324 1475 wählen müssen. Wählen zwischen Wien und
1376 1468 2330 1521 Dir!... „Arthur, mir bangt oft, denn
1382 1515 2330 1573 Anatol hat viel zum Hofrat Pharaos". Diese
1376 1568 2340 1631 Zitate sind einem Briefe entlehnt, in dem
1382 1610 2328 1679 Hermann Bahr der Fünfzigjährige, dem
1376 1665 2324 1724 Arthur Schnitzler, dem Fünfzigjährigen, seine
1376 1718 2322 1774 Glückwünsche übersandte. Dem Arthur Schnitzler,
1378 1759 2324 1828 dem Autor des Einakterzyklus, Anatol,
1376 1812 2318 1873 der gestern über unsere Bühne ging. Und
1378 1866 2320 1922 wahrlich, dieser Anatol, entstanden vor 18
1376 1910 2312 1965 Jahren, ist nicht Schnitzler, er ist nur Wien
1376 1964 2320 2020 oder was hinwieder gleich ist: das in Anatol
1370 2011 2320 2068 personifizierte Wien, die leichtlebige, gemüts¬
1376 2056 2316 2118 flatternde Stadt. Anatol, der nur unterhält,
1376 2108 2322 2161 nicht aber der tiefere Schnitzler, der an die
1366 2150 2322 2225 Wurzel der Dinge greift, um das Tiefseelische
1364 2203 1601 2286 zu zeigen.
1489 2229 2323 2311 Das gestrige Premierpublikum des Anatol
1366 2308 2324 2379 war entweder durch den ungarischen Ueber¬
1539 2371 2209 2454 Oedenburger Zeitung.
1383 2446 2330 2508 setzer oder durch den Regisseur irregeführt, als
1376 2506 2324 2560 der Theaterzettel ein Lustspiel ankündigte. Denn
1378 2553 2330 2606 Anatol ist kein Lustspiel und will auch nicht
1370 2601 2324 2660 als solches hingenommen werden. Einen Zyklus
1376 2654 2318 2702 von Einaktern hat ihn der Autor bezeichnet.
1377 2700 2328 2760 Aber auch das ist es nicht. Es sind nur los¬
1378 2754 2312 2802 Skizzen, denen nur die Person Anatol¬
1374 2801 2322 2856 den roten Faben der Zusammengehörigkeit
1376 2845 2310 2894 verleiht. Tändelnde, in Takt dahintänzelne
1378 2888 2312 2956 Szenen. Hingehauchte Miniaturen, nur hie und
1376 2945 2322 3001 da etwas wie von einem Tropfen Blutes ge¬
1376 2991 2318 3054 färbt, von einem Tautropfen der Wehmut über¬
1370 3040 2328 3101 zogen. „Die große Frage. „Der Weihnachts¬
1370 3082 2318 3141 markt. „Episode. „Abschiedsnachtmahl.“ „Ana¬
1372 3137 2322 3201 tol ha seine Hochzeit heißen diese Skizzen, in
1370 3179 2324 3238 welchen sie und immer augenscheinlich der¬
1372 3230 2324 3314 se Anato scheint, Anatol der Liaisons
1459 3280 2323 3353 pr und, der auf Termingeschäfte ein¬
1372 3327 2316 3399 gerichtet ist, er seine Geliebte ebenso verläßt
1435 3375 2323 3437 wie seinen Regenschirm in der Ecke eines
1368 3422 2324 3496 Kaffeehauses und erst nach Wochen den Verlust
1370 3478 2322 3540 wahrnimmt, als er bereits einen neuen Regen¬
1377 3523 2324 3591 schirm in der Hand hält... Und dennoch:
1378 3579 2322 3636 Anatol ist stets anders und steht in voller
1378 3622 2056 3684 Buntheit seiner Gefühle vor uns.
1491 3665 2326 3731 Die Szenen wurden mit einer stilgerechten
1374 3724 2322 3787 Beweglichkeit von den Herrn Gözon (Anatol)
1372 3776 2328 3830 und Ladányi (Mox) und von den Damen
1368 3824 2322 3884 Klementine Nemes (Cora), Julia Sandor
1377 3870 2322 3942 (Gabrielle), Giza Gergely (Bianca), Jenny
1370 3924 2318 3981 Harmath (Annie und Ilona) auf die Bühne
1378 3974 2324 4026 gestellt. Béla Gözon personifizierte mit einer
1376 4020 2322 4078 virtuosen Gelassenheit Anatol und dennoch ließ
