3344 4224
128 151 384 240 4.9.
470 155 583 225 at
646 149 1044 264 Zyklus
1243 147 1594 239 box 9/5
1153 295 1539 357 tusschnitt aus:
1138 330 2158 470 und den
1138 471 2130 579 riettes Wiener Extrabat, Wer
1299 552 2068 657 Aus meiner Dramaturgentätigkeit.
1375 643 1981 732 Epilog zum Wallner=Prozeß.
1312 705 2176 772 Unter dieser Ueberschrift erhalten wir von
1191 723 2176 824 Herrn Heinrich Glücksmann eine Erklärung,
1189 801 2176 860 in der es u. a. heißt: Im Gerichtssaale, in den
1191 851 2174 899 ich, der Not gehorchend, zur Zurückweisung einer
1195 892 2182 946 mein Ehrgefühl verletzenden Aeußerung meines
1187 926 2173 974 gegenwärtigen Chefs treten mußte, sind von
1196 974 2170 1019 diesen Worte gesprochen worden, die mir wohl all
1187 1012 2168 1071 denen gegenüber, die mich und mein Wirken kennen,
1190 1055 2173 1104 wer nicht schaden werden, die jedoch über diese
1193 1096 2176 1146 Gemeinde hinauswirken und mich moralisch, künst¬
1193 1144 2173 1193 letsch, selbst wirtschaftlich schädigen könnten. Nur
1190 1180 2155 1237 aus diesem Grunde erschließe ich der Allgemeinhei¬
1187 1229 1919 1297 einen kurzen Blick auf meine Arbeit.
1309 1250 2109 1318 Schon zu Lebzeiten meines Vorgängers
1181 1294 2076 1359 ich für das Deutsche Volkstheater als
1181 1350 2085 1411 tig dieser bescheidenen Eigen
1196 1392 2080 1454 gelang es mir manchmal, auf die Entschlüsse
1199 1435 2049 1488 Leitung Einfluß zu nehmen, so z. B. gegen
1187 1473 2003 1530 Widerstand des Dramaturgen, Wildes
1172 1516 2003 1567 Komödie für seriöse Leute durchzusetzen,
1193 1562 2005 1615 sogar diese Unterbezeichnung auch
1196 1610 2035 1662 Hauptitel vorschlug das Stück heißt
1196 1642 2047 1707 sein — und die dem Theater einen seiner
1193 1701 2049 1749 ehrem Uten Erfolge brachte. Damals schon
1196 1740 2160 1795 deckte ich das Talent Karl Slobodas,
1201 1784 2173 1843 dessen als erste von mir empfohlene Komödie
1201 1828 2167 1886 Neue Pariser von der Zensur verboten wurde,
1193 1864 2160 1925 dessen politische Groteske „Der kleine Herrgott ihn
1222 1916 2155 1965 ünstig einführte und der in der Kriegszeit mi¬
1393 1961 1946 2007 viel „Am Teetisch, das
1190 1961 2155 2054 Direkter und Regisseure verfechten mußte, einen
1515 2045 2080 2099 und umfassendsten Erfolge
1321 2037 1460 2102 me
1193 2085 2076 2134 Denischen Theater errang. Das Stück steht not
1297 2127 2065 2184 van als einer seiner Werte. Das gilt
1309 2136 2117 2221 den Bühnenwerke, die ich dem Deutsch
1325 2215 2168 2271 beater nicht nur durch Empfehlung, sondern
1288 2256 2164 2310 Beziehungen und Bemühungen geradezu er¬
1198 2300 2109 2350 oberte, vor allen für „Glaube und Heim¬
1201 2341 2096 2396 das Schönherr, verstimmt wegen des Schich
1201 2389 2162 2450 eines Märchenspiels, dem Deutschen Volkstheater
1199 2428 2170 2480 absolut nicht überlassen mochte und das ihm ab¬
1201 2470 2165 2527 zungen mir erst nach langen Verhandlungen
1199 2518 2160 2588 unter Beistand der Frau Johann Strauß und
1321 2554 2164 2615 Tochter Frau Professor Epstein, gelang.
1400 2607 2170 2659 Dichtung dem Theater wurde, daß ihre
1363 2647 2096 2699 rung einen Ehrentag des Deutschen
1206 2691 2075 2747 theater bedeutet und das eigentliche Ge¬
1210 2734 2050 2784 dem unseres größten Volksdramatikers,
1393 2775 1798 2841 ein Einfall war an¬
1521 2818 1764 2878 Anatol
1419 2865 1741 2930 a dazu nicht le
1414 2903 1609 2973 gewiß sie
1400 2950 1585 3020 diese
1458 2987 1588 3052 ne
1426 3038 1547 3085 on
1422 3076 1497 3142 Ta
1294 3148 1568 3222 be den
1407 3203 1692 3269 Deutschen Vo
1246 3246 1740 3319 er vorstellt. An deren
1201 3293 1755 3346 habe keinen Anteil. Ich
1234 3327 1786 3395 , ehe sie aufgefüh¬
1206 3377 1840 3425 denn die ich zu ihrer Annahm
1204 3421 1928 3472 Wallner ist wirklich sein eigener Drame
1199 3465 1930 3513 Ratschlägen leibt er nur selten sein
1204 3506 2003 3578 er kürzlich trotz meiner Empfehlung drei
1772 3555 1927 3600 von
1210 3548 1723 3614 Die englischen Fräulein
1206 3585 2038 3644 Waren, ferner „Das Zücheln Gottes“ und
1204 3637 2170 3680 Urteil Salomos" von Haus Knobloch, einen gan¬
1206 3675 2014 3726 neuen Manne, angenommen. Dagegen hat
2088 3674 2164 3743 Di¬
1204 3711 2083 3771 Warschauer Zitadelle abgelehnt, die ich ihm
1206 3755 2179 3816 richtiges Geschäftsstück ans Herz legte. Seiner
1213 3806 2179 3857 Qualifizierung, gegenüber trösten mich die
1213 3840 2189 3896 Achtungs= und Sympathieversicherungen unserer
1213 3889 2184 3942 hervorragenden Schriftsteller und viele Dankbarkeits¬
1210 3928 2188 3987 kundgebungen für beamaturgische Winke und
1215 3975 2188 4045 Weisungen, die den Autoren für die Erfolge ihrer
1213 4021 1783 4091 Werke entscheidend erschienen.
