3436 4352
218 59 1220 172 a de que ce de quo
2294 57 3298 170 -
1259 126 2255 188 ont conféré le pouvoir de réaliser un instant
208 131 1220 200 écrire l'histoire du théâtre du vingtième siècle
2294 154 3285 213 boires qui nous amusent à la lecture étaien
1256 167 2243 244 celui de l'illusion, au lieu que jadis elle n'au
203 180 1218 254 et de la fin du dix-neuvième, histoire si proche
2294 198 3288 262 dramatiques en fait, car ils représentaient des
1251 213 2253 277 rait pu que l'évoquer, et que, par conséquent
203 229 1220 298 de celle de la poésie, de la littérature en géné¬
2294 249 3288 313 débours très onéreux pour les bourses vides
1251 262 2253 337 de nombreux spectateurs en seraient restés au
203 277 1218 339 ral, du journalisme et des façons de vivre de
2299 293 3288 357 Mais je ne puis énumérer ici toutes les pièces
1254 311 2253 383 sens des mots, et à la représentation hardie
203 324 1220 401 la jeunesse littéraire de ces temps qui nous
2302 344 3296 419 jouées par l'œuvre en cette période couvres
1254 357 2258 434 des scènes de la vie d'une fille publique. Mais
218 383 1225 447 paraissent déjà si lointains. Quel amour du
2299 390 3303 455 de Quillard, Auguste Villeroy, Romain Colus,
1248 408 2258 468 ces considérations sur la part de l'électricité
203 424 1220 478 théâtre en ce jeune Lugné-Poe qui, sans le sou¬
2294 439 3298 498 Trezenie et Soulain, Edmond Sée, qui y de-
1256 452 2255 524 dans l'art dramatique moderne m'entraîne e
206 470 1225 547 et sans véritable appui, finissait par jouer ce
2294 485 3303 550 but avec sa rebis, devenue célèbre, Tristan
1264 503 2255 575 je me hâte de revenir à l'amusant et si instruc¬
218 514 1223 593 qu'il voulait, imposer les noms qu’il admirait,
2302 542 3296 609 Bernard, che dont il joue l'Araignée
1259 550 1929 624 tif et vivant livre de Lugnée.
208 568 1223 634 voyager, jouer en tournées, fonder un théâtre,
2294 583 3298 655 de Crista) de 1894 à 1902, ni toutes les
1295 570 2258 663 Nous y trouvons maints portraits, et d'abord
208 616 1223 691 ce théâtre de l'Œuvre devenu célèbre et qui
2294 632 3306 691 rencontres et amitiés de Lugne et de son
1246 642 2266 724 celui de Berthe Bady, qui accompagna la
208 663 1220 737 contribua à orienter puissamment l'art dra¬
2299 676 3298 748 théâtre (ici quelques portait de peintres
1254 688 2255 765 troupe dans la fameuse tournée que Lu¬
208 709 1223 789 matique vers tout ce qui était neuf et hardi,
2302 727 3301 796 très précieux : Toulouse-Lautre, Vuillard,
1254 748 2260 822 gné organisa en Norvège pour jouer en
211 758 1223 845 et vers le théâtre étranger. Je dis « contribua »
2302 771 3309 837 etc., etc), mais je ne veux pas terminer
1256 786 2268 858 français les drame d'Ibsen, devant Ibsen.
211 807 1218 873 et à la réflexion ce verbe est insuffisant
2294 827 3301 889 cet insuffisant article — le livre de Lugne-Po¬
1259 843 2266 902 Cette fervente audace, qui vainc toutes les
216 853 1220 925 L'Œuvre, à elle seule, imposa de certaines di¬
2299 876 3306 932 méritant des pages et des pages, et je ne peux
1259 891 2271 958 difficultés matérielles, d'un tout jeune homme
208 904 1223 966 rectives théâtrales et guida le goût de l'époque
2299 920 3306 994 qu’y renvoyer mes lecteurs — sans noter que
1259 945 2268 1012 hardi, confiant et puisant son courage dans
218 950 1225 1022 où elle naquit. Le Théâtre Libre, avec Antoine,
2304 974 3309 1033 ce livre se termine sur la représentation d'Ubu
1259 986 2271 1045 une admiration fétichiste pour le grand Ibsen,
218 1004 1228 1076 s'était engagé parallèlement sur une autre voie,
2302 1012 3306 1079 Roi d'Alfred Jarry. Lugné hésitait fort, et on
1259 1038 2273 1107 tout cela a un accent qui émeut tout en restant
218 1040 1225 1112 dans son genre aussi hardie (pour le siècle)...
2296 1066 3311 1120 le comprend, à représenter cette farce extra¬
1259 1081 2258 1148 si vrai, si jovial dans les petits détails de mé
203 1089 1225 1153 Et au fond, depuis lors, qu'a-t-on inventé de
2304 1107 3303 1174 ordinaire, cette bouffonnerie devenue légen¬
1266 1130 2268 1200 comptes, d'ennuis variés, de manque d'argent
208 1141 1223 1212 nouveau ? Cette soif des sources étrangères que
2304 1161 3309 1218 daire. Mais Jarry tint bon, et Rachilde, qui
1266 1176 2276 1241 ou de déconvenue. Mais Ibsen l'accueillit, mais
208 1192 1225 1254 Lugné-Poe a étanchée le premier ou un des pre¬
2304 1210 3316 1274 le protégeait beaucoup, décida enfin Lugné et
1266 1225 2268 1292 Ibsen vint le voir jouer, lui et sa troupe, et se
206 1238 1223 1323 miers, nous la ressentons toujours. J'ai rendu
2304 1259 3296 1318 Gémier accepta le rôle inoui du » Père Ubu »
1269 1266 2273 1336 montra au balcon avec Bady, et les étudiants
216 1279 1228 1351 compte depuis peu de semaines de la pièce de
2304 1302 3316 1364 Des lettres de Jarry, publiées par Lugné, sont
1266 1318 2266 1379 norvégiens les acclamèrent. Heures inoublia
208 1331 1228 1408 Bruckner à l'œuvre qui, voici peu de mois,
2314 1349 3314 1418 fort curieuses et expliquent comment on doit
1266 1356 2276 1436 bles et si admirables dans l’effervescence pleine
218 1379 1225 1462 jouait avec tant de succès La Folle du Logis
2307 1403 3309 1464 représenter son œuvre. Il donna sans doute
208 1413 2271 1508 de Grand Hôtel aux Folies-Wagram, de la de sive de la jeunesse. Beau souvenir et aussi
2307 1454 3316 1516 aussi toutes les indications nécessaires sur le
1261 1459 2276 1544 belle leçon, car Ibsen dit à peu près à Lugné :
223 1480 1228 1562 pièce tirée du roman de Zweig à la Madeleine
2350 1495 3311 1567 parler Ubu », dont les modulations tour à
1266 1510 2273 1577 « Je suis un être de passion ; mon œuvre est
216 1531 1243 1598 de La Route des Indes, de la charmante
2312 1552 3316 1611 tour pointues ou rauques furent adoptées pen¬
1269 1559 2276 1626 une œuvre de passion, il faut me jouer avec
216 1577 1236 1652 comédie de Noël Coward aux Mathurins,
2304 1595 3316 1654 dant fort longtemps ensuite par tous les
1274 1603 2276 1683 passion... » Cet aveu, ce conseil eurent une
216 1623 1230 1693 etc., etc. Le théâtre de l'Avenue a représente
2304 1644 3314 1701 spectateurs, aussi bien les indignés que les en¬
1269 1652 2268 1742 immense portée et transformèrent la compré¬
218 1675 1233 1754 toute une série de pièces de Tchéhov et
2304 1690 3309 1754 chantés. Première d'Ubu Roi ! J'y étais. Je ne
1259 1713 1993 1772 hension insérienne de Lugné-Poe.
221 1713 1228 1801 nous convie à une pièce de Schnitzler (traduite
2304 1739 3309 1803 l’ai jamais oubliée. C'était déjà une parodie du
1313 1734 2276 1819 Portrait d'Herman Bang, « le Diable du théâ¬
221 1767 1236 1842 cette fois-ci, en français), Anatole... Strindberg,
2312 1788 3314 1860 futur. Gémier y fut admirable sous son dégui¬
1266 1803 2271 1867 tre ». Aimé d'Ibsen, adressé par Prozor à Lu¬
213 1821 1241 1901 découvert par Lugné-Poe voilà trente ans, est
2312 1837 3316 1898 sement insensé qui en faisait une machine ani¬
1269 1850 2278 1927 gné, il était venu à Paris aux Bouffes du Nord
226 1860 1236 1950 plus à la mode que jamais à Paris. Seule, l'étoile
2314 1885 3316 1952 mée. La marche des Palotins qui, derrière un
1282 1896 2276 1975 pendant les dernières répétitions d’un drame
229 1927 1230 1996 polaire du grand Ibsen qui eut une telle in¬
2320 1929 3319 1996 paravent, s'accroupissaient ou se relevaient,
1264 1947 2271 2019 d'Ibsen. « Il brûlait en lui un feu extraordi¬
221 1965 1238 2045 fluence sur tout le théâtre du début du siècle
2314 1981 3309 2042 figurant les méandres d'une armée en marche
1266 2006 2271 2063 naire », et il accompagnait désormais la jeune
223 2024 1238 2088 semble un peu pâlie, mais à peine, et prête
2314 2029 3314 2086 était composée par Claude Terrasse avec un
1277 2042 2276 2112 troupe, la dirigeant, la conseillant. Portrait de
223 2070 1241 2132 à rebriller de tous ses feux ; car lorsque Mme
2309 2073 3316 2147 humour musical impayable. Le « croc à phy¬
1266 2091 2278 2158 Suzanne Després à ses débuts lorsqu'elle vient
218 2112 1230 2176 Pitoëff joue Maison de Poupée, c'est une lon¬
2312 2135 3303 2181 nances », la « fosse à nobles », toutes ces bar
1272 2140 2276 2219 toute jeune chez Lugné, désirant être engagée
226 2158 1241 2243 gue suite de vrais triomphes et quand Lugné
2314 2173 3309 2232 bares folies, n'était-ce pas déjà une sorte d'es
1272 2191 2278 2273 dans sa troupe. Lugné, frappé de ses dons ex¬
226 2207 1241 2289 rejoua Solness, on se sentit étreint de nouveau
2314 2222 3334 2281 quisse de bolchevisme, de mécanisation? Louise
1272 2237 2276 2309 ceptionnels, lui conseille le travail, l'envoie
239 2258 1236 2340 par tout ce que le drame contient d'éternelle¬
2317 2268 3319 2332 France était fort superbement haute en couleur
1274 2284 2273 2350 chez Worms... et ainsi se rencontrent les des¬
226 2307 1238 2379 ment humain en ses hautes ambitions, en ses
2312 2317 3319 2376 en Mère Ubu. On sait le scandale et l'amusement
229 2335 2276 2433 frissons contradictoires, en l’achèvement déri- tins faits pour s'unir et se révèle une de nos plus
1282 2366 3319 2461 grandes artistes ; portrait d'Henry Bataille et de la pièce. Toute la salle, debout, criant en chœur
226 2404 1238 2476 soire d'une grande destinée. Si les détails « da¬
2317 2417 3316 2481 le mot du début de la pièce, ce mot historique
1282 2435 2278 2502 amusantes péripéties à propos de sa première
229 2463 1248 2528 tent », le cœur de l'œuvre est toujours là, sans
2320 2466 3319 2530 auquel Jarry avait ajouté un r; sifflets, huées
1277 2481 2284 2553 œuvre, La Belle au Bois dormant; amusants
226 2507 1241 2566 âge, comme celui qui bat dans les corps, tou¬
2325 2515 3314 2582 protestations, applaudissements, controverse¬
1282 2528 2281 2594 croquis d'Henri de Régnier, dont l'œuvre re¬
241 2551 1248 2625 jours pareils, bien que tout ce qui les entoure
2325 2561 3324 2630 passionnées. Depuis, on nous affirma que Ubu
1284 2571 2286 2654 présente La Gardienne, beau poème mystérieux
223 2597 1241 2669 ait changé. Amour et curiosité des drames
2322 2610 3321 2672 Roi n'était qu'une force de potaches gribouillé¬
1277 2623 2289 2687 dialogué, qui permit « un des premiers échantil¬
226 2651 1246 2713 étrangers, nous les avons donc plus que jamais
2322 2661 3314 2728 par Jarry au collège avec des amis blagueurs
1274 2674 2289 2738 lons de mise en scène moderne. Le poème fut
236 2689 1251 2767 et dans les nouvelles pièces françaises, les piè¬
2325 2707 3319 2769 Cette farce eut un effet considérable : « Ubi
1274 2715 2240 2797 dans l'orchestre, tandis que sur scène des ré-
239 2738 1241 2810 ces de jeunes, sont-elles d'un esprit très diffé¬
2332 2754 3324 2820 passa pour avoir été une grande soirée et, de¬
1287 2769 2286 2831 tants, derrière un rideau de gaze », mimaient
234 2785 1248 2869 rent de celui de leurs aînés ? Si on rejouait
2322 2803 3309 2867 puis, cette répétition générale est restée dans le
234 2815 2291 2916 L'intrusse de Maeterlinck, en la signant d'un les moments du poème. Et, à ce propos, Lugné
2317 2851 3324 2908 annales du théâtre. » Et ce que Lugné aurai
1282 2867 2281 2934 raconte que Henri de Régnier, pour un dernier
234 2880 1243 2962 nom inconnu qu'on affirmerait celui d'un tou
2317 2898 3319 2957 bien du nous décrire aussi, c'était la salle: les
1284 2910 2286 2985 avis, vint le relancer au bord d'une piscine,
241 2934 1251 3011 neuf auteur, on jugerait que son sens du mys¬
2317 2946 3324 3008 dames à la Botticelli, d'autres encore plus
1284 2962 2289 3041 rue Montmartre, où Lugné nageait et barbotait.
241 2980 1248 3047 tère est bien de nos jours. Ce qui donne au
2317 2987 3319 3052 moyenageuses, aux bandeaux, aux ferron
1287 3008 2286 3085 « Lugné-Poe ! Lugné-Poe ! L'ombre se pen¬
236 3023 1251 3095 théâtre actuel un aspect nouveau, ce sont, bien
2322 3044 3316 3108 nières, aux fourreaux de traînantes soies
1290 3057 2289 3126 chait sur l'eau. Je reconnaissais un monocle,
252 3090 1256 3162 plus que les textes, les mises en scène, les
2317 3095 3316 3154 et qui semblaient avoir laissé leur Li
1287 3106 2289 3178 une moustache éperdus, l'ombre, le monocle, la
241 3129 1261 3201 décors, et surtout, surtout, les éclairages, les
2317 3144 3319 3201 corne féerique à l'entrée du théâtre, com
1290 3157 2289 3216 moustache risquaient de tomber... » La scène
247 3183 1251 3262 possibilités diverses, merveilleuses, de la lu¬
2320 3190 3319 3257 me on y laisse aujourd'hui sa petite Citroën
1290 3203 2289 3278 est drôle et au fond, malgré sa drôlerie, c'est
244 3229 1251 3298 mière. Elles ont permis, ces possibilités, de re¬
2322 3239 3321 3303 applaudissant à tout rompre le mot de Cam
1290 3247 2291 3342 une histoire « symboliste », avec poète et reflet
244 3273 1259 3347 nouveler le sens du fantastique. Inutile de pla¬
2325 3298 3321 3352 bronne et d'Ubu; c'était comme une revanch¬
244 3321 2068 3398 cer les aventures des personnages dans des dans l'eau et nageur qui s'ébroue...
2332 3337 3324 3401 grossière et parodique sur le rêve et les beaux
1338 3337 2289 3409 Et nous voyons passer Camille Mauclair,
247 3368 1261 3442 siècles lointains afin d'obtenir, par cet effet de
2322 3386 3319 3447 nuages mythologiques de la poésie symboliste
1292 3388 2291 3468 Maeterlinck, dont Lugné joue, après Pellés,
244 3411 1261 3499 recul et de costumes, une atmosphère inactuelle
2332 3434 3319 3491 sur les richesses exactes et scintillante, de¬
1295 3442 2289 3509 L'intruse ; Beaubourg, dont il joue L'Image
244 3463 1264 3535 et plus propice à la fantaisie et au rêve. Tôtes
2343 3483 3319 3550 poésie parnassienne, et en même temps c'était
1292 3491 2307 3563 Georges Hugo, bienveillant et charmant, qui
244 3519 1259 3594 de rechange, de M. Victor Pellerin, par exem¬
2330 3532 3316 3586 une dérision des réalités et des bassesses à
1305 3535 2296 3601 vient si volontiers en aide aux artistes ; et Jean
257 3555 1261 3642 ple, ont pu, grâce à la lumière, se situer de
2325 3573 3314 3635 naturalisme. Le père et la mère Ubu gamba
1295 3591 2294 3655 Lorrain, qui tint à faire jouer à l'Œuvre sa
252 3607 1261 3689 nos jours et nous offrir une sorte de fantasti¬
2330 3627 3324 3684 daient avec une outrance d'affreux enfants bur¬
1290 3640 2296 3699 Broceliande, etc., etc. Lugné joue les drames
254 3671 1269 3738 que moderne que le mobilier, les habits, etc.,
2332 3676 3319 3730 lesquement déchaînés sur toutes les modes
1302 3684 2296 3756 d'Ibsen, de Strindberg, il joue La Venise sauvée
252 3696 1266 3786 ne troublaient point parce que éclairés de la
1305 3717 3319 3794 d'Ottway, il joue Le Chariot de terre cuite de moment... et dépassant les visées de leur auteur
257 3748 1264 3838 bizarrerie nécessaire. Vous m'objecterez que la
2332 3773 3314 3827 is incarnaient d'avance ces guignols hideux
1300 3776 2294 3851 Victor Barrucand... Là tous les acteurs étaient
257 3799 1266 3876 fantasmagorie de têtes de réchange était tout
2330 3822 3319 3871 déjà bolcheviks, certaines horreurs que précis
1302 3833 2291 3897 nus et peints ; c'était, pour l'époque, une hardies¬
259 3845 1274 3928 intérieure et que celle de L'Intruse est, en
2332 3871 3319 3922 l'avenir. Mais je n'ai pas eu la place de parle
1305 3879 2299 3943 se insensée; elle passa, et j'ose à peine dire qu'on
262 3894 1264 3976 somme, extérieure. Mais que les rêveries d'un
2332 3922 3319 3982 assez longuement de ce livre si plein de chose
1305 3930 2296 4010 utilisa les costumes pour jouer ensuite L'An¬
259 3940 1274 4025 homme s'extériorisent ou que les forces malé¬
2335 3966 2692 4048 Lisez-le, lisez-le.
1302 3974 2302 4048 neau de Sakuntala de Ferdinand Herold. Et
257 3994 1266 4066 fiques du sort arrivent à pénétrer jusqu'aux
2928 4005 3303 4107 Gérard d'Houville.
1300 4023 2322 4115 puis on joue la Salomé de Wilde, hardiment,
259 4043 1274 4151 humains, à violer leur intérieur et à changer
