3436 4256
251 172 792 261 4.9. Anatol
757 193 1011 300 y
1361 178 1718 281 box 9/3
1379 565 1969 654 Dr. Max Goldschmidt
1376 647 1957 721 Büro für Zeitungsausschnitte
1202 686 1452 751 BERLIN N 4
1752 687 2148 747 Telefon: Norden 3051
1516 766 1843 832 Ausschnitt aus:
1355 801 1993 902 Neues Wiener Tagblatt
1673 975 1991 1086 5. März 1925
1285 1078 2408 1194 Josefstädter Theater. Zum erstenmal Anatol von
1198 1135 2383 1228 Artur Schnitzler. — Anatols Welt — diese Welt des
1189 1180 2378 1276 Wien vor dem Kriege — ist uns heute fremd und fast ungekannt
1183 1241 2377 1340 geworden. Von jenem Wien sind kaum mehr die äußeren Kon¬
1192 1373 2393 1470 turen geblieben: es ist zwar noch immer eine Stadt mit zwei
1191 1418 2380 1497 Millionen Einwohnern und doch nur mehr mit einer ver¬
1195 1456 2380 1558 schwindend kleinen Anzahl von Wienern. Aber Anatol selbst
1195 1510 2378 1597 ist noch lebendig; mag sein, daß der Typus als solcher sorgen¬
1186 1556 2374 1648 berufs- und bedenkenloser Genießer, mag sein, daß dieser Typus
1189 1592 2380 1703 in der heutigen Zeit nicht mehr existieren könnte: der Mensch
1189 1642 2380 1743 Anatol ist - wie jedes echte Kunstwerk — noch immer Gegen¬
1188 1688 2377 1785 wart, noch immer Fleisch und Blut; besonders wenn Waldau
1180 1739 2377 1842 diesen Anatol spielt. Es ist das ein schmeichelnder Reiz, eine
1180 1791 2372 1891 entzückend beschränkte, ein bißchen frivole, ein bißchen weh¬
1177 1831 2372 1930 mütige Liebenswürdigkeit, von der man wie von einer
1177 1879 2375 1982 betörend leichten und leichtsinnigen Musik umfangen wird.
1174 1931 2368 2029 Waldaus noble Anmut ist wie die Grazie des alten Wien
1180 1975 2368 2076 selbst, diese Grazie, die einen zuweilen vergessen machen konnte,
1168 2024 2368 2112 daß der Charakter dieser Stadt oft nichts war als eine
1171 2070 2366 2169 bequeme, verbindliche und für wohlhabende Leute äußerst
1171 2129 2366 2215 gemütliche Charakterlosigkeit. Waldau zunächst kommt Fräulein
1167 2169 2359 2256 Geßner, die Annie im „Abschiedssouper, durch und durch
1162 2214 2357 2303 echt, unbändig komisch in ihrer bodenständigen Urwüchsigkeit
1162 2263 2353 2347 und erfrischend ordinären Natürlichkeit. Wo Natürlichkeit nur
1162 2329 2351 2405 gemacht wird, wie von Fräulein Fein, in „Episode" wirkt
1165 2365 2354 2448 sie als Unnatur. Auch Frau Terwin trägt die Ilona in
1174 2411 2351 2493 Anatols Hochzeitstagen" wie ein „auf Glanz hergerichtetes
1156 2456 2345 2544 Kostüm aus dem alleren Wien. Den Max spielt der sonst so
1156 2502 2348 2595 interessante Herr Rainer mit einem mehr eingetrockneten als
1156 2547 2341 2630 trockenen Humor. Eine Fehlbesetzung. Ausgezeichnet Herr
1150 2595 2350 2692 Daghofer in einer Kellnerepisode, dann Frau Hagen in
1150 2648 2341 2737 „Weihnachseinkäufe. Die Regie führt diesmal Paul Kalbeck:
1152 2704 2350 2819 er sucht keine Effekte und findet die delikatesten Wirkungen.
2130 2775 2303 2850 -
2251 3171 2360 3240 J.
1277 3167 2002 3252 Sänger aus den gleichen Märchenzeiten.
1370 3216 2408 3301 Schnitzlers „Anatol“ bei Reinhardt.] Die
1256 3280 2403 3336 kleinen Stücke stehen nun im Repertoire dieser Bühne und sind
1244 3333 2409 3379 von Paul Kalbeck recht sorgfältig inszeniert. Die Aufführung
1295 3356 2402 3430 folgt bekannten Traditionen und gefällt dem Publikum an¬
1292 3404 2412 3466 scheinend ausgezeichnet. Bloß sollte man die vorgetragenen
1286 3452 2409 3507 Jugendtorheiten nicht gerade von Schauspielern reifer Jahr¬
1280 3482 2403 3560 gänge vortragen lassen. Waldau ist ein glänzender Darsteller,
1283 3522 2403 3584 aber dem Anatol doch zu entwachsen, um den Ton für süße
1282 3561 2414 3625 Dummheiten zu finden. Nicht anders Frau Fein. Selbst Frau
1280 3615 2409 3664 Urban=Kneidinger kann sich nur mit Anstrengung der
1286 3646 2406 3709 Cora erinnern. Einzig Fräulein Geßner spielte ein Schnitzler¬
1286 3693 2314 3764 Girl famos und sah auch so aus. Der Beifall war lebhaft.
1383 3734 2411 3818 — Im Burgtheater wird Freitag den 6. d. zu gewöhn¬
1283 3790 2405 3857 lichen Preisen die Komödie „Fenster von Galsworthy, deutsch
1283 3831 2411 3932 von Leon Schalit, gegeben. Es wirken mit die Damen Anay,
