3344 4224
1300 145 1661 253 box 9/5
179 145 670 262 4.9. Anato
834 139 1133 269 Zyklus
571 148 840 266 to
1698 451 1973 519 -
685 432 1176 519 -
395 491 2850 605 rovinz in Oesterreich zählt so viel tüchtige und ernsthafte Elemente, Erfolg zu schmeicheln. Anatol würde als Diplomat gewiß Erfolge
1627 574 2850 639 haben. Keine schlechtern als Friedrich v. Gentz, der in der öster¬
395 577 1596 642 nd in Wien weiß der kleine Mann, der Handwerker und Arbeiter
1624 621 2856 679 reichischen Staatskunst vor hundert Jahren eine bemerkenswerte
395 627 1596 692 uch recht gut, daß er sich rühren muß, um im Leben zurecht¬
398 667 2859 741 ukommen. Aber, wenn sie im Volkstheater oder sonstwo Anatol, Rolle gespielt hat, und der ja in seiner Jugend auch eine Art
395 716 2850 778 en liebenswürdigen Taugenichts, mit Bianca und Cora lieben Anatol gewesen ist. Dem müßte unser Held nacheifern. Und es
395 756 2856 837 ehen, klatschen sie Beifall und haben ein Gefühl geheimer Be¬ wäre nicht der schlechteste Witz, wenn sein Dichter nach so viel
1633 809 2865 880 hübschen Episoden, die voll Jugend und Liebe und Glut sind,
389 809 1596 874 wunderung. Die Bewunderungssphäre Anatols hat sich auch nach
389 849 2865 945 Korden verpflanzt, seit sein Dichter Schnitzler ihn nach Berlin noch einen Ergänzungsdreiakter schreiben könnte: „Exzellenz August.
392 911 1612 988 gebracht hat Allzuweit hat sie sich dort aber nicht ausgedehnt,
389 960 1612 1025 so weit meine Kenntnis reicht. Das Land der Pflicht und des
395 1003 1618 1105 kategorischen Imperates ist nun einmal keine Wirkungsstätte für
389 1068 540 1145 Anatol.
509 1068 1630 1167 Es ist bei alledem gar nicht zu leugnen, daß Ancto Stil
398 1142 1621 1220 hat. In seiner Ausdrucksweise, in seiner Bewegung, wie in jeder
401 1195 1624 1272 Geste bewahrt er sich jenen Sinn für die Form, der fast immer
395 1244 1615 1312 nur ein Erbteil alter Kulturen und guter Ueberlieferungen ist
401 1300 1624 1365 Darum kennt er ja auch trotz seiner ewigen Liebschaften keine
404 1334 1636 1405 wirkliche Leidenschaft, denn die Leidenschaft fragt nichts nach der
408 1386 1627 1473 Form; sie geht rücksichtslos über diese weg. Für Anatol wäre es
408 1445 1630 1501 „horrend, etwa zum Girardi=Hut ein schwarzes Beinkleid zu
408 1482 1633 1553 tragen, und er würde bei der leidenschaftlichsten Liebeserklärung
408 1528 1636 1599 schleunigst aufstehen, wenn er an seinem Rock oder an der Hose
414 1568 1630 1643 einen Schmutzfleck entdeckte. Er hat eben diesen ausgeprägten
411 1624 1643 1695 Sinn fürs Aeußerliche, der eine Eigenschaft seiner Rasse ist.
420 1661 1639 1738 Ein Nachteil? Darüber kann man verschieden urteilen. Der Sinn
420 1726 1646 1788 für das Aeußerliche und die Form ist etwas Wesentliches, im
417 1766 1649 1831 Verkehr sowohl der Menschen wie der Völker, bei den kleinen
417 1815 1649 1880 Ereignissen des Gemütes wie bei den Dramen der Politik. Man
423 1862 1649 1930 kommt viel weiter, wenn man gewisse Berechnungen unter sehr
417 1902 1649 1998 liebenswürdigen Formen versteckt; das höchste ist, diesen Formen
423 1957 1649 2032 den Anschein einer großen Natürlichkeit und Ungezwungenheit
426 2004 1652 2075 zu geben. Dem Norddeutschen fällt dies außerordentlich schwer,
426 2047 1658 2121 der Oesterreicher macht es spielend. In der Figur Anatols steckt
426 2096 1658 2164 daher sicher Stil, so wie in einem Lannerschen Walzer Stil steckt,
426 2146 1652 2220 in einem Makarischen Gemälde oder in den großen Renaissance¬
426 2189 1661 2266 palästen am Ring. Das alles ist nicht etwa ganz Oesterreich
432 2251 1658 2319 ebensowenig wie Anatol ganz Jung=Wien vorstellt), aber, so
429 2291 1655 2362 wie es ist, konnte es nur in Oesterreich entstehen, hat echt öster¬
432 2334 1664 2405 reichischen Stil. Dies halb südliche Temperament eines begabten
432 2387 1658 2458 Volkes, mit einer großen Empfänglichkeit für alle Lebensreize,
435 2433 1661 2513 mit einer hübschen Neigung, sich und andern gern etwas vor¬
1031 2473 1661 2547 stadtironie — dies alles nahm
438 2495 1007 2550 zuspielen, dazu die Wiener Ge¬
445 2526 1661 2597 der Dichter zusammen und schuf daraus die Figur des Anatol
438 2578 1677 2649 Alles in allem: man kann sehr viel, aber will man eigentlich
442 2624 1661 2695 etwas? Neuerdings und besonders infolge der letzten Ereignisse
442 2671 1667 2745 trifft man nun auch in Oesterreich wieder Leute, die viel wollen.
442 2720 1664 2785 Man sieht und hört sie in den Kaffeehäusern, sie diskutieren in
442 2760 1673 2837 den Gemeinderäten und in den Zeitungen; sie haben oft preußische
445 2816 1670 2887 Ideale, auch wenn sie auf die Preußen jetzt und früher schimpften.
442 2865 1661 2942 Sie lernen sogar etwas, was bisher dem deutschen Oesterreicher
442 2930 1389 2998 tum so ziemlich gänzlich versagt war: Sachlichkeit.
550 3001 1677 3134 Merkwürdig, wie wenig Leute man bisher in Oesterreich
448 3069 1652 3165 traf, die sachlich sein konnten. Diese Eigenschaft „Sachlichkeit
448 3140 1673 3220 liegt nicht im Programm der Rasse. Sprach man einmal mit
448 3180 1673 3245 einem Oesterreicher über seine politischen Angelegenheiten, so kam
457 3233 1677 3301 eine solche Fülle von Voreingenommenheiten, subjektiven Meinungen,
460 3276 1677 3344 Haß ohne Prüfung, Leidenschaft ohne Begründung heraus, daß
457 3325 1673 3393 der Ausländer und insbesondere der Reichsdeutsche wie vor einem
451 3365 1670 3439 unentwirrbaren Knäuel stand. „Hoffnungslos — Kein Mensch
457 3421 1683 3489 kann da durchfinden — Das war gewöhnlich die Antwort, die
457 3464 1680 3544 einem in den letzten zwanzig Jahren jeder Reichsdeutsche gab, dem
454 3520 1686 3591 man von innerer österreichischer Politik sprach. Das lag weniger
463 3566 1683 3631 am Stoff als an der Art, wie die Oesterreicher ihn darstellten.
463 3619 1683 3680 Und man gewann die Ueberzeugung jenseits der schwarz=gelben
463 3662 1683 3727 Grenzen, daß die inneren Angelegenheiten dieser Monarchie einen
52 3631 386 3767 La, Ver¬
460 3711 1677 3782 Rattenkönig von Fragen darstellten Dieser völlige Mangel an
460 3757 1683 3822 Sachlichkeit mag vielleicht alte Erbschaft aus süddeutschem und
463 3788 1680 3881 keltischem Blute sein; er ist sicher auch eine Folge der nun jahr¬
457 3856 1686 3937 zehntelangen Sticheleien und Ränke der Völker untereinander, des
49 3841 309 3943 ungen.
460 3900 1689 3961 unablässigen Federkrieges, der endlosen Streitigkeiten, der steten
466 3952 1473 4014 Vergiftung einer ewig neu aufgepeitschten öffentliche
59 3977 445 4063 die „Köln. Z." aus
469 3992 1686 4066 In bezug auf Sachlichkeit hat der Oesterreicher von dem
59 4035 1686 4091 den Versuch macht, fühlern Norddeutschen alles zu lernen. Sachlichkeit ist nicht nur
