3436 4352
273 178 811 258 4.9. Anatol
970 187 1189 281 klu-
457 1577 1515 1645 Stadt Heimat geworden, Staatsmann, Dichter, Lebens¬
455 1634 1523 1679 künstler und Philosoph in Marschallsuniform, aus seinem
460 1673 1522 1731 überreichen Leben. Sein Weg kreuzte alle irgendwie her¬
464 1708 1519 1760 vorragenden Geister aus der zweiten Hälfte des 18. Jahr¬
467 1752 1525 1802 hunderts bis zum Kongreß. Die Erscheinungen Maria
460 1787 1526 1836 Theresias, Josefs II., Friedrichs des Großen, des Fürsten
464 1830 1526 1882 Kaunitz, Poniatowskis, Katharina II., Marie Antoinettes,
463 1868 1526 1930 der Dubarry, Napoleons, Goethes, Rousseaus, ziehen
464 1906 1527 1958 vorüber. Das Buch ist mit einer verschwenderischen Fülle
464 1947 1526 2009 von Bildern schöner Frauen und bedeutender Männer
467 1998 1526 2046 ausgestattet, zum Teil aus privaten Sammlungen, die nur
460 2025 1525 2074 dem Herausgeber, dem feinfühlenden Literaten und Archiv¬
463 2074 1273 2128 forscher Viktor Klarwill, zugänglich waren.
503 2095 1529 2157 Das war nach Anatols Geschmack! Er begann seine
476 2143 1522 2203 Weihnachtsankäufe damit, daß er den Fürst von Ligne¬
460 2189 1125 2234 sich selbst zum Geschenke machte.
508 2216 1526 2276 Von den älteren Wiener Verlagsanstalten macht sich auch
464 2263 1534 2309 der Verlag Carl Kongen durch die Herstellung kleiner
469 2302 1527 2353 reizender Geschenkwerke bemerkbar, durch die in wun¬
467 2338 1525 2385 dervollem mehrfarbigen Steindruck hergestellten Mappen¬
467 2381 1522 2434 werke der Goethe-Lieder, Mörike-Gedichte, Eichendorff
469 2421 1531 2468 und Heine-Lieder. Wertvoll auch die Herausgabe der
469 2457 1534 2509 billigen Sammlung Kongens Kinderbücher, von
472 2498 1530 2552 denen in Kürze bereits 100 Nummern vorliegen werden
467 2541 1539 2591 und die wegen ihres internationalen Charakters als eine
476 2577 1534 2630 Weltliteratur für die Jugend bezeichnet werden können,
476 2612 1534 2696 ebenso die bunten, künstlerisch vollendeten, Wiener
472 2660 820 2715 Bilderbücher.
514 2699 1537 2758 Vortreffliches bietet auch Gerlach's Jugendbücherei.
476 2727 1539 2789 Bisher sind 34 nach pädagogischen Grundsätzen ausge¬
476 2773 1527 2830 wählte Texte, mit farbigen Bildern nebst reichem Buch
476 2811 1545 2865 schmuck ausgestattete Bücher erschienen. Gerlach und
481 2854 1538 2901 Wiedling besorgen auch die wertvolle, kritische Grillparzer¬
479 2888 1547 2938 Ausgabe der Stadt Wien, geleitet von Professor August
472 2940 1549 2984 Sauer. Sie ist in diesem Jahre wieder rüstig fortgeschritten.
481 2972 1539 3024 Auch das Sammelwerk der Altwiener Volks- und
476 3004 1539 3058 Hausmusiklieder muß wieder seine Freunde finden
476 3050 1542 3119 ist doch auch darin ein letzter Gruß vom besseren,
481 3088 1002 3154 einstigen Wien aufbewahrt!
515 3116 1543 3178 Als ob die Schwierigkeiten des Verlagsbetriebes die
481 3162 1546 3233 Unternehmungslust angefacht habe, mutet die Wahr¬
1387 179 1743 266 box 9/5
1921 1570 2989 1637 nehmung an, daß wir gerade in den letzten Jahren eine
1918 1633 2987 1680 beachtenswerte Anzahl neuer Verlagsfirmen erhalten
1921 1669 2987 1717 haben, die alle Wiener Literatur im besonderen pflegen.
1926 1709 2989 1756 Eine der rührigsten, Eduard Strache, äußert schon etwas
1926 1751 2988 1796 vom Sturm und Drang, der unserer Zeit innewohnt, ein
1926 1787 2981 1835 Sturm und Drang, der sich weniger ästhetisch als ethisch,
1926 1830 2988 1874 in sozial angehauchter Literatur, kundgibt. In Prosa und
1933 1868 2984 1914 Vers kommen die Jungen und Jüngsten, aber auch Alt¬
1935 1907 2981 1950 Wien durch zwei neue Bücher von Gugitz zu Worte
1926 1945 2984 1992 Ein literarisches Monumentalwerk wird die Veröffent¬
1921 1981 2983 2034 lichung der Wiener Staatsbibliothek, das Musein,
1926 2025 2988 2076 werden. Dieses einzigartige Sammelwerk wird die aus dem
1923 2064 2979 2117 berühmten Institute hervorgehenden Forschungen vereini¬
1930 2105 2979 2156 gen und besonders wertvolle Bestände in kritischen Neu¬
1926 2143 2984 2189 ausgaben weiteren Kreisen der gelehrten und bibliophilen
1935 2185 2877 2231 Welt, aber auch dem Publikum, dienstbar machen.
1966 2219 2981 2272 »Linksorientiert ist auch der Verlag der Wiener Gra¬
1933 2259 2988 2311 phischen Werkstätte unter Leitung des Schriftstellers
1926 2302 2984 2349 Fritz Karpfen. Nennt man seine Autoren Grünwald.
1926 2341 2988 2390 C. J. Haidvogel, Anton Kuh, F. T. Csokor, so hat man auch
1923 2382 2981 2422 seine literarische Richtung angegeben. Zwei interessante
1930 2422 2972 2465 Publikationen sind in Vorbereitung: das Egon Schiele
1926 2458 2988 2506 Buch mit über hundert Reproduktionen; das Peter
1923 2498 2985 2545 Altenberg-Buch, herausgegeben von Egon Friedell, ent¬
1926 2539 2988 2585 haltend den Briefwechsel. Würdigungen des Dichters
1930 2577 2981 2631 von den bedeutendsten Geistern der Zeit, geschmückt
1930 2617 2981 2666 mit zahlreichen Abbildungen. Prof. B. Steiner ist künst¬
1926 2659 2218 2716 lerischer Leiter.
1966 2679 2972 2737 Ein Verlag rein belletristischer Natur ist die WILA
1926 2720 2989 2774 die Wiener Literarische Anstalt, die in erster Linie heimi¬
1923 2771 2985 2825 schen Autoren eine Stätte im eigenen Vaterlande bietet
1926 2813 2988 2861 und ihnen den Weg über die deutschen Verleger ersparen
1926 2852 2984 2898 will. Das Buch der Fürstin Pauline Metternich-Sandor
1923 2892 2985 2948 ist natürlich ein Geschenkbuch par excellence für Damen;
1921 2929 2984 2973 es ist auch ein schönes Buch mit feinen künstlerischen
1923 2967 2983 3013 Reproduktionen nach Originalgemälden von Rudolf Alt.
1933 3007 2988 3056 Daffinger, Kriehuber und Winterhalter. Unsere besten
1926 3047 2988 3096 Namen sind im Verlage zu Gaste: Busson, M. E. delle
1926 3087 2981 3148 Grazie, Georg Terramare, F. K. Ginzkey, Ludwig Hirschfeld.
1966 3126 2988 3178 Von Ludwig Hirschfeld bringt auch der Verlag
1923 3166 2988 3239 Perles ein entzückendes Buch: »Manzi und Mully,
