3392 4256
205 148 778 261 4.9. Anatol
913 152 1156 261 yklus
1325 148 1685 243 box 9/3
2454 58 2858 123 Telefon Norden 305
1912 69 2166 123 BERLIN N4
2168 185 2808 327 Neue trois ou
2470 340 2772 437 März 1925
2053 488 2796 567 Theater= und Kunstnachrichten.
1953 545 2978 607 Schnitzlers „Anatol“ im Theater in der
1854 574 2982 658 Josef Nun hat Arthur Schnitzlers Einakterreihe
1854 646 2975 696 „Anatol“ wieder in das Theater in der Josefstadt heimgefunden,
1849 693 2978 744 der Stätte, von der aus, an den literarischen Abenden Jarnos,
1854 718 2978 780 diese von Geist, Laune und Anmut blitzenden Dialoge zuerst ihren
1857 762 2979 820 Weg — einen glänzenden Weg des damals nur von wenigen
1857 804 2981 867 geahnten Erfolges — genommen haben. „Anatol“ bei Reinhardt.
1854 850 2978 905 In dieses wienerische Haus, das auf kultiviertesten Geschmack,
1847 900 2975 954 auf Behagen, elegante Heiterkeit gestimmt ist, gehörten diese Lust¬
1861 929 2986 998 spielminiaturen längst, die dem naiven Theaterbesucher wie dem
1857 972 2854 1032 feinschmeckerischen Genießer gleicherweise kleine funkelnd
1850 1010 2841 1091 barkeiten der wienerischen, fast möchte man jetzt schon so
1852 1057 2818 1115 altwienerischen Kunst bedeuten. Als vor dreißig
2902 1065 2981 1119 ren
1849 1106 2851 1163 oder ist es schon länger her, diese Bluette
1852 1140 2849 1197 pariserisierenden Geist mit heimatlichem Sentimen
2899 1146 2978 1205 per¬
1849 1190 2851 1243 einten, zuerst erschienen, war das junge Wien
1846 1191 2978 1277 damals entzückt. Hier war ein völlig neuer Ton angeschlage. Hier
1840 1269 2969 1329 war Grazie und Uebermut, die an die Proverbs des jungen
1852 1305 2965 1366 Alfred de Musset gemahnten. Hier war aber noch etwas
1852 1345 2978 1411 Besonderes, das einen zwang, diesem Dichter nicht bloß zuzu¬
1845 1387 2974 1452 hören, weil man ein starkes Talent, sondern ihm zu liebe, weil
1837 1427 2966 1492 man die reizvolle Menschlichkeit darin spürte. Ein Zauber war
1839 1475 2968 1531 darin, dem man sich auch heute nicht, denkt man nur an
1854 1513 2962 1575 „Anatol, den leichtfertigen Melancholiker, an den feinen Spötter
1839 1555 2959 1612 Max und an die süßen Mädchen“ Cora, Anni, Bianca und
1837 1600 2968 1657 wie sie sonst noch heißen mögen, nicht zu entziehen vermag. War
1833 1638 2966 1691 es die leichte Melancholie, die diese gewichtlos heiteren, kleinen
1842 1679 2957 1730 Szenen umflorte? War es die verhangene Poesie, die man aus
1832 1705 2961 1780 diesem scheinbar nur spielerischen Bekenntnissen spürte? War
1832 1761 2962 1812 es die Atmosphäre einer ganzen Gesellschaft mit ihrem Froh= und
1835 1804 2958 1868 Feinsinn einer ganzen Stadt, die einem durchaus entgegenwehte?
1836 1837 2903 1904 Was immer es gewesen: Jeder fühlte und fühlt es noch
1837 1883 2955 1945 hier waren von einem Künstler Bilder in neuen, zarten und
1837 1931 2962 2001 heiteren Farben festgehalten, hier war von einem jungen Können
1839 1964 2957 2022 der Lustspielform ausgesprochen, was jeder gern ausgesprochen
1840 2005 2965 2069 hätte und was fortan irgendwie nicht mehr vorgedacht werden
1830 2039 2954 2097 konnte. So empfand es das junge Wien von damals, ein noch
1836 2097 2948 2145 enger Kreis, und war entzückt. Aber niemand, und wahrscheinlich
1837 2134 2957 2202 am wenigsten der Autor selbst, der damals noch zwischen
1833 2172 2955 2228 Poesie und Literatur schwankte — die Autoren sagten, er sei
1836 2216 2951 2262 vermutlich ein vortrefflicher Arzt, die Aerzte meinten, er wäre
1825 2255 2955 2323 gewiß ein begabter Poet — nein, niemand hätte im Ernst
1805 2333 2928 2427 gedacht, „Anatol könne wirklich gespielt und sogar ein Zug¬
1815 2402 2924 2463 und Kassenstück, sogar in Amerika, werden. In einer „Concordia¬
1809 2432 2924 2498 Matinee wurde dann das „Abschiedssouper versucht, und Schnitzler
1799 2465 2916 2537 hat es oft lachend erzählt, wie bei den lustigen Worten der
1801 2516 2917 2584 „Annie" aus dem Publikum keine Räsonnanze kam, bis sie
1808 2557 2920 2635 sich genäschig, wie die süßen Mädchen einmal sind, über die
1799 2616 2921 2674 Indianerkrapfen hermacht. Aber dies war doch nur ein
1798 2640 2917 2714 Experiment, ob nicht wenigstens das Bühnenmöglichste der kleinen
1799 2681 2918 2756 Stücke zu wagen wäre. Dann hat Jarno die „Frage an das
1804 2718 2914 2783 Schicksal mit der köstlichen Pointe von dem Manne, der nicht
1799 2759 2920 2841 die Wahrheit über die Treue seiner Geliebten erfahren will,
1801 2803 2920 2875 gebracht, dann, irre ich nicht, die „Episode — wie steigt
1797 2844 2916 2917 hier aus vergilbten Liebesbriefen wieder eine ganze verklungene
1804 2889 2918 2948 Jugend auf! Dann gab das Volksthäter den ganzen Zyklus.
1791 2921 2909 2989 Man weiß noch, wie der Dialog in den „Weihnachtseinkäufen
1789 2962 2920 3050 zwischen Gabriele, der jungen Frau der Gesellschaft, und vom
1788 3014 2914 3082 verliebten Schwärmer Anatol, der ihr zuerst von den süßen,
1789 3045 2911 3125 verschwiegenen Erlebnissen der Vorstadt erzählt, wie diese Szene
1788 3089 2911 3158 auf dem verschneiten Christkindlmarkt eingeschlagen, und erst
1792 3132 2911 3212 „Anatols Hochzeitsmorgen", wo der liebenswürdige Sünder, von
1789 3171 2910 3250 den Armen seiner Freundin festgehalten, beinahe zur eigenen
1781 3209 2909 3287 Hochzeit zu spät gekommen wäre. Erst da man den ganzen
1787 3261 2911 3331 Zyklus an sich vorüberziehen sah, erkannte man seinen
1781 3300 2914 3370 künstlerischen Timbre, den man jetzt wieder in der Reinhardt¬
1781 3332 2907 3401 Aufführung erkennt. So groß der Weg ist, den Schnitzler seit dem
1784 3380 2907 3455 „Anatol" bis zum „Jungen Medardus" und dem „Schleier der
1785 3417 2904 3507 Beatrice" gegangen, man findet die Spuren dieses Erstlings noch
1775 3458 2906 3534 bis zuletzt in der „Komödie der Verführung". Darum dankt
1778 3494 2902 3578 man es Reinhardt, daß er uns jetzt, da man das reiche Schaffen
1777 3548 2903 3620 eines reifen Meisters zu übersehen vermag, durch diese Aufführung
1775 3583 2906 3654 Einblicke und Rückblicke in diese scharmanten Anfänge gewährte.
1770 3620 2904 3697 Ueber die Darstellung ist bereits gesprochen worden. Sie trug
1774 3669 2902 3740 vor allem durch Waldaus reizvolle Dialogunst als Anatol,
1774 3705 2899 3779 Reiner als Max, Fräulein Kneidinge, Fein, Hagen,
1778 3745 2902 3830 Frau Terwin Moissi und durch die überschäumende
1770 3784 2899 3865 Lustigkeit Fräulein Geßners unter Paul Kalbes klug
1777 3834 2896 3915 abtonender Regie zum vollen Erfolg des Schnitzler=Abends bei.
2727 3891 2854 3961 P. W.
