3344 4256
249 215 1206 321 4.9. Anatol - Zyklus
1249 215 1722 313 box 9/1
1634 472 1998 699 New
1659 749 2075 843 The Affairs
1662 857 2036 948 of Anatol
1664 966 2051 1060 Delightful.
1291 1097 2460 1183 y CHARLES DANTON.
1178 1187 2563 1259 you have read Schalent dialogues you know how good they
1208 1220 2561 1302 are, but until you go to the Litte Theatre you cannot know how much
1210 1272 1678 1323 better they act than read.
1208 1295 2561 1358 These sketches, five of which have been grouped under the title of The
1160 1339 2556 1409 Affairs of Anatol," may be accepted as the last word in philandering. Their
1157 1385 2556 1439 easy morat is hat variety is the spice of life. In Schnitzten Vienna
1150 1427 2572 1487 nothing could be more simple, and even here in stad New York it may be
1157 1473 2573 1517 understood. The fact is that it's the intimate quality of these ging episodes
1162 1503 2552 1553 that gives them their special charm. Both men and women are kely to chuckle
1150 1542 2552 1590 over innocent little adventures of their own in following Affairs of
1145 1567 2552 1628 Anatol." Indeed, it may now be counted as a certainty that daughter will
1157 1621 2552 1674 nightly gladden the walls of the house where some very sa affals have taken
1157 1651 2550 1708 place. While this form of entertainment five separate episodes must be re¬
1150 1689 2552 1742 garded as an experiment, there is no reason to fear that it will not prove
1865 1733 2552 1777 popular, for these "Affaire are de¬
1862 1773 2558 1819 cidedly lively and witty. To theatre¬
1862 1810 2558 1865 gers who have reached the age of dis¬
1862 1844 2552 1913 cretion they are sure to prove delight¬
1856 1881 1950 1932 ful.
1885 1886 2563 1971 Excellent tasta has been shown by
1867 1952 2559 2014 Winthrop Ames in staging the sketches,
1862 1989 2552 2045 and the acting is sometimes very good
1858 2042 2556 2084 and never very bad. A fresh face, and
1865 2077 2547 2125 usually a pretty one, in each Affaire
1855 2098 2552 2157 serves to keep the interest alive and to
1853 2148 2558 2197 add novelty to the performance. There's
1855 2194 2556 2233 always a new girl to drive away dul
1862 2227 2561 2271 care and defy monotony. She's there
1858 2263 2565 2307 one moment, and gone the next. This
1856 2296 2554 2346 pleasing arrangement brings about
1858 2337 2554 2381 sort of acting tournament in which five
1858 2376 2552 2423 leading women participate. It's for
1860 2407 2552 2462 you to say which is the best of the
1855 2446 2552 2501 number. You can say it and live, be¬
1858 2489 2538 2549 cause you don't have to say it in print.
1885 2522 2559 2572 After "The Daughter of Heaven."
1853 2542 2559 2614 however, I will say that it is pleasure to
1853 2602 2552 2644 see these daughters of earth who drop
1851 2635 2552 2688 into bachelors rooms at any hour that
1862 2672 2561 2724 suits their fancy. The first arrive is
1590 2667 1819 2741 45
1853 2713 2558 2755 Das Marguerite Clarke, as Hilda
1855 2750 2556 2801 charming! To find out whether she is
1220 2755 1791 2824 John Barrymore as Anatol.
1853 2787 2559 2828 true to him. Anatol hypnotizes her, but
1150 2817 2554 2877 he can't bring himself to ask the awkward question. So Huda is saved from
1150 2861 2552 2916 telling anything more than her ago. Miss Clarke is just the girl for the part.
1145 2898 2561 2953 She pure softly and does off like a kitten. This little autres deserves the
1148 2934 1817 2973 warm corner in which you leave her¬
1166 2964 2547 3019 Anato next brings his "past" to his patient friend Max. It's a boxed
1150 3008 2543 3059 with trophies of his conquest. One recalls Bianca, who came into his life with
1145 3052 2549 3096 a circus. Once they had sat under the dam in his room for two, and his
1145 3094 2543 3135 fatal charm ad von her poor child. He knows she will never forget those
1150 3124 2543 3176 wonderful two short hours, though three years have passed. Then Blanca
1150 3162 2540 3215 als in one acquaintance with and he doesn't know
1153 3199 2550 3255 Adam. In bitterness of spirit, his pride sorely wounded, Anatol goes out in
1150 3241 2552 3291 the night. Miss Gail Kane turns this trick very rely. She is capital as the
1150 3275 2552 3354 cious gin whose blank look takes at the rose out of Anatol for that
1148 3312 1300 3375 evening.
1203 3336 2563 3411 The cynical Schnitzler again displays is cleverness in making a fool of
1143 3379 2547 3449 Anatol in The Farewell Supper." When Mimi comes from the theatre to join
1141 3423 2550 3485 him and Max in a private room at a restaurant he is ready to tell her, accord¬
1143 3474 2547 3518 ing to their agreement, that he has learned to love another. But before he can
1150 3506 1849 3557 do so, Mimi lets him know that she has
1148 3543 1849 3593 transferred her affections to follow¬
1150 3578 1849 3628 artist." But she doesn't let anything
1148 3619 1849 3663 interfere with her appetite. Miss Doris
1148 3658 1840 3704 Keane eats oysters and drinks cham¬
1150 3691 1849 3736 pagne like an artist, but she misses
1150 3732 1853 3773 some of the good things that marked
1150 3771 1851 3815 the performance of Mme. Wiehe when
1148 3805 1853 3849 that clever artist appeared here in "The
1148 3847 1844 3893 Farewell Supper nine years ago. At
1150 3886 1842 3928 the Saturday night dress rehears Mi¬
1143 3919 1842 3967 Kene added a touch that was peculiari
1148 3960 1851 4025 her own by rubbing her knee under the
1148 3995 1263 4041 table.
1159 4013 1846 4084 Miss Katherine Emmet arrives with
1159 4069 1842 4115 A Christmas Present." She is ad¬
1148 4107 1844 4158 mirable though bitter as a married
1134 4151 1849 4190 lady who talks with Anatol of his
