3484 4256
1463 204 1818 307 box 8/5
985 210 1301 310 Zyklus
335 218 863 317 4.9. Anatol
623 1302 966 1413 OBSERVER
656 1369 1033 1459 ter behördl.
1189 1387 1882 1502 Berliner Neueste Nachrichten
641 1432 974 1530 zessionirtes
721 1511 885 1578 und
748 1536 1007 1630 nachrichten
1220 1547 1708 1649 4-OLLEMORIS
779 1603 903 1670 ien,
660 1627 1000 1724 Konkordiaplatz 4
945 1761 1566 1855 Theater und Musik.
1046 1846 1500 1922 (Siehe auch 3. Beilage.)
1095 1901 1424 1989 Lessing=Theater.
773 1952 1846 2031 Zam ersten Mal: Anatol, 5 Einakter von Arthur
663 1989 960 2077 Schnitzler.
732 2058 1840 2125 handeln alle dasselbe Thema ab, die Liebe oder rich¬
678 2113 1849 2165 tiger das Verhältnis. Denn von der Liebe im höchsten
681 2160 1849 2207 Sinne, der lebenverbindenden, herzen zwingenden Liebe ist in
678 2198 1840 2248 den meist niedlichen Bagatellen nicht die Rede. Es sind Ein¬
684 2245 1840 2295 fälle, die in einen Akt gedehnt werden, Kaprizen, Stimmungen,
681 2289 1845 2344 Sentiments. Es ist, als ob Schnitzler selber vor den Vorhang
681 2333 1846 2381 träte und ein paar Kapitel aus seiner ars and vortrüge,
678 2375 1849 2423 in leichten, launigem Tone; manchmal ist seine Art pilant
681 2418 1842 2467 und gewagt, dann wieder klingen seine Satze müde und ele¬
684 2457 1849 2512 gisch — kurzum er verblüfft durch ein stetes Auf und Ab von
681 2502 1846 2554 Gefühlswerten, die aber alle durch die Person des Dichters
675 2548 1843 2590 Anatol zusammengehalten werden. Die Einakter selber muten
681 2590 1842 2640 wie kleine Schattenbilder an, die nach einem Kapitel theoreti¬
687 2631 1840 2683 scher Darlegungen die Schnitzlersche ars amandi gleichsam illu¬
681 2672 1846 2731 ficieren — Da ist der Zweifler Anatol, der über der Frage
675 2715 1840 2771 nicht zur Ruhe kommen kann, ob ihm seine (zeitweilige Ge¬
684 2756 1846 2809 liebte auch die Treue hält, der in dem Augenblick aber, da er
681 2801 1843 2850 die „Frage an das Schicksal" frei hat, zurückbeht, weil
684 2847 1849 2901 ihm die Illusion tausendmal mehr wert ist als die Gewißheit.
684 2891 1846 2941 Da ist der von sich und seiner Unwiderstehlichkeit überzeugte
684 2926 1846 2986 Anatol, der von einem Mädel, das ihm einmal eine „Epi¬
690 2976 1851 3032 sode war, felsenfest glaubt, er wäre für diese Arme das Er¬
675 3020 1851 3075 eignis des Lebens gewesen und der am Ende erfahren muß,
675 3060 1851 3108 daß er nicht einmal eine Erinnerung in dem Mädel zu hinter¬
678 3104 1849 3156 lassen verstanden hat... Das „Abschieds souper" sieht
684 3144 1849 3199 den in tausend Aengsten und Nöten hangenden Anatol der es
681 3184 1846 3241 nicht über das Herz bringt, seiner Kleinen den Stuhl vor die
675 3236 1870 3311 Türe zu setzen aber in derselben Stunde erlebt, daß sich das
1891 1721 3056 1812 vice versa viel einfacher abwickel. „Weihnachtsein¬
1889 1800 3068 1846 käufe" ist ein anderer Einakter betitelt, der aber mehr die
1892 1845 3053 1898 Stimmungen einer verheirateten Frau ausdeutet, die wohl die
1895 1889 3063 1936 Sehnsucht nach einem (vermeintlichen) Nebenbeiglück plagt, die
1889 1931 3053 1977 aber nicht den Mut zur Sünde hat... „Anatols Hoch¬
1901 1971 3032 2029 zeits morgen" ist eine witzige Frechheit, die den „Helden
1895 2013 3056 2065 eine Stunde vor dem Standesamt noch in den Fängen einer
1907 2059 3056 2108 seiner Lieben zeigt — Wie man nach einer Sittfonie oder
1892 2099 3056 2150 Sonate gern einmal einen Chovinschen Walzer hört oder einen
1889 2146 3057 2198 Offenbachschen Rhythmus, so läßt man sich, als Zwischenstück
1895 2190 3053 2239 gewissermaßen zwischen ernster Kunst, auch einmal einen
1898 2231 3053 2289 solchen „Anatol“ gefallen — Nur darf er nicht zu prätentiös
1895 2269 3053 2323 auftreten, sich nicht zu aufdringlich in den Vordergrund
1901 2315 3056 2374 schieben — Gestern abend bedeuteten die fünf Einakter ei¬
1895 2353 3053 2412 nahe ein Zuviel — Wenn immer derselbe Ton angeschlagen
1889 2406 3057 2457 wird, werden die Nerven leicht rebellisch —! Wie gesagt: wer
1904 2445 3060 2496 sich einmal gut unterhalten will, ohne gleich in die Tiefe zu
1910 2485 3059 2540 steigen, der stelle die „Frage an das Schicksal", koste die „Epi¬
1909 2539 3059 2587 sode", genieße das „Abschiedssouper usw. Er wird dabei die
1900 2576 3054 2628 Freude haben, Heinz Monnard in allen Stimmungen und
1901 2621 3059 2670 Verstimmungen seines Anatol als einen Schauspieler von
1894 2658 3053 2724 Laune und Geschmack zu bewundern, der es mit Glück ver¬
1895 2703 3056 2755 meidet, Karikaturen zu schneiden, wird in Reicher einen
1898 2748 3049 2795 limonadensanften Mephisto zu diesem Salonsaust belächeln und
1892 2786 3057 2841 in fünf Damen des Lessing=Theaters fünf verschiedene Blätter
1895 2831 3043 2885 aus dem Lebens= und Liebesbuche Anatols auslagen — fün
1892 2868 3062 2926 Blätter, von denen ein jedes in anderen Charakteren geschrieben
1892 2914 3049 2977 ist — die Damen Somary, Lossen, Sussin, Her¬
2850 2958 3022 3028 Bn.
1886 2959 2335 3026 terich und Triesch.
