3436 4352
363 322 1146 503 Klose & Seidel
377 480 1128 564 Bureau für Zeitungsausschnitte
372 543 1139 661 Berlin 10.45, Georgenkirchplatz 211
343 780 516 873 Zeitung
686 841 1128 976 Nordhausen
352 897 446 979 Ort:
343 990 512 1082 Datum,
280 1204 1179 1308 Theater, Kunst u. Wissenschaft
492 1290 1150 1369 Nordhausen, 18. November.
550 1339 934 1434 Stadttheater.
386 1394 1037 1488 „Anatol." Ein Einakterzyklus
440 1468 1035 1545 von Arthur Schnitzler.
325 1504 1182 1583 Am Vorabend des Tages, an dem in Berlin
277 1551 1179 1626 ein aufsehenerregender hochnotpeinlicher Pro¬
277 1610 1182 1669 zeß wegen der Aufführung von Schnitzlers
280 1662 1179 1716 „Reigen“ zu Ende geht, kam dieser erfolg¬
277 1700 1182 1752 reichste der neueren Wiener Dramatiker, der
277 1743 1184 1793 bekannte Verfasser der „Liebelel mit seinem
282 1790 1182 1840 frühesten Werke, dem Einakterzyklus „Anatol“,
277 1833 1182 1885 auf unserer Bühne zu Wort. Wir haben im
280 1876 1184 1928 Laufe der Jahre das eine und andere dieser
282 1919 1177 1966 kleinen Stücke hier schon gesehen; in ihrer ge¬
282 1962 1182 2011 schlossenen Folge wurden sie uns gestern zum
280 2009 1182 2054 erstenmal geboten. Anatol ist der Typus einer
280 2052 1182 2102 charakteristischen Art von Wiener Lebemann,
280 2095 1179 2149 bei dem eine Liaison die andere ablöst, ewig
277 2140 1173 2187 entzündlich, schwärmerisch, dabei von einer ge¬
277 2176 1179 2235 wissen elegischen Weichheit, ein „leichtsinniger
280 2223 1179 2278 Melancholier", wie er sich selber nennt, oder,
277 2264 1179 2320 wie ein anderer ihn genannt hat, „der Wer¬
271 2302 1182 2368 ther des jungen Wien“. Es ist ein erotischer,
282 2356 1182 2406 aber auch ein ästhetischer Genießer, dem etwas
280 2395 1184 2447 Feminines anhaftet und der bei all seinen
264 2440 1177 2490 Liebesabenteuern, die er bis zu seinem Hoch¬
271 2480 1173 2544 zeitsmorgen fortsetzt, ein bissel komische Figur
262 2530 1177 2584 macht. Ihm gegenüber steht der Freund, lei¬
271 2562 1173 2618 denschafts- und illusionslos, ein realer, kühler
271 2609 1173 2663 Skeptiker, dessen Anschauungen sich als die
277 2647 1177 2708 siegreicheren erweisen. Die fünf Einakter, die
280 2695 1173 2751 sich um die verschiedenen Liebesaffären Ana¬
268 2735 1170 2789 tols drehen, sind liebenswürdige, geistreiche,
271 2778 1175 2837 humorvolle Plaudereien, meisterlich gestaltete,
271 2821 1170 2877 graziöse Dialoge voll wirksamer Antithesen
268 2871 1164 2932 und hübscher Wendungen und vieler psycholo¬
268 2902 629 2963 gischer Feinheiten.
307 2938 861 2999 Sie präsentierten sich unter
891 2941 1170 3015 der Spiellei¬
268 2988 1168 3040 tung von Herrn Direktor Erich Fisch sämt¬
271 3040 1170 3094 lich in einem stimmungsvollen Rahmen und
271 3085 1170 3141 einer sorgfältig vorbereiteten Form, Edwin
264 3125 1168 3180 Froböse als Anatol hatte die echte senti¬
264 3177 1161 3227 mal schwärmerische Weichheit der Figur und
264 3213 1152 3277 behandelte seine Rolle auch sprachlich vortreff
268 3263 1179 3340 lich. Ausgezeichnet war Gerhard Haus¬
300 3346 1182 3401 nana, der seinem Freund Mag die Ueber¬
300 3392 1177 3455 senheit seiner klaren, gesunden Weltanschau¬
304 3443 1177 3495 ing gab, ansprechend und jede in ihrer
300 3486 629 3543 Art lebensvoll
688 3479 1170 3547 die „füßen Mädel
300 3531 1182 3581 Käthe Strebel, Käthe Werkmeister,
289 3572 1179 3624 Lotte Kleinschmidt und Feodora Ska¬
300 3610 1191 3671 sellen) sowie Grete Nebelung, die die
289 3664 1188 3716 Dame der großen Welt sein und vornehm
295 3700 1184 3764 und mit dem tiefen Unterton des Herrens
289 3743 1191 3806 zum Ausdruck brachte. Die einzelnen Szen¬
300 3791 1202 3847 fanden viel Heiterkeit und Beifall, namentlich,
295 3834 1191 3897 das „Abschiedssoupe, und „Anatols Hoch¬
300 3879 1200 3942 zeitsmorgen" amüsierten sehr. Es war ein
298 3919 1209 3978 überaus anregender und künstlerisch sehr ge¬
289 3962 1211 4025 lungener Abend, dessen großer Erfolg noch
295 4016 936 4086 manche Wiederholung verbürgt.
2674 232 3033 329 box 9/3
1558 237 2510 345 4.9. Anatol - Zyklus
1592 1412 2187 1500 Dr. Max Goldschmid
1597 1495 2181 1569 Bück für Zeitungsausschaffte
1948 1513 2370 1594 Teletos: Borden 305
1412 1536 1675 1601 BERLINNA
1718 1610 2050 1682 Ausschnitt aus:
1522 1651 2275 1745 Generalanzeiger, Dortmund
1869 1739 2212 1860 31. en 192.
2381 1982 3272 2043 satz zu ihm kommt. Er nimmt noch in der Nacht
2372 2027 3274 2081 vor seiner Hochzeit, auf der Heimkehr vom Polter¬
1457 1996 2347 2106 Kunst und Wissenschaft.
2372 2066 3283 2117 abend, eine Neue mit nach Haus, sie will am
1924 2088 2316 2165 Dortmund, 29. März
2377 2106 3272 2158 andern Morgen nicht weichen und als sie von sei¬
2377 2151 3272 2196 ner Verheiratung erfährt, beschließt sie, wiederzu¬
1610 2142 2210 2232 Stadttheater Dortmund.
2377 2192 3267 2235 kommen, um sich an ihm bezw. an ihr zu rächen.
2377 2232 3265 2280 Mit diesen wenigen Worten haben wir den Inhalt
1588 2221 2230 2314 Anatol von Arthur Schnitzler.
2372 2271 3272 2329 der vier Gespräche aus der lächelnden Welt des
1574 2280 2023 2356 Also spielen wir Theater
2372 2314 3265 2372 „Anatol," die am Samstag Abend die Einakter
1583 2332 2093 2384 Spielen unsre eignen Stücke.
2375 2354 3213 2411 des Kleinen Hauses ausmachten, wiedergegeben.
1583 2370 2181 2449 Frühgereift und zart und traurig,
2429 2395 3263 2453 Die Aufführung stand unter der Spielleitung
1581 2420 2059 2467 Die Komödie unsrer Seele
2375 2449 3267 2494 von Hans Bogenhardt, der dem leichten Sinn
1574 2431 2194 2517 Unsres Fühlens Heut und Gestern,
2381 2487 3274 2535 und dem leichten Milieu der Einakter die passende
1572 2499 2099 2566 Böser Dinge hübsche Formel,
2375 2526 3265 2568 Stimmung in der äußeren Aufmachung, in dem
1581 2544 2079 2591 Glatte Worte, bunte Bilder,
2375 2559 3263 2611 leichten Fluß der Darstellung zu geben verstand.
1581 2584 2126 2652 Halbes, heimliches Empfinden,
2384 2609 3270 2659 Auch manche Zutaten erhöhten den Reiz der Hand¬
1572 2627 2020 2701 Agonieen, Episoden.
2381 2647 3265 2722 lung (die dem Diener ins Gesicht geschmierte
1518 2663 2620 2738 „Frühgereift und zart und traurig, so ist auch Sahne z. B.)
1461 2733 2350 2785 der verwöhnte, angekränkelte, verbummelte Dich¬
2431 2706 3274 2783 Rudolf Greving fand für den blasierten Dich,
1461 2778 3274 2826 ter Anatol, der leichtsinnig lebt und schwermütigter Anatol, den Mann mit dem frühgereiften Sinn
1463 2816 3267 2875 denkt und von seinem Freunde Max in den sieben und dem zarten und traurigen Fühlen, in Haltung,
1468 2859 3258 2911 Gesprächen, die den „Anatol“ zusammensetzen, so Ton und Rhythmus die passende Einstellung, wäh¬
1468 2900 3265 2950 oft in die Grenzen gesunden, natürlichen Denkens rend Paul Warschawski als der welt= und
1463 2943 3265 3001 und Fühlens verwiesen wird. Anatol bezweifelt lebensgewandte Wirklichkeitsmensch ebenso über¬
1463 2983 2347 3026 die Treue seiner Geliebten, wagt aber nicht, an
2384 2986 2652 3051 zeugend wirkte.
1470 3019 2350 3069 sie in der Hypnose die entscheidende Frage zu stel¬
2438 2995 3272 3074 In die Frauenrollen teilten sich mit Erfolg;
1463 3065 3277 3112 len, aus Furcht vor der Gewißheit. Er nicht sich Helene Heinrich als sentimentale Cora, Julia
1473 3103 3274 3152 schwere Gedanken um ein Mädchen, mit dem er Janssen als Lebedame Bianka und Lou Seitz
1468 3143 3270 3198 vor drei Jahren einmal zwei Stunden zusammen¬s schmissige Annie mit dem groben Stich ins
1468 3184 3209 3243 gewesen ist. Sie kommt zurück und erkennt ihn Gewöhnliche und als temperamentvolle Ilona.
2435 3213 3274 3277 Das Haus war gut besetzt, und Darsteller und
1461 3225 2350 3277 nicht mehr. Er flieht. Er will mit einer Flamme
1463 3270 3267 3333 brechen, weil er schon wieder eine neue hat und Spielleiter ernteten reichen Beifall und Blumen¬
1468 3308 2541 3378 kann es kaum fassen, daß sie mit dem gleichen Vorspenden.
