3296 4224
1257 204 1636 293 box 8/6
142 207 1096 309 4.9. Anatol - Zyklus
573 958 1593 1037 Genugtuung gegeben hat. Aber in Hintergrunde gibt es
1632 968 2195 1063 vor allem die Aufgabe eines
2590 1007 3212 1073 aus den Worten teuren Vaterla¬
1636 1027 1929 1073 unterrichts sein.
566 1024 1600 1073 noch Differenzen genug. So in der Frage der Anleihe, die
566 1103 3202 1155 er gedeiht auch der Typ des bunten Schmetterlings, der den Jahren, die seit der Entstehung der Gestalten ver¬ doch auch menschlich echte Gefühle
2636 1149 3212 1218 sche Rückblicke auf frohe Augenbli
566 1145 2610 1205 von Blüte zu Blüte schwebt, überall vom süßen Duftnippt flossen sind, noch nichts von ihrer Frische verloren haben
569 1188 2613 1238 und sich dann, wenn er des Spieles gesättigt ist, leichten Durch die Zusammenfassung in einen Zyklus vertieft sich
2636 1195 3209 1238 der nächste Einakter: „Episo
2636 1228 3186 1274 Menschenkenntnis spricht aus
1609 1231 2613 1274 besonders die Gestalt des Anatol und kommt so zur
576 1231 1583 1274 Flages entfernt — um auf der nächsten Blüte derselben Freu¬
2640 1264 3179 1326 Wiedersehens zwischen Anato
576 1267 2613 1316 den zu pflegen... Schnitzler hat sie in seinen jungen Jahren Geltung, wie ihn der Dichter geschaut hat, das heißt
569 1300 3209 1353 als flotter Student und junger Arzt gut studiert, diese alle menschlichen und wahren Gefühlstöne klingen mit, wie knappe Formel bringt hier
576 1343 3206 1392 in wechselnden Farben schillernde Großstadtpflanze Liebe, die gefährlichen Klippen, die der Stoff birgt, werden ge¬ einen typischen Unterschied im
573 1379 1721 1435 Er kennt alle ihre Abarten und Arten, und er weiß, wie wieder
2623 1382 3212 1428 und des Mannes! Wie leben
573 1419 1590 1468 süß und verführerisch sie duften. Er kennt den Typ des
1636 1399 3212 1468 In ihrer Aneinanderreihung geben die fünf Stücke ein Sentimentalität ist diese kleine
566 1461 2613 1511 Wiener Viveurs, der sich keine Skrupel macht, alle diese umfassendes Lebensbild des Helden und zeigen, daß bei
2636 1465 3212 1504 plizierte Gefühle schwingen in
2636 1498 3212 1547 Einen grotesken Schlußakkord bi
576 1501 2613 1550 Genüsse egoistisch auszukosten, ohne Konsequenzen zu ziehen alle Oberflächlichkeit und Blasiertheit doch ein gesunde¬
566 1534 3202 1583 und sich berauscht und betäubt, um die Liebe all der süßen Stück Menschentum und echtes Gefühl in ihm lebt. Der alter „Anatols Hochzeit
1600 1573 3196 1629 geschickte Aufbau des Stückes und die Steigerung der Dichter die Farben aufs kühnste
566 1583 3156 1672 Madei, die ihm auf seinem Lebensweg begegnen, ohne eine gehen zugleich den Grundton am Morgen seiner Hochzeit
569 1609 1563 1662 viel Grübeln und Nachdenken zu genießen, — bis in¬
2633 1652 3146 1711 eigentlichen Lebens, in
576 1649 2613 1702 Ferne schon das nächste Abenteuer winkt. Nur ja der an, auf den der ganze Abend gestimmt sein soll. Gleich
2636 1685 3212 1734 seinem Ich. Aber durch all de
566 1688 2597 1741 Wiener Luft kann solcher Flattersinn sich so betätigen, im ersten Stücke „Eine Frage an das Schicksal
573 1728 3219 1777 daß er nicht brutal wirkt, nur hier trägt die erleben wir, wie tief jeweils im Augenblick seine Liebes¬ in diesem Akt an uns vorüber¬
569 1764 3216 1820 Liebenswürdigkeit bei beiden Parteien immer wieder erlebnisse dem siegreichen Eroberer gehen. Er will mehr der Technik eines Pariser Schwa¬
576 1800 3209 1853 den Sieg davon, und wir vermögen dem leichten als den flüchtigen Genuß des Augenblicks. Jedes neue doch auch hier wiederum das men
583 1843 3202 1899 Fluß der Liebeständelei zu lauschen, ohne daß die Erlebnis schlägt neue Saiten seines Wesens an, und die großen Lebensfragen, die diesem
579 1879 3212 1942 gestrenge Muhme Moral gleich zu Worte kommt. Treue seiner jeweiligen Geliebten ist ihm inneres Be= und unbekümmerten Treiben erst
2636 1919 3183 1985 aus der Tiefe verhallend nach.
573 1922 2610 1975 Schnitzler steht seinen Menschen in erster Linie als Dichter dürfnis. So will er denn auch die Gelegenheit ergreifen
576 1955 3146 2011 gegenüber. Er sieht das Menschliche in ihnen. Er kann die in ihm aufgestiegenen Zweifel an der Treue seiner Eindruck ein dichterischer ..
2636 1991 3216 2060 fünf Stücke aufgenommen wurde
576 1994 2613 2047 den Mädeln nicht böse sein, die sich dem süßen Genuß des gegenwärtigen Geliebten zu prüfen, und er greift mit
1613 2031 3206 2090 Freuden zur Hypnose, als dem ersten Mittel, darf annehmen, daß sie sich la
576 2044 1580 2087 Augenblicks hingeben und in ihrer verzückten Schwärmere
569 2070 3209 2129 ganz übersehen, wie denn der Anatol oder, wie er sonst um die Wahrheit an den Tag zu bringen. Aber halten werden. Szenisch bot
2636 2113 3216 2176 Neue, aber nicht alle Einkle wa
586 2113 2613 2169 sich nennt, in seinem Inneren eigentlich aussieht und wie was er schon aus den ersten Geständnissen der Kleinen
2636 2149 3127 2212 Dekoration der Straße
576 2159 2617 2208 es mit der Dauer seiner Liebe steht. Und er kann auch in der Hypnose herausbringt, ist nicht geeignet, ihn auf
2630 2176 3209 2248 wohl doch gar zu einfach
566 2189 2607 2251 den Männern vom Anatol-Typ nicht zürnen, die sich nicht die Durchführung des Experiments gespannt zu machen
576 2225 3216 2281 aus reinem Leichtsinn in diese Liebesabenteuer stürzen, und so lernt er denn lieber diese Liebe hinzunehmen, wie Wirkung wurde noch nicht erre
1609 2264 3212 2320 sie ist, und läßt das ernsthafte Grübeln bei Seite, wo es litt die Aufführung merk¬
579 2274 1586 2324 sondern im Augenblick, da sie sich einer neuen Liebe hin¬
2636 2307 3219 2353 trotz aller Vorsicht doch bre¬
1609 2307 2172 2373 nun einmal nicht angebracht ist.
579 2307 1586 2363 geben, ehrlich und tief fühlen, nur daß sie in jener
2640 2343 3206 2396 Herrn Lengbach, dem sonst
583 2347 1583 2396 sozialen Sphären, in denen sie die süßen Mädel¬
1642 2333 2617 2403 Das nächste Stück „Weihnachtseinkäufe schlägt tiefere
2636 2386 3212 2449 lag. Herr Bauer schien ebenso
586 2386 1593 2436 finden, nicht dauernd zu verweilen vermögen.
1613 2389 2613 2439 Töne an, wenn sie auch leise und gedämpft aus dem
579 2422 3212 2472 Es ist dieser menschlich-warme Herzenston des Dichters, leichten Gespräche empordringen, das Anatol mit der niert zu sein. Er nahm den
2636 2465 3209 2511 melancholischer, auch mehr gealt¬
576 2465 2613 2521 der überall bei Schnitzler durchdringt und der ihn auch vornehmen eleganten Dame auf der weihnachtlichen Straß¬
583 2498 1583 2567 gegenüber den leichtblütigsten Menschen und den heikelsten
1606 2498 3222 2554 führt. Neben dieser Dame, mit der in konventionellem den weiblichen Kollen entfalte
586 2544 1590 2594 Situationen nie frivol werden läßt, so daß auch die Zuhörer
1609 2547 3216 2597 Tone der Gesellschaft flirtet, sehen wir im Hintergrund, Wulf, Sangora, Ham¬
2633 2577 3216 2620 edlen Wettstreit, jede ihren eigen
583 2587 2613 2633 immer in einer wohltuenden Atmosphäre der Heiterkeit mit tiefer Empfindung gemalt, die Gestalt des „füßen
2636 2620 3206 2679 schwer zu sagen ist, welcher von
573 2626 2617 2672 bleiben. Wie tief er, wo es nötig ist, das Problem zu Mädels aufsteigen, die in ihrer Vorstadtwohnung des Ge¬
586 2656 1586 2709 fassen weiß, hat er in den Gestalten von „Liebelei gezeigt
1609 2666 2617 2712 liebten harrt und spüren den zarten Hauch der echten Liebe im
583 2699 1586 2742 Hier in den „Anatole-Szenen nimmt er die Situationen
1609 2709 2613 2751 Gegensatz zu dem Tändeln und Flirten, das in den oberen
2672 2682 3216 2751 — Chauvinismus in der Kun
583 2738 1583 2781 in die der Leichtfuß Anatol gerät, noch hauptsächlich vor
1613 2725 3216 2794 Schichten der Gesellschaft als ein Rechtes Surrogat der übermittelt uns der Draht die so
589 2778 1580 2821 der heiteren, komischen Seite und legt das uptgewich
1609 2781 3209 2824 wahren Leidenschaft diesen muß. Die Kunst, mit der kannte königliche Kammersänger
586 2817 2610 2863 seiner Kunst darauf, den leichten berauschenden Schnitzler in diesen kurzen Szenen die tiefsten Lebens¬
2633 2827 3196 2863 ein geborener Däne, war
586 2857 1590 2906 Dift und den Zauber der Stunde einzufangen,
1609 2860 2613 2909 fragen aufrollt, verdient höchste Bewunderung. — Der
2636 2860 3202 2906 in Kopenhagen zu einem Gast
579 2886 1343 2942 der über diesen flüchtigen Abenteuern ruht
1606 2896 2528 2942 nächste Einakter „Das Abschiedssouper, —
2633 2896 3199 2942 kannt wurde, daß der Sänger
615 2926 2603 2979 Diese fünf Einakter aus der Frühzeit Schnitzlers, deren bekannteste und am öftesten gespielte aus dem Zyklus
2633 2929 3196 2982 singen wollte, zeigte sich in der
1609 2972 3206 3021 läßt in diesem Zusammenhang erkennen, daß er rung starke Opposition dagegen,
586 2965 1586 3021 Eigenart der Prolog von Hoffmannstal ein wenig verkennt
586 3011 3206 3058 wenn er als Rokokoszenen beurteilt, halten Typen aus mehr als eine flotte Chambre separée-Szene darstellt und geborener Däne ist, auf dem
2640 3044 3219 3094 fremde Sprache benutzen w.
586 3048 2613 3094 dem modernen Wiener Leben fest, die zu gestalten nur den Charakter des Anatol ebenso von einer neuen Seite
583 3084 3212 3156 der Intuition eines Dichters gelingen konnte und die in spiegelt, wie die Gestalt des Mädels, in der bei allem Leichtsinn daher in Uebereinstimmung mit
