<?xml version="1.0" encoding="UTF-8" standalone="yes"?>
<PcGts xmlns="http://schema.primaresearch.org/PAGE/gts/pagecontent/2013-07-15" xmlns:xsi="http://www.w3.org/2001/XMLSchema-instance" xsi:schemaLocation="http://schema.primaresearch.org/PAGE/gts/pagecontent/2013-07-15 http://schema.primaresearch.org/PAGE/gts/pagecontent/2013-07-15/pagecontent.xsd">
    <Metadata>
        <Creator>prov=READ-COOP:name=PyLaia@TranskribusPlatform:version=2.12.1:model_id=39995:lm=provided:date=29_03_2024_01:46</Creator>
        <Created>2019-10-07T11:49:17.536+02:00</Created>
        <LastChange>2024-03-29T01:46:28.885+01:00</LastChange>
        <TranskribusMetadata docId="223994" pageId="9504038" pageNr="15" tsid="156430053" status="IN_PROGRESS" userId="40391" imgUrl="https://files.transkribus.eu/Get?id=STFPHHWXMYRZYLRXHUIHVDUL&amp;fileType=view" xmlUrl="https://files.transkribus.eu/Get?id=XDHFWQILSMNXQFAPYQNVGWAC" imageId="6194252"/>
    </Metadata>
    <Page imageFilename="223994_0015.jpeg" imageWidth="3392" imageHeight="4352">
        <ReadingOrder>
            <OrderedGroup id="ro_1712662510924" caption="Regions reading order">
                <RegionRefIndexed index="0" regionRef="tr_1"/>
                <RegionRefIndexed index="1" regionRef="tr_2"/>
            </OrderedGroup>
        </ReadingOrder>
        <TextRegion orientation="0.0" id="tr_1" custom="readingOrder {index:0;}">
            <Coords points="238,200 238,3622 1701,3622 1701,200"/>
            <TextLine id="tr_1_tl_1" custom="readingOrder {index:0;}">
                <Coords points="1344,256 1378,264 1518,235 1574,256 1668,236 1698,247 1699,179 1683,170 1554,172 1528,196 1436,198 1346,169"/>
                <Baseline points="1352,232 1378,234 1405,235 1432,235 1459,235 1486,235 1513,235 1539,234 1566,232 1593,230 1620,229 1647,229 1674,227 1701,223"/>
                <TextEquiv>
                    <Unicode>box 8/4</Unicode>
                </TextEquiv>
            </TextLine>
            <TextLine id="tr_1_tl_2" custom="readingOrder {index:1;}">
                <Coords points="231,268 738,250 756,172 683,201 618,184 544,203 488,192 451,213 346,173 232,174"/>
                <Baseline points="238,244 264,244 290,246 316,247 342,247 368,248 394,250 420,250 446,250 472,250 498,249 524,245 550,244 576,244 602,242 628,241 654,241 680,240 706,238 732,237 758,235"/>
                <TextEquiv>
                    <Unicode>4.9. Anatol</Unicode>
                </TextEquiv>
            </TextLine>
            <TextLine id="tr_1_tl_3" custom="readingOrder {index:2;}">
                <Coords points="702,272 768,267 865,293 923,275 1041,295 1111,283 1133,277 1140,183 927,166 830,235 703,250"/>
                <Baseline points="710,262 735,262 760,260 785,259 811,259 836,259 861,259 887,253 912,247 937,244 962,241 988,239 1013,239 1038,240 1064,240 1089,238 1114,241 1140,245"/>
                <TextEquiv>
                    <Unicode>Zyklu-</Unicode>
                </TextEquiv>
            </TextLine>
            <TextLine id="tr_1_tl_4" custom="readingOrder {index:3;}">
                <Coords points="890,728 926,746 1018,732 1102,746 1166,738 1166,714 1121,713 1006,675 985,687 949,681 916,692 889,684"/>
                <Baseline points="898,725 925,727 952,728 979,728 1006,728 1034,728 1061,730 1088,731 1115,731 1142,731 1170,731"/>
                <TextEquiv>
                    <Unicode>vertretung.</Unicode>
                </TextEquiv>
            </TextLine>
            <TextLine id="tr_1_tl_5" custom="readingOrder {index:4;}">
                <Coords points="493,775 1412,780 1385,735 1217,707 1104,746 926,747 832,699 493,714"/>
                <Baseline points="501,767 546,767 592,767 637,767 683,767 729,767 774,767 820,767 866,767 911,767 957,767 1003,767 1048,767 1094,766 1140,764 1185,764 1231,765 1277,767 1322,767 1368,768 1414,770"/>
                <TextEquiv>
                    <Unicode>in Berlin, Brüssel, Budapest, Chicago, Cleveland, C.</Unicode>
                </TextEquiv>
            </TextLine>
            <TextLine id="tr_1_tl_6" custom="readingOrder {index:5;}">
                <Coords points="496,812 1552,824 1552,789 1436,768 496,780"/>
                <Baseline points="504,808 556,805 609,805 661,805 714,805 766,805 819,805 871,805 924,805 976,805 1029,805 1082,805 1134,805 1187,805 1239,804 1292,804 1344,805 1397,805 1449,805 1502,806 1555,811"/>
                <TextEquiv>
                    <Unicode>Genf, Kopenhagen, London, Madrid, Mailand, Minneapons,</Unicode>
                </TextEquiv>
            </TextLine>
            <TextLine id="tr_1_tl_7" custom="readingOrder {index:6;}">
                <Coords points="490,871 1547,856 1547,820 1481,813 490,811"/>
                <Baseline points="498,847 550,844 603,844 655,844 708,844 760,844 813,844 865,844 918,844 970,844 1023,844 1076,844 1128,844 1181,844 1233,844 1286,844 1338,844 1391,844 1443,844 1496,844 1549,844"/>
                <TextEquiv>
                    <Unicode>New-York, Paris, Rom, San Francisco, Stockholm, St. Peters¬</Unicode>
                </TextEquiv>
            </TextLine>
            <TextLine id="tr_1_tl_8" custom="readingOrder {index:7;}">
                <Coords points="893,896 934,890 963,903 985,894 1019,900 1034,890 1083,897 1121,889 1153,900 1153,860 1115,852 1061,861 1010,848 979,859 893,852"/>
                <Baseline points="901,883 926,883 951,883 977,883 1002,883 1028,883 1053,883 1078,883 1104,883 1129,883 1155,883"/>
                <TextEquiv>
                    <Unicode>burg, Toronto.</Unicode>
                </TextEquiv>
            </TextLine>
            <TextLine id="tr_1_tl_9" custom="readingOrder {index:8;}">
                <Coords points="842,933 1011,933 1072,953 1142,933 1198,940 1198,901 1146,889 1083,904 1036,890 971,903 842,892"/>
                <Baseline points="850,919 875,919 900,919 925,919 950,919 975,919 1000,920 1026,922 1051,922 1076,922 1101,920 1126,919 1151,919 1176,920 1202,922"/>
                <TextEquiv>
                    <Unicode>(Quellenangabe ohne Gewähr.</Unicode>
                </TextEquiv>
            </TextLine>
            <TextLine id="tr_1_tl_10" custom="readingOrder {index:9;}">
                <Coords points="1111,978 1122,978 1125,973 1140,973 1147,978 1164,973 1179,984 1191,984 1186,938 1179,940 1173,937 1164,945 1139,934 1126,940 1121,947 1118,944 1107,948"/>
                <Baseline points="1116,961 1141,964 1167,968 1193,970"/>
                <TextEquiv>
                    <Unicode>...</Unicode>
                </TextEquiv>
            </TextLine>
            <TextLine id="tr_1_tl_11" custom="readingOrder {index:10;}">
                <Coords points="488,1007 533,1001 567,1021 622,1011 653,1025 729,996 835,1017 864,1007 864,944 846,938 823,951 740,949 710,925 658,925 558,956 488,944"/>
                <Baseline points="495,990 521,990 548,991 574,992 601,992 628,990 654,992 681,993 708,991 734,990 761,990 788,990 814,990 841,992 868,993"/>
                <TextEquiv>
                    <Unicode>Ausschnitt aus:</Unicode>
                </TextEquiv>
            </TextLine>
            <TextLine id="tr_1_tl_12" custom="readingOrder {index:11;}">
                <Coords points="1221,1070 1245,1072 1308,1043 1398,1087 1437,1089 1455,1070 1492,1063 1482,974 1459,985 1440,979 1409,1003 1374,990 1349,1004 1313,1004 1230,982 1212,988"/>
                <Baseline points="1223,1032 1250,1032 1277,1033 1304,1037 1331,1042 1359,1047 1386,1049 1413,1051 1440,1055 1467,1056 1495,1056"/>
                <TextEquiv>
                    <Unicode>Dez. 1810</Unicode>
                </TextEquiv>
            </TextLine>
            <TextLine id="tr_1_tl_13" custom="readingOrder {index:12;}">
                <Coords points="493,1107 503,1107 514,1117 525,1117 530,1111 537,1117 554,1113 606,1117 632,1110 631,1077 609,1076 580,1066 569,1073 556,1070 529,1077 492,1074"/>
                <Baseline points="501,1107 527,1110 554,1113 581,1113 608,1112 635,1110"/>
                <TextEquiv>
                    <Unicode>vom</Unicode>
                </TextEquiv>
            </TextLine>
            <TextLine id="tr_1_tl_14" custom="readingOrder {index:13;}">
                <Coords points="1203,1214 1217,1208 1225,1212 1234,1208 1239,1213 1245,1209 1261,1212 1272,1206 1287,1210 1280,1107 1247,1107 1232,1115 1219,1110 1208,1121 1197,1117"/>
                <Baseline points="1208,1176 1235,1178 1262,1180 1289,1182"/>
                <TextEquiv>
                    <Unicode></Unicode>
                </TextEquiv>
            </TextLine>
            <TextLine id="tr_1_tl_15" custom="readingOrder {index:14;}">
                <Coords points="839,1190 864,1197 879,1187 905,1188 940,1209 970,1201 1007,1208 1007,1103 977,1103 963,1114 947,1114 907,1085 875,1094 839,1078"/>
                <Baseline points="847,1182 874,1182 901,1182 929,1182 956,1182 983,1182 1011,1182"/>
                <TextEquiv>
                    <Unicode></Unicode>
                </TextEquiv>
            </TextLine>
            <TextLine id="tr_1_tl_16" custom="readingOrder {index:15;}">
                <Coords points="375,1312 413,1291 429,1298 459,1284 484,1298 517,1300 540,1290 541,1258 484,1257 467,1246 435,1258 419,1249 401,1253 390,1243 376,1246"/>
                <Baseline points="382,1283 408,1281 435,1279 462,1278 489,1278 516,1280 543,1283"/>
                <TextEquiv>
                    <Unicode></Unicode>
                </TextEquiv>
            </TextLine>
            <TextLine id="tr_1_tl_17" custom="readingOrder {index:16;}">
                <Coords points="452,1349 1430,1403 1447,1341 449,1306"/>
                <Baseline points="459,1343 508,1346 558,1349 608,1350 657,1352 707,1354 757,1357 806,1360 856,1361 906,1364 956,1367 1005,1368 1055,1371 1105,1373 1154,1375 1204,1378 1254,1381 1303,1382 1353,1384 1403,1384 1453,1382"/>
                <TextEquiv>
                    <Unicode>Deutsches Volkstheater. Gestern hatte auch die</Unicode>
                </TextEquiv>
            </TextLine>
            <TextLine id="tr_1_tl_18" custom="readingOrder {index:17;}">
                <Coords points="365,1387 1356,1441 1449,1441 1448,1397 364,1348"/>
                <Baseline points="373,1382 427,1385 481,1388 535,1390 589,1390 643,1393 697,1397 751,1400 805,1402 859,1405 913,1408 967,1411 1021,1414 1075,1417 1129,1417 1183,1420 1237,1424 1291,1426 1345,1426 1399,1429 1453,1429"/>
                <TextEquiv>
                    <Unicode>Bühne an der Bellaria ihren Schnitzler=Abend. Es war</Unicode>
                </TextEquiv>
            </TextLine>
            <TextLine id="tr_1_tl_19" custom="readingOrder {index:18;}">
                <Coords points="372,1438 1441,1493 1448,1438 370,1393"/>
                <Baseline points="379,1429 432,1429 486,1430 540,1434 593,1437 647,1438 701,1442 754,1444 808,1446 862,1449 916,1453 969,1454 1023,1456 1077,1458 1130,1461 1184,1465 1238,1466 1291,1468 1345,1470 1399,1471 1453,1471"/>
                <TextEquiv>
                    <Unicode>zwar keine Premiere, denn die fünf Einakter, die zur Auf¬</Unicode>
                </TextEquiv>
            </TextLine>
            <TextLine id="tr_1_tl_20" custom="readingOrder {index:19;}">
                <Coords points="371,1482 1447,1523 1361,1471 370,1440"/>
                <Baseline points="379,1474 432,1474 486,1476 539,1480 593,1480 646,1483 700,1486 753,1487 807,1489 860,1491 914,1495 968,1498 1021,1501 1075,1503 1128,1504 1182,1507 1235,1513 1289,1511 1342,1513 1396,1515 1450,1519"/>
                <TextEquiv>
                    <Unicode>führung gelangten, sind durch Lektüre und gelegentliche</Unicode>
                </TextEquiv>
            </TextLine>
            <TextLine id="tr_1_tl_21" custom="readingOrder {index:20;}">
                <Coords points="365,1526 1442,1570 1430,1525 364,1484"/>
                <Baseline points="373,1513 426,1517 480,1519 533,1521 587,1522 640,1528 694,1529 747,1532 801,1534 854,1534 908,1540 962,1540 1015,1544 1069,1548 1122,1549 1176,1549 1229,1555 1283,1558 1336,1560 1390,1561 1444,1561"/>
                <TextEquiv>
                    <Unicode>Aufführungen längst bekannt, aber es scheint doch, daß das</Unicode>
                </TextEquiv>
            </TextLine>
            <TextLine id="tr_1_tl_22" custom="readingOrder {index:21;}">
                <Coords points="367,1569 1353,1618 1449,1609 1448,1572 364,1525"/>
                <Baseline points="373,1558 427,1562 481,1564 535,1564 589,1567 643,1570 697,1573 751,1574 805,1578 859,1579 913,1584 967,1584 1021,1585 1075,1589 1129,1593 1183,1593 1237,1597 1291,1599 1345,1601 1399,1602 1453,1602"/>
                <TextEquiv>
                    <Unicode>Deutsche Volkstheater den besseren Teil erwählte, als es</Unicode>
                </TextEquiv>
            </TextLine>
            <TextLine id="tr_1_tl_23" custom="readingOrder {index:22;}">
                <Coords points="356,1613 1283,1666 1431,1653 1430,1611 354,1570"/>
                <Baseline points="364,1605 417,1605 471,1606 524,1608 578,1608 631,1608 685,1615 738,1617 792,1619 845,1620 899,1623 953,1626 1006,1630 1060,1634 1113,1635 1167,1638 1220,1639 1274,1644 1327,1644 1381,1646 1435,1647"/>
                <TextEquiv>
                    <Unicode>sich an den Schnitzler von früher, an den echten und</Unicode>
                </TextEquiv>
            </TextLine>
            <TextLine id="tr_1_tl_24" custom="readingOrder {index:23;}">
                <Coords points="360,1661 1441,1701 1418,1651 359,1617"/>
                <Baseline points="367,1647 420,1648 474,1651 528,1653 582,1655 636,1656 690,1657 743,1660 797,1664 851,1665 905,1668 959,1672 1013,1675 1067,1677 1120,1679 1174,1680 1228,1684 1282,1686 1336,1688 1390,1692 1444,1692"/>
                <TextEquiv>
                    <Unicode>ursprünglichen der hielt, nicht an den, der sich</Unicode>
                </TextEquiv>
            </TextLine>
            <TextLine id="tr_1_tl_25" custom="readingOrder {index:24;}">
                <Coords points="353,1702 1436,1749 1433,1703 1368,1691 352,1666"/>
                <Baseline points="361,1689 414,1692 468,1693 522,1699 576,1701 630,1701 684,1705 737,1707 791,1707 845,1709 899,1713 953,1713 1007,1716 1061,1721 1114,1722 1168,1725 1222,1728 1276,1729 1330,1733 1384,1734 1438,1734"/>
                <TextEquiv>
                    <Unicode>uns im „Jungen Medardus so eigenartig verwandelt</Unicode>
                </TextEquiv>
            </TextLine>
            <TextLine id="tr_1_tl_26" custom="readingOrder {index:25;}">
                <Coords points="353,1747 1433,1785 1431,1745 1231,1728 352,1702"/>
                <Baseline points="361,1737 414,1738 468,1739 522,1739 575,1740 629,1743 683,1749 736,1750 790,1754 844,1755 898,1758 951,1759 1005,1762 1059,1766 1112,1767 1166,1767 1220,1771 1273,1774 1327,1776 1381,1776 1435,1776"/>
                <TextEquiv>
                    <Unicode>zeigte. Es ist ja gewiß kein tiefer Gedanke, der</Unicode>
                </TextEquiv>
            </TextLine>
            <TextLine id="tr_1_tl_27" custom="readingOrder {index:26;}">
                <Coords points="348,1780 1430,1833 1427,1786 346,1747"/>
                <Baseline points="355,1779 408,1779 462,1780 516,1783 570,1786 624,1787 678,1791 731,1794 785,1796 839,1796 893,1799 947,1803 1001,1805 1055,1807 1108,1808 1162,1814 1216,1814 1270,1815 1324,1819 1378,1823 1432,1823"/>
                <TextEquiv>
                    <Unicode>diesen dramatischen Kleinigkeiten zugrunde liegt und sie</Unicode>
                </TextEquiv>
            </TextLine>
            <TextLine id="tr_1_tl_28" custom="readingOrder {index:27;}">
                <Coords points="352,1828 1419,1883 1425,1830 349,1786"/>
                <Baseline points="358,1820 411,1823 465,1824 518,1826 572,1828 625,1829 679,1833 732,1836 786,1836 839,1837 893,1841 947,1844 1000,1847 1054,1849 1107,1852 1161,1853 1214,1856 1268,1860 1321,1862 1375,1862 1429,1865"/>
                <TextEquiv>
                    <Unicode>miteinander verbindet, aber man amüsiert sich doch</Unicode>
                </TextEquiv>
            </TextLine>
            <TextLine id="tr_1_tl_29" custom="readingOrder {index:28;}">
                <Coords points="353,1872 1419,1912 1408,1870 352,1828"/>
                <Baseline points="361,1865 414,1866 467,1869 520,1871 573,1871 626,1874 679,1877 732,1878 785,1880 838,1882 892,1886 945,1886 998,1889 1051,1890 1104,1894 1157,1897 1210,1901 1263,1901 1316,1903 1369,1907 1423,1907"/>
                <TextEquiv>
                    <Unicode>bei den verschiedenen Abenteuern Anatols, den wir</Unicode>
                </TextEquiv>
            </TextLine>
            <TextLine id="tr_1_tl_30" custom="readingOrder {index:29;}">
                <Coords points="353,1926 1426,1964 1425,1915 1344,1904 352,1875"/>
                <Baseline points="361,1913 414,1911 467,1913 521,1915 574,1916 628,1919 681,1922 734,1923 788,1925 841,1927 895,1931 948,1934 1001,1937 1055,1939 1108,1942 1162,1943 1215,1943 1268,1946 1322,1947 1375,1951 1429,1952"/>
                <TextEquiv>
                    <Unicode>jedesmal, wenn sich der Vorhang hebt, in Gesellschaft</Unicode>
                </TextEquiv>
            </TextLine>
            <TextLine id="tr_1_tl_31" custom="readingOrder {index:30;}">
                <Coords points="348,1962 1420,2014 1419,1960 346,1923"/>
                <Baseline points="355,1949 408,1955 461,1956 515,1958 568,1960 622,1961 675,1964 728,1968 782,1970 835,1972 889,1973 942,1976 995,1979 1049,1981 1102,1983 1156,1987 1209,1987 1262,1988 1316,1991 1369,1993 1423,1996"/>
                <TextEquiv>
                    <Unicode>eines anderen weiblichen Wesens sehen, sich schon mit der</Unicode>
                </TextEquiv>
            </TextLine>
            <TextLine id="tr_1_tl_32" custom="readingOrder {index:31;}">
                <Coords points="339,2019 1441,2048 1438,1984 1322,2013 337,1958"/>
                <Baseline points="346,2002 400,2000 455,2002 510,2004 565,2008 620,2008 675,2011 730,2013 785,2016 840,2017 895,2020 949,2021 1004,2023 1059,2026 1114,2029 1169,2031 1224,2035 1279,2035 1334,2038 1389,2038 1444,2038"/>
                <TextEquiv>
                    <Unicode>Absicht tragend, sie zu verlassen, weil bereits eine andere</Unicode>
                </TextEquiv>
            </TextLine>
            <TextLine id="tr_1_tl_33" custom="readingOrder {index:32;}">
                <Coords points="356,2142 1426,2147 1407,2092 356,2083"/>
                <Baseline points="364,2128 417,2128 470,2128 523,2130 577,2131 630,2131 683,2131 736,2134 790,2134 843,2134 896,2134 949,2134 1003,2134 1056,2134 1109,2134 1162,2134 1216,2134 1269,2133 1322,2132 1375,2132 1429,2128"/>
                <TextEquiv>
                    <Unicode>sein Herz oder wohl vielmehr seine Sinne gefangen ge¬</Unicode>
                </TextEquiv>
            </TextLine>
            <TextLine id="tr_1_tl_34" custom="readingOrder {index:33;}">
                <Coords points="356,2172 1433,2179 1433,2146 1353,2135 356,2142"/>
                <Baseline points="364,2170 417,2170 471,2171 524,2173 578,2173 631,2173 685,2174 738,2177 792,2178 845,2176 899,2178 953,2178 1006,2178 1060,2177 1113,2177 1167,2178 1220,2178 1274,2176 1327,2176 1381,2174 1435,2173"/>
                <TextEquiv>
                    <Unicode>nommen hat. Von der „Frage an das Schicksal", wie der</Unicode>
                </TextEquiv>
            </TextLine>
            <TextLine id="tr_1_tl_35" custom="readingOrder {index:34;}">
                <Coords points="356,2228 1433,2223 1433,2179 356,2172"/>
                <Baseline points="364,2211 417,2214 471,2214 524,2214 578,2216 631,2217 685,2217 738,2218 792,2220 845,2220 899,2220 953,2220 1006,2220 1060,2220 1113,2220 1167,2220 1220,2220 1274,2220 1327,2218 1381,2217 1435,2214"/>
                <TextEquiv>
                    <Unicode>Autor die kleine Skizze nennt und uns die Hypnose im</Unicode>
                </TextEquiv>
            </TextLine>
            <TextLine id="tr_1_tl_36" custom="readingOrder {index:35;}">
                <Coords points="356,2282 1437,2274 1437,2221 356,2225"/>
                <Baseline points="364,2256 417,2257 471,2259 525,2259 579,2259 633,2262 687,2262 740,2262 794,2264 848,2263 902,2262 956,2262 1010,2262 1064,2262 1117,2262 1171,2262 1225,2265 1279,2264 1333,2262 1387,2259 1441,2259"/>
                <TextEquiv>
                    <Unicode>Dienste des mißtrauisch gewordenen Anatol zeigt, der</Unicode>
                </TextEquiv>
            </TextLine>
            <TextLine id="tr_1_tl_37" custom="readingOrder {index:36;}">
                <Coords points="353,2309 1431,2316 1431,2278 1344,2267 353,2286"/>
                <Baseline points="361,2301 414,2301 468,2302 522,2304 575,2304 629,2304 683,2305 736,2307 790,2307 844,2305 898,2307 951,2307 1005,2307 1059,2307 1112,2305 1166,2307 1220,2307 1273,2307 1327,2305 1381,2306 1435,2301"/>
                <TextEquiv>
                    <Unicode>aber schließlich doch nicht den Mut hat, die Wahrheit zu</Unicode>
                </TextEquiv>
            </TextLine>
            <TextLine id="tr_1_tl_38" custom="readingOrder {index:37;}">
                <Coords points="353,2356 1431,2357 1431,2315 1368,2305 353,2316"/>
                <Baseline points="361,2346 414,2346 468,2347 522,2349 575,2349 629,2349 683,2349 736,2349 790,2349 844,2349 898,2352 951,2352 1005,2352 1059,2352 1112,2350 1166,2349 1220,2351 1273,2348 1327,2348 1381,2349 1435,2346"/>
                <TextEquiv>
                    <Unicode>erfahren, hinüber zu den „Weihnachtseinkäufen" führt</Unicode>
                </TextEquiv>
            </TextLine>
            <TextLine id="tr_1_tl_39" custom="readingOrder {index:38;}">
                <Coords points="356,2393 1407,2411 1427,2359 354,2355"/>
                <Baseline points="364,2387 417,2388 470,2390 524,2392 577,2393 631,2390 684,2390 737,2393 791,2393 844,2393 898,2393 951,2393 1004,2393 1058,2393 1111,2395 1165,2393 1218,2393 1271,2393 1325,2393 1378,2391 1432,2390"/>
                <TextEquiv>
                    <Unicode>eine ganz schmale Brücke. Die mondaine Dame berauscht</Unicode>
                </TextEquiv>
            </TextLine>
            <TextLine id="tr_1_tl_40" custom="readingOrder {index:39;}">
                <Coords points="356,2443 1429,2444 1429,2401 356,2392"/>
                <Baseline points="364,2432 417,2432 470,2432 524,2432 577,2432 631,2435 684,2435 737,2436 791,2438 844,2436 898,2435 951,2435 1004,2435 1058,2437 1111,2438 1165,2435 1218,2438 1271,2436 1325,2437 1378,2435 1432,2432"/>
                <TextEquiv>
                    <Unicode>sich an der Schilderung des „Glücks im Winkel", das</Unicode>
                </TextEquiv>
            </TextLine>
            <TextLine id="tr_1_tl_41" custom="readingOrder {index:40;}">
                <Coords points="356,2486 1423,2495 1423,2451 1346,2438 356,2443"/>
                <Baseline points="364,2471 417,2475 470,2477 523,2477 576,2477 629,2480 682,2480 735,2481 788,2482 841,2480 895,2480 948,2480 1001,2478 1054,2480 1107,2480 1160,2480 1213,2480 1266,2480 1319,2480 1372,2480 1426,2477"/>
                <TextEquiv>
                    <Unicode>Anatol mit seinem süßen Mädel“ aus der Vorstadt ge¬</Unicode>
                </TextEquiv>
            </TextLine>
            <TextLine id="tr_1_tl_42" custom="readingOrder {index:41;}">
                <Coords points="356,2532 1434,2533 1434,2493 1359,2484 356,2486"/>
                <Baseline points="364,2519 417,2519 471,2519 525,2519 578,2521 632,2522 686,2523 739,2525 793,2527 847,2526 901,2525 954,2525 1008,2524 1062,2524 1115,2525 1169,2525 1223,2524 1276,2523 1330,2525 1384,2523 1438,2525"/>
                <TextEquiv>
                    <Unicode>nießt. Sie möchte ganz gern an Stelle der Kleinen sein,</Unicode>
                </TextEquiv>
            </TextLine>
            <TextLine id="tr_1_tl_43" custom="readingOrder {index:42;}">
                <Coords points="350,2563 1429,2579 1427,2533 1337,2525 350,2533"/>
                <Baseline points="358,2561 411,2564 465,2564 518,2564 572,2564 625,2564 679,2567 732,2567 786,2569 839,2568 893,2567 947,2570 1000,2569 1054,2567 1107,2567 1161,2567 1214,2567 1268,2567 1321,2567 1375,2567 1429,2567"/>
                <TextEquiv>
                    <Unicode>es fehlt ihr aber der Mut. Das „Abschiedssouper“ ist be¬</Unicode>
                </TextEquiv>
            </TextLine>
            <TextLine id="tr_1_tl_44" custom="readingOrder {index:43;}">
                <Coords points="360,2617 1434,2620 1393,2570 360,2574"/>
                <Baseline points="367,2608 420,2608 474,2608 527,2608 581,2608 634,2608 688,2609 741,2610 795,2610 848,2611 902,2611 956,2611 1009,2611 1063,2611 1116,2611 1170,2611 1223,2611 1277,2610 1330,2608 1384,2610 1438,2611"/>
                <TextEquiv>
                    <Unicode>kannt. Anatol will der Ballettratte, der er überdrüssig</Unicode>
                </TextEquiv>
            </TextLine>
            <TextLine id="tr_1_tl_45" custom="readingOrder {index:44;}">
                <Coords points="356,2664 1433,2658 1433,2622 1327,2613 356,2621"/>
                <Baseline points="364,2653 417,2650 471,2650 524,2650 578,2652 631,2653 685,2653 738,2653 792,2653 845,2655 899,2656 953,2656 1006,2655 1060,2653 1113,2655 1167,2656 1220,2653 1274,2652 1327,2652 1381,2653 1435,2653"/>
                <TextEquiv>
                    <Unicode>geworden ist, den Abschied geben, der peinliche Schritt</Unicode>
                </TextEquiv>
            </TextLine>
            <TextLine id="tr_1_tl_46" custom="readingOrder {index:45;}">
                <Coords points="353,2706 1431,2709 1431,2658 353,2662"/>
                <Baseline points="361,2692 414,2695 468,2695 522,2695 575,2695 629,2695 683,2695 736,2696 790,2698 844,2698 898,2698 951,2698 1005,2698 1059,2698 1112,2698 1166,2698 1220,2698 1273,2698 1327,2696 1381,2697 1435,2698"/>
                <TextEquiv>
                    <Unicode>bleibt ihm aber erspart, weil die Tänzerin sich</Unicode>
                </TextEquiv>
            </TextLine>
            <TextLine id="tr_1_tl_47" custom="readingOrder {index:46;}">
                <Coords points="356,2754 1434,2750 1434,2713 1262,2701 1213,2731 1159,2701 356,2699"/>
                <Baseline points="364,2737 417,2737 471,2737 525,2739 578,2740 632,2740 686,2740 739,2740 793,2740 847,2740 901,2740 954,2740 1008,2740 1062,2740 1115,2740 1169,2740 1223,2740 1276,2740 1330,2740 1384,2740 1438,2740"/>
                <TextEquiv>
                    <Unicode>in einen Kollegen verliebt hat und sich nur</Unicode>
                </TextEquiv>
            </TextLine>
            <TextLine id="tr_1_tl_48" custom="readingOrder {index:47;}">
                <Coords points="353,2791 1430,2796 1430,2754 1349,2743 353,2750"/>
                <Baseline points="361,2775 414,2778 468,2778 521,2778 575,2778 628,2778 682,2781 735,2781 789,2781 842,2781 896,2781 950,2784 1003,2781 1057,2781 1110,2781 1164,2781 1217,2781 1271,2781 1324,2781 1378,2781 1432,2784"/>
                <TextEquiv>
                    <Unicode>noch einmal an Austern und Vanillecreme, an Bordeaux</Unicode>
                </TextEquiv>
            </TextLine>
            <TextLine id="tr_1_tl_49" custom="readingOrder {index:48;}">
                <Coords points="360,2833 1431,2833 1407,2789 360,2787"/>
                <Baseline points="367,2823 420,2820 473,2821 527,2823 580,2823 634,2823 687,2823 740,2824 794,2826 847,2826 901,2826 954,2826 1007,2829 1061,2827 1114,2826 1168,2823 1221,2821 1274,2825 1328,2824 1381,2824 1435,2823"/>
                <TextEquiv>
                    <Unicode>und Champagner sättigen will. In „Episode" sehen wir</Unicode>
                </TextEquiv>
            </TextLine>
            <TextLine id="tr_1_tl_50" custom="readingOrder {index:49;}">
                <Coords points="363,2879 1426,2879 1426,2831 363,2833"/>
                <Baseline points="370,2862 425,2865 481,2865 537,2865 592,2868 648,2867 704,2866 760,2868 815,2868 871,2868 927,2869 983,2869 1038,2868 1094,2870 1150,2868 1206,2868 1261,2868 1317,2868 1373,2868 1429,2868"/>
                <TextEquiv>
                    <Unicode>Anatol sich von den Erinnerungen seines Liebeslebens,</Unicode>
                </TextEquiv>
            </TextLine>
            <TextLine id="tr_1_tl_51" custom="readingOrder {index:50;}">
                <Coords points="356,2927 1434,2923 1434,2874 356,2874"/>
                <Baseline points="364,2907 417,2907 471,2908 525,2910 578,2910 632,2913 686,2912 739,2911 793,2913 847,2913 901,2916 954,2913 1008,2913 1062,2915 1115,2914 1169,2913 1223,2913 1276,2913 1330,2913 1384,2913 1438,2913"/>
                <TextEquiv>
                    <Unicode>den Briefen, Blumen und Haarlocken, trennen. Von all</Unicode>
                </TextEquiv>
            </TextLine>
            <TextLine id="tr_1_tl_52" custom="readingOrder {index:51;}">
                <Coords points="365,2960 1436,2969 1401,2916 365,2923"/>
                <Baseline points="373,2955 426,2952 479,2953 532,2955 586,2955 639,2955 692,2955 745,2955 799,2955 852,2957 905,2961 958,2958 1012,2958 1065,2958 1118,2958 1171,2958 1225,2955 1278,2958 1331,2958 1384,2956 1438,2955"/>
                <TextEquiv>
                    <Unicode>dem Tand ist ihm eine in Staub zerfallene Rose, die</Unicode>
                </TextEquiv>
            </TextLine>
            <TextLine id="tr_1_tl_53" custom="readingOrder {index:52;}">
                <Coords points="365,3009 1426,3006 1398,2959 365,2960"/>
                <Baseline points="373,2996 425,2996 478,2996 531,2998 584,2997 637,2996 689,2996 742,2999 795,2999 848,3001 901,3002 953,3002 1006,3002 1059,3002 1112,3000 1165,3001 1217,2999 1270,2996 1323,2997 1376,2999 1429,2999"/>
                <TextEquiv>
                    <Unicode>Reminiszenz an eine Episode, am wertvollsten. Er sieht</Unicode>
                </TextEquiv>
            </TextLine>
            <TextLine id="tr_1_tl_54" custom="readingOrder {index:53;}">
                <Coords points="371,3050 1425,3054 1423,3004 371,3010"/>
                <Baseline points="379,3038 431,3038 483,3039 536,3041 588,3041 640,3041 693,3044 745,3044 797,3044 850,3044 902,3041 954,3039 1007,3041 1059,3044 1111,3043 1164,3041 1216,3043 1268,3042 1321,3044 1373,3044 1426,3041"/>
                <TextEquiv>
                    <Unicode>das Mädchen wieder und — dieses erinnert sich</Unicode>
                </TextEquiv>
            </TextLine>
            <TextLine id="tr_1_tl_55" custom="readingOrder {index:54;}">
                <Coords points="371,3094 1411,3096 1398,3052 371,3048"/>
                <Baseline points="379,3083 430,3080 482,3081 534,3083 586,3083 637,3083 689,3086 741,3083 793,3085 844,3083 896,3086 948,3087 1000,3083 1051,3083 1103,3083 1155,3083 1207,3084 1258,3084 1310,3085 1362,3083 1414,3086"/>
                <TextEquiv>
                    <Unicode>einer nicht mehr. Auch „Anatols Hochzeitsmorgen</Unicode>
                </TextEquiv>
            </TextLine>
            <TextLine id="tr_1_tl_56" custom="readingOrder {index:55;}">
                <Coords points="375,3128 1419,3131 1419,3091 375,3094"/>
                <Baseline points="382,3122 434,3120 486,3122 538,3122 590,3122 642,3124 694,3125 746,3125 798,3125 850,3125 902,3127 954,3126 1006,3125 1058,3125 1110,3125 1162,3125 1214,3125 1266,3123 1318,3125 1370,3125 1423,3122"/>
                <TextEquiv>
                    <Unicode>ennt man längst. Nach dem Polterabend ist der Unver¬</Unicode>
                </TextEquiv>
            </TextLine>
            <TextLine id="tr_1_tl_57" custom="readingOrder {index:56;}">
                <Coords points="371,3173 1423,3179 1389,3129 371,3136"/>
                <Baseline points="379,3166 431,3164 483,3166 536,3166 588,3166 640,3169 693,3169 745,3169 797,3169 850,3169 902,3169 954,3172 1007,3172 1059,3169 1111,3168 1164,3168 1216,3167 1268,3166 1321,3166 1373,3166 1426,3166"/>
                <TextEquiv>
                    <Unicode>besserliche noch auf eine Redoute gegangen und verbrachte</Unicode>
                </TextEquiv>
            </TextLine>
            <TextLine id="tr_1_tl_58" custom="readingOrder {index:57;}">
                <Coords points="368,3210 1426,3220 1426,3180 1367,3175 368,3169"/>
                <Baseline points="376,3205 428,3208 481,3208 533,3210 586,3211 639,3211 691,3211 744,3211 797,3211 849,3211 902,3213 955,3214 1007,3211 1060,3211 1113,3211 1165,3211 1218,3211 1271,3211 1323,3211 1376,3211 1429,3208"/>
                <TextEquiv>
                    <Unicode>an die Stunden bis zum Morgen in Gesellschaft einer</Unicode>
                </TextEquiv>
            </TextLine>
            <TextLine id="tr_1_tl_59" custom="readingOrder {index:58;}">
                <Coords points="375,3260 1431,3274 1430,3215 374,3223"/>
                <Baseline points="382,3253 434,3253 487,3254 539,3254 592,3253 645,3256 697,3256 750,3256 803,3256 855,3256 908,3256 961,3259 1013,3259 1066,3256 1119,3256 1171,3256 1224,3256 1277,3253 1329,3256 1382,3254 1435,3256"/>
                <TextEquiv>
                    <Unicode>einer Freundinnen, von der er sich nur mit schwerer Mühe</Unicode>
                </TextEquiv>
            </TextLine>
            <TextLine id="tr_1_tl_60" custom="readingOrder {index:59;}">
                <Coords points="368,3308 1429,3315 1429,3272 1316,3259 368,3265"/>
                <Baseline points="376,3298 428,3298 481,3298 534,3298 587,3298 640,3298 692,3298 745,3299 798,3301 851,3301 904,3301 956,3301 1009,3298 1062,3301 1115,3299 1168,3302 1220,3299 1273,3298 1326,3298 1379,3298 1432,3298"/>
                <TextEquiv>
                    <Unicode>osreißen kann, um rechtzeitig am Traualtar zu erscheinen.</Unicode>
                </TextEquiv>
            </TextLine>
            <TextLine id="tr_1_tl_61" custom="readingOrder {index:60;}">
                <Coords points="368,3348 1426,3352 1405,3305 368,3307"/>
                <Baseline points="376,3343 428,3343 481,3343 533,3343 586,3343 639,3343 691,3343 744,3343 797,3346 849,3346 902,3346 955,3345 1007,3345 1060,3346 1113,3343 1165,3343 1218,3343 1271,3343 1323,3343 1376,3343 1429,3340"/>
                <TextEquiv>
                    <Unicode>die fünf Einakter, die keine Handlung haben, sondern nur</Unicode>
                </TextEquiv>
            </TextLine>
            <TextLine id="tr_1_tl_62" custom="readingOrder {index:61;}">
                <Coords points="371,3392 1423,3396 1423,3360 1341,3349 371,3348"/>
                <Baseline points="379,3387 431,3384 483,3387 536,3387 588,3384 640,3385 693,3385 745,3386 797,3390 850,3390 902,3387 954,3387 1007,3387 1059,3387 1111,3387 1164,3387 1216,3384 1268,3384 1321,3384 1373,3384 1426,3384"/>
                <TextEquiv>
                    <Unicode>Dialoge sind, fanden gestern im Deutschen Volkstheater</Unicode>
                </TextEquiv>
            </TextLine>
            <TextLine id="tr_1_tl_63" custom="readingOrder {index:62;}">
                <Coords points="371,3438 1427,3438 1375,3393 371,3392"/>
                <Baseline points="379,3429 431,3429 484,3429 536,3429 589,3429 641,3429 694,3429 746,3431 799,3429 851,3431 904,3432 956,3429 1009,3429 1061,3431 1114,3429 1166,3431 1219,3434 1271,3432 1324,3429 1376,3429 1429,3429"/>
                <TextEquiv>
                    <Unicode>ine glänzende Darstellung. Herr Kramer gab den</Unicode>
                </TextEquiv>
            </TextLine>
            <TextLine id="tr_1_tl_64" custom="readingOrder {index:63;}">
                <Coords points="363,3481 1426,3485 1408,3434 363,3437"/>
                <Baseline points="370,3471 425,3472 481,3474 537,3474 592,3474 648,3474 704,3474 760,3474 815,3477 871,3474 927,3475 983,3477 1038,3477 1094,3476 1150,3474 1206,3474 1261,3474 1317,3474 1373,3474 1429,3474"/>
                <TextEquiv>
                    <Unicode>Anatol, Herr Lackner seinen Freund Max, während die</Unicode>
                </TextEquiv>
            </TextLine>
            <TextLine id="tr_1_tl_65" custom="readingOrder {index:64;}">
                <Coords points="363,3524 1429,3529 1414,3482 363,3480"/>
                <Baseline points="370,3516 423,3516 476,3516 529,3516 582,3518 635,3519 688,3519 741,3519 794,3519 847,3519 901,3519 954,3519 1007,3517 1060,3519 1113,3519 1166,3519 1219,3519 1272,3516 1325,3519 1378,3517 1432,3516"/>
                <TextEquiv>
                    <Unicode>Partnerinnen des Liebeskünstlers von den Damen</Unicode>
                </TextEquiv>
            </TextLine>
            <TextLine id="tr_1_tl_66" custom="readingOrder {index:65;}">
                <Coords points="368,3580 1431,3570 1431,3531 1271,3515 368,3526"/>
                <Baseline points="376,3558 431,3560 487,3560 543,3562 598,3560 654,3560 710,3561 766,3563 821,3563 877,3563 933,3563 989,3561 1044,3563 1100,3563 1156,3563 1212,3563 1267,3563 1323,3563 1379,3562 1435,3560"/>
                <TextEquiv>
                    <Unicode>nnemann, Reinau, Glöckner, Müller</Unicode>
                </TextEquiv>
            </TextLine>
            <TextLine id="tr_1_tl_67" custom="readingOrder {index:66;}">
                <Coords points="360,3646 588,3645 650,3610 765,3642 1007,3629 1007,3568 360,3581"/>
                <Baseline points="367,3608 399,3606 431,3605 463,3605 495,3608 528,3606 560,3606 592,3608 624,3608 656,3608 689,3609 721,3611 753,3611 785,3610 817,3608 850,3608 882,3608 914,3608 946,3608 978,3608 1011,3608"/>
                <TextEquiv>
                    <Unicode>und Galafres gespielt wurden.</Unicode>
                </TextEquiv>
            </TextLine>
            <TextEquiv>
                <Unicode></Unicode>
            </TextEquiv>
        </TextRegion>
        <TextRegion orientation="0.0" id="tr_2" custom="readingOrder {index:1;}">
            <Coords points="1802,639 1802,3666 2919,3666 2919,639"/>
            <TextLine id="tr_2_tl_1" custom="readingOrder {index:0;}">
                <Coords points="1860,687 2621,664 2621,632 2205,626 2139,595 1861,617"/>
                <Baseline points="1868,674 1905,671 1943,671 1981,671 2019,669 2056,668 2094,668 2132,668 2170,668 2207,666 2245,665 2283,664 2321,662 2358,662 2396,662 2434,660 2472,661 2509,661 2547,659 2585,659 2623,659"/>
                <TextEquiv>
                    <Unicode>in Berlin, Brüssel, Budapest, Chicago, Cle¬</Unicode>
                </TextEquiv>
            </TextLine>
            <TextLine id="tr_2_tl_2" custom="readingOrder {index:1;}">
                <Coords points="1870,716 2780,712 2804,669 1870,681"/>
                <Baseline points="1877,713 1923,710 1969,710 2016,709 2062,707 2109,707 2155,706 2201,704 2248,704 2294,702 2341,701 2387,699 2433,698 2480,698 2526,698 2573,696 2619,695 2665,692 2712,695 2758,692 2805,695"/>
                <TextEquiv>
                    <Unicode>Genf, Kopenhagen, London, Madrid, Mailand, Mu¬</Unicode>
                </TextEquiv>
            </TextLine>
            <TextLine id="tr_2_tl_3" custom="readingOrder {index:2;}">
                <Coords points="1867,762 2915,734 2915,699 2834,687 1868,716"/>
                <Baseline points="1874,752 1926,750 1978,749 2030,749 2083,746 2135,746 2187,744 2239,743 2292,740 2344,740 2396,739 2448,737 2501,737 2553,735 2605,734 2657,734 2710,734 2762,732 2814,729 2866,730 2919,728"/>
                <TextEquiv>
                    <Unicode>New-York, Paris, Rom, San Francisco, Stockholm, St. Peters¬</Unicode>
                </TextEquiv>
            </TextLine>
            <TextLine id="tr_2_tl_4" custom="readingOrder {index:3;}">
                <Coords points="2258,794 2300,784 2309,793 2350,793 2381,780 2434,790 2456,780 2477,790 2530,783 2530,754 2499,743 2432,754 2407,743 2368,758 2337,746 2323,754 2260,749"/>
                <Baseline points="2268,779 2294,779 2321,779 2347,779 2374,778 2401,776 2427,776 2454,775 2480,774 2507,774 2534,776"/>
                <TextEquiv>
                    <Unicode>burg, Toronto.</Unicode>
                </TextEquiv>
            </TextLine>
            <TextLine id="tr_2_tl_5" custom="readingOrder {index:4;}">
                <Coords points="2212,843 2307,854 2342,827 2430,830 2455,817 2577,830 2577,786 2557,780 2514,791 2379,780 2335,795 2214,775"/>
                <Baseline points="2220,820 2245,817 2271,814 2297,814 2323,814 2348,814 2374,814 2400,814 2426,812 2452,811 2477,809 2503,808 2529,808 2555,808 2581,808"/>
                <TextEquiv>
                    <Unicode>(Quellenangabe ohne Gewähr.)</Unicode>
                </TextEquiv>
            </TextLine>
            <TextLine id="tr_2_tl_6" custom="readingOrder {index:5;}">
                <Coords points="2716,907 2731,912 2749,901 2774,918 2820,898 2846,897 2897,911 2905,816 2844,809 2801,834 2721,830"/>
                <Baseline points="2725,889 2750,889 2776,889 2801,887 2827,884 2852,881 2878,879 2904,877"/>
                <TextEquiv>
                    <Unicode>WIEN</Unicode>
                </TextEquiv>
            </TextLine>
            <TextLine id="tr_2_tl_7" custom="readingOrder {index:6;}">
                <Coords points="1863,927 2098,900 2287,941 2676,909 2676,845 2570,830 2419,868 1969,832 1863,870"/>
                <Baseline points="1871,901 1911,899 1951,898 1992,896 2032,895 2073,895 2113,894 2154,893 2194,896 2235,904 2275,907 2315,910 2356,910 2396,910 2437,907 2477,901 2518,897 2558,893 2599,887 2639,893 2680,898"/>
                <TextEquiv>
                    <Unicode>Ausschnitt aus.</Unicode>
                </TextEquiv>
            </TextLine>
            <TextLine id="tr_2_tl_8" custom="readingOrder {index:7;}">
                <Coords points="1874,1067 2201,1045 2298,1063 2359,1037 2536,1055 2533,937 2423,974 2183,944 2058,977 1974,953 1872,988"/>
                <Baseline points="1880,1017 1913,1019 1946,1020 1979,1021 2012,1023 2045,1025 2078,1025 2111,1023 2144,1023 2177,1025 2210,1026 2243,1026 2276,1029 2309,1032 2342,1035 2375,1035 2408,1037 2441,1036 2474,1035 2507,1035 2540,1029"/>
                <TextEquiv>
                    <Unicode>von 41910</Unicode>
                </TextEquiv>
            </TextLine>
            <TextLine id="tr_2_tl_9" custom="readingOrder {index:8;}">
                <Coords points="2793,1106 2811,1100 2827,1104 2837,1095 2852,1092 2857,1098 2870,1089 2879,1089 2881,1054 2864,1054 2859,1048 2852,1051 2845,1045 2822,1048 2809,1037 2796,1039"/>
                <Baseline points="2802,1086 2829,1084 2856,1083 2883,1083"/>
                <TextEquiv>
                    <Unicode></Unicode>
                </TextEquiv>
            </TextLine>
            <TextLine id="tr_2_tl_10" custom="readingOrder {index:9;}">
                <Coords points="2633,1096 2644,1100 2653,1095 2666,1100 2675,1096 2683,1100 2690,1096 2695,1102 2699,1099 2704,1103 2715,1103 2716,1040 2684,1044 2660,1063 2647,1065 2635,1061"/>
                <Baseline points="2641,1089 2666,1087 2691,1086 2716,1089"/>
                <TextEquiv>
                    <Unicode></Unicode>
                </TextEquiv>
            </TextLine>
            <TextLine id="tr_2_tl_11" custom="readingOrder {index:10;}">
                <Coords points="2778,1142 2787,1139 2793,1143 2800,1136 2808,1142 2835,1128 2844,1128 2851,1135 2857,1129 2867,1135 2881,1132 2882,1096 2867,1091 2856,1096 2849,1091 2827,1104 2812,1100 2791,1117 2779,1118"/>
                <Baseline points="2787,1131 2819,1129 2851,1127 2883,1125"/>
                <TextEquiv>
                    <Unicode>.</Unicode>
                </TextEquiv>
            </TextLine>
            <TextLine id="tr_2_tl_12" custom="readingOrder {index:11;}">
                <Coords points="2008,1201 2800,1183 2882,1170 2884,1132 2727,1154 2654,1095 2470,1135 2011,1115"/>
                <Baseline points="2017,1185 2060,1184 2103,1183 2147,1183 2190,1184 2234,1182 2277,1180 2321,1177 2364,1179 2408,1179 2451,1179 2494,1178 2538,1175 2581,1172 2625,1170 2668,1170 2712,1173 2755,1170 2799,1170 2842,1167 2886,1158"/>
                <TextEquiv>
                    <Unicode>Theater und Kunst.</Unicode>
                </TextEquiv>
            </TextLine>
            <TextLine id="tr_2_tl_13" custom="readingOrder {index:12;}">
                <Coords points="1900,1271 2632,1267 2881,1245 2884,1186 1901,1212"/>
                <Baseline points="1907,1259 1958,1255 2010,1253 2061,1253 2113,1251 2164,1250 2216,1250 2267,1250 2319,1249 2370,1247 2422,1243 2473,1241 2525,1244 2576,1241 2628,1238 2679,1237 2731,1235 2782,1231 2834,1229 2886,1232"/>
                <TextEquiv>
                    <Unicode>Deutsches Volkstheater. Zum erstenmal Anatole,</Unicode>
                </TextEquiv>
            </TextLine>
            <TextLine id="tr_2_tl_14" custom="readingOrder {index:13;}">
                <Coords points="1801,1309 2866,1291 2886,1245 1801,1283"/>
                <Baseline points="1808,1298 1862,1298 1916,1297 1970,1295 2024,1293 2078,1292 2132,1292 2186,1292 2240,1290 2294,1289 2348,1289 2402,1289 2456,1285 2510,1283 2564,1281 2618,1280 2672,1280 2726,1276 2780,1274 2834,1272 2889,1274"/>
                <TextEquiv>
                    <Unicode>künf Einakter von Artur Schuckler. — Fünf Bilder</Unicode>
                </TextEquiv>
            </TextLine>
            <TextLine id="tr_2_tl_15" custom="readingOrder {index:14;}">
                <Coords points="1797,1344 2874,1335 2834,1284 1797,1309"/>
                <Baseline points="1805,1340 1858,1337 1912,1337 1965,1337 2019,1337 2073,1337 2126,1334 2180,1334 2233,1334 2287,1334 2341,1334 2394,1333 2448,1331 2501,1331 2555,1331 2609,1331 2662,1331 2716,1330 2769,1328 2823,1326 2877,1328"/>
                <TextEquiv>
                    <Unicode>aus dem Leben eines Lebemannes, der seine Vergnügungen</Unicode>
                </TextEquiv>
            </TextLine>
            <TextLine id="tr_2_tl_16" custom="readingOrder {index:15;}">
                <Coords points="1794,1385 2871,1378 2871,1342 2786,1331 1794,1341"/>
                <Baseline points="1802,1379 1855,1382 1909,1382 1962,1382 2016,1379 2070,1379 2123,1379 2177,1380 2230,1380 2284,1379 2338,1379 2391,1378 2445,1376 2498,1376 2552,1374 2606,1373 2659,1373 2713,1374 2766,1374 2820,1371 2874,1367"/>
                <TextEquiv>
                    <Unicode>dort sucht, wo er sie findet. Schnitzler hat eigentlich sieben</Unicode>
                </TextEquiv>
            </TextLine>
            <TextLine id="tr_2_tl_17" custom="readingOrder {index:16;}">
                <Coords points="1804,1431 2874,1422 2874,1378 1804,1389"/>
                <Baseline points="1811,1423 1864,1423 1917,1423 1970,1423 2024,1423 2077,1420 2130,1421 2184,1423 2237,1421 2290,1420 2344,1420 2397,1420 2450,1420 2503,1420 2557,1417 2610,1417 2663,1417 2717,1417 2770,1417 2823,1415 2877,1417"/>
                <TextEquiv>
                    <Unicode>Einakter seinem Anatole auf den Leib geschrieben; zwei</Unicode>
                </TextEquiv>
            </TextLine>
            <TextLine id="tr_2_tl_18" custom="readingOrder {index:17;}">
                <Coords points="1801,1477 2874,1470 2863,1420 1801,1427"/>
                <Baseline points="1808,1465 1861,1468 1914,1468 1968,1468 2021,1465 2075,1465 2128,1465 2182,1466 2235,1466 2289,1465 2342,1465 2395,1464 2449,1462 2502,1462 2556,1462 2609,1459 2663,1462 2716,1461 2770,1459 2823,1459 2877,1459"/>
                <TextEquiv>
                    <Unicode>davon wurden aber heute abends ausgeschaltet, vielleicht</Unicode>
                </TextEquiv>
            </TextLine>
            <TextLine id="tr_2_tl_19" custom="readingOrder {index:18;}">
                <Coords points="1804,1519 2881,1506 2862,1470 2717,1460 1804,1475"/>
                <Baseline points="1811,1513 1864,1513 1918,1512 1971,1510 2025,1510 2079,1510 2132,1510 2186,1510 2239,1508 2293,1509 2347,1510 2400,1507 2454,1507 2507,1507 2561,1507 2615,1504 2668,1504 2722,1504 2775,1504 2829,1504 2883,1501"/>
                <TextEquiv>
                    <Unicode>weil sie ein etwas zu brutales Ende nehmen. In dem</Unicode>
                </TextEquiv>
            </TextLine>
            <TextLine id="tr_2_tl_20" custom="readingOrder {index:19;}">
                <Coords points="1804,1563 2867,1555 2867,1508 1804,1519"/>
                <Baseline points="1811,1558 1864,1556 1917,1555 1970,1552 2023,1555 2076,1554 2129,1552 2182,1554 2235,1555 2288,1552 2341,1552 2394,1551 2447,1549 2500,1547 2553,1543 2606,1546 2659,1548 2712,1547 2765,1547 2818,1548 2871,1546"/>
                <TextEquiv>
                    <Unicode>ersten der heute vorgeführten Einakter — „Die Frage</Unicode>
                </TextEquiv>
            </TextLine>
            <TextLine id="tr_2_tl_21" custom="readingOrder {index:20;}">
                <Coords points="1806,1607 2879,1607 2879,1563 2794,1551 1806,1565"/>
                <Baseline points="1814,1596 1867,1598 1920,1596 1974,1596 2027,1596 2081,1596 2134,1597 2188,1598 2241,1594 2295,1590 2348,1590 2401,1593 2455,1593 2508,1593 2562,1593 2615,1593 2669,1592 2722,1590 2776,1590 2829,1590 2883,1590"/>
                <TextEquiv>
                    <Unicode>an das Schicksal, — will Anatol, angestiftet von</Unicode>
                </TextEquiv>
            </TextLine>
            <TextLine id="tr_2_tl_22" custom="readingOrder {index:21;}">
                <Coords points="1816,1647 2879,1635 2833,1595 1816,1606"/>
                <Baseline points="1823,1641 1876,1641 1929,1643 1982,1641 2035,1641 2088,1641 2141,1641 2194,1643 2247,1642 2300,1638 2353,1638 2406,1638 2459,1638 2512,1638 2565,1635 2618,1635 2671,1638 2724,1637 2777,1635 2830,1633 2883,1629"/>
                <TextEquiv>
                    <Unicode>seinem Freunde Max, seine Geliebte in der Hypnose be¬</Unicode>
                </TextEquiv>
            </TextLine>
            <TextLine id="tr_2_tl_23" custom="readingOrder {index:22;}">
                <Coords points="1806,1701 2879,1692 2879,1635 1806,1654"/>
                <Baseline points="1814,1689 1867,1686 1920,1686 1974,1684 2027,1686 2081,1686 2134,1686 2188,1685 2241,1683 2295,1683 2348,1683 2401,1682 2455,1680 2508,1680 2562,1680 2615,1680 2669,1679 2722,1678 2776,1678 2829,1677 2883,1674"/>
                <TextEquiv>
                    <Unicode>fragen, ob sie ihm treu ist; er hat aber den Mut</Unicode>
                </TextEquiv>
            </TextLine>
            <TextLine id="tr_2_tl_24" custom="readingOrder {index:23;}">
                <Coords points="1801,1738 2889,1735 2889,1683 1801,1697"/>
                <Baseline points="1808,1731 1862,1731 1916,1730 1970,1728 2024,1728 2079,1728 2133,1728 2187,1727 2241,1726 2295,1728 2350,1725 2404,1725 2458,1725 2512,1725 2566,1723 2621,1722 2675,1722 2729,1722 2783,1722 2837,1722 2892,1728"/>
                <TextEquiv>
                    <Unicode>nicht dazu, weil er von dem Gefühl beherrscht wird,</Unicode>
                </TextEquiv>
            </TextLine>
            <TextLine id="tr_2_tl_25" custom="readingOrder {index:24;}">
                <Coords points="1801,1783 2878,1775 2878,1739 2791,1727 1801,1738"/>
                <Baseline points="1808,1773 1861,1776 1915,1776 1968,1774 2022,1773 2076,1773 2129,1773 2183,1772 2236,1770 2290,1770 2344,1770 2397,1768 2451,1770 2504,1770 2558,1768 2612,1767 2665,1767 2719,1767 2772,1767 2826,1765 2880,1764"/>
                <TextEquiv>
                    <Unicode>daß sie ihn betrügt. Der zweite Einakter, Weihnachts¬</Unicode>
                </TextEquiv>
            </TextLine>
            <TextLine id="tr_2_tl_26" custom="readingOrder {index:25;}">
                <Coords points="1801,1823 2878,1815 2879,1775 2835,1769 1802,1783"/>
                <Baseline points="1808,1817 1861,1817 1915,1817 1968,1817 2022,1814 2076,1817 2129,1816 2183,1813 2236,1811 2290,1811 2344,1811 2397,1811 2451,1811 2504,1809 2558,1810 2612,1808 2665,1808 2719,1808 2772,1808 2826,1808 2880,1808"/>
                <TextEquiv>
                    <Unicode>einkäufen, zeigt uns Antol als den Geliebten des</Unicode>
                </TextEquiv>
            </TextLine>
            <TextLine id="tr_2_tl_27" custom="readingOrder {index:26;}">
                <Coords points="1812,1874 2879,1859 2871,1813 1812,1824"/>
                <Baseline points="1820,1862 1873,1861 1926,1859 1979,1859 2032,1859 2085,1859 2138,1859 2192,1859 2245,1857 2298,1856 2351,1856 2404,1855 2457,1853 2510,1853 2564,1853 2617,1853 2670,1853 2723,1853 2776,1853 2829,1851 2883,1853"/>
                <TextEquiv>
                    <Unicode>sogenannten süßen Mädels in der Vorstadt; auf dem</Unicode>
                </TextEquiv>
            </TextLine>
            <TextLine id="tr_2_tl_28" custom="readingOrder {index:27;}">
                <Coords points="1804,1911 2881,1911 2874,1856 1805,1871"/>
                <Baseline points="1811,1904 1864,1906 1918,1904 1971,1902 2025,1901 2079,1901 2132,1903 2186,1901 2239,1901 2293,1901 2347,1901 2400,1901 2454,1900 2507,1898 2561,1898 2615,1898 2668,1898 2722,1898 2775,1898 2829,1898 2883,1898"/>
                <TextEquiv>
                    <Unicode>Weihnachtsmarkte, wo er ein Geschenk kaufen will, trifft</Unicode>
                </TextEquiv>
            </TextLine>
            <TextLine id="tr_2_tl_29" custom="readingOrder {index:28;}">
                <Coords points="1804,1959 2874,1945 2874,1912 2771,1901 1804,1921"/>
                <Baseline points="1811,1946 1864,1946 1917,1946 1970,1946 2024,1946 2077,1946 2130,1946 2184,1946 2237,1944 2290,1943 2344,1943 2397,1943 2450,1942 2503,1942 2557,1943 2610,1940 2663,1943 2717,1943 2770,1943 2823,1941 2877,1937"/>
                <TextEquiv>
                    <Unicode>er eine bekannte verheiratete Dame, welche ihm zu ver¬</Unicode>
                </TextEquiv>
            </TextLine>
            <TextLine id="tr_2_tl_30" custom="readingOrder {index:29;}">
                <Coords points="1806,2015 2884,2006 2884,1945 1806,1960"/>
                <Baseline points="1814,1993 1867,1990 1921,1990 1974,1990 2028,1990 2082,1990 2135,1992 2189,1990 2242,1988 2296,1987 2350,1987 2403,1984 2457,1985 2510,1985 2564,1984 2618,1984 2671,1984 2725,1984 2778,1984 2832,1984 2886,1981"/>
                <TextEquiv>
                    <Unicode>stehen gibt, daß sie ebenso lieben könnte, wie das</Unicode>
                </TextEquiv>
            </TextLine>
            <TextLine id="tr_2_tl_31" custom="readingOrder {index:30;}">
                <Coords points="1806,2048 2879,2043 2859,1989 1806,2014"/>
                <Baseline points="1814,2032 1867,2035 1920,2034 1974,2032 2027,2032 2081,2034 2134,2030 2188,2032 2241,2032 2295,2029 2348,2029 2401,2029 2455,2029 2508,2029 2562,2029 2615,2029 2669,2028 2722,2026 2776,2026 2829,2026 2883,2026"/>
                <TextEquiv>
                    <Unicode>süße Mädel, aber den Mut dazu nicht hat.</Unicode>
                </TextEquiv>
            </TextLine>
            <TextLine id="tr_2_tl_32" custom="readingOrder {index:31;}">
                <Coords points="1806,2096 2879,2080 2833,2033 1806,2048"/>
                <Baseline points="1814,2080 1867,2079 1920,2077 1974,2077 2027,2074 2081,2071 2134,2075 2188,2077 2241,2077 2295,2072 2348,2074 2401,2074 2455,2074 2508,2072 2562,2071 2615,2071 2669,2071 2722,2071 2776,2071 2829,2071 2883,2071"/>
                <TextEquiv>
                    <Unicode>Im dritten Einakter, Abschiedssouper,</Unicode>
                </TextEquiv>
            </TextLine>
            <TextLine id="tr_2_tl_33" custom="readingOrder {index:32;}">
                <Coords points="1801,2127 2886,2128 2848,2070 1801,2100"/>
                <Baseline points="1808,2119 1862,2122 1916,2122 1970,2121 2024,2119 2078,2119 2132,2119 2186,2121 2240,2119 2294,2119 2348,2119 2402,2119 2456,2116 2510,2116 2564,2116 2618,2116 2672,2116 2726,2116 2780,2116 2834,2114 2889,2116"/>
                <TextEquiv>
                    <Unicode>will Anatol eine Geliebte, eine Zirkusdame, bei</Unicode>
                </TextEquiv>
            </TextLine>
            <TextLine id="tr_2_tl_34" custom="readingOrder {index:33;}">
                <Coords points="1804,2176 2882,2169 2882,2129 2763,2118 1804,2133"/>
                <Baseline points="1811,2167 1864,2164 1918,2164 1972,2164 2026,2164 2079,2164 2133,2161 2187,2161 2241,2163 2294,2164 2348,2161 2402,2161 2456,2161 2509,2161 2563,2159 2617,2158 2671,2161 2724,2160 2778,2160 2832,2159 2886,2155"/>
                <TextEquiv>
                    <Unicode>einem üppigen Abendessen verabschieden, weil er</Unicode>
                </TextEquiv>
            </TextLine>
            <TextLine id="tr_2_tl_35" custom="readingOrder {index:34;}">
                <Coords points="1806,2213 2884,2217 2885,2172 1806,2179"/>
                <Baseline points="1814,2208 1867,2207 1921,2206 1974,2208 2028,2205 2082,2205 2135,2205 2189,2205 2242,2207 2296,2206 2350,2205 2403,2204 2457,2202 2510,2202 2564,2202 2618,2199 2671,2200 2725,2202 2778,2200 2832,2201 2886,2199"/>
                <TextEquiv>
                    <Unicode>eine Andere gefunden hat. Die alte Geliebte kommt ihm</Unicode>
                </TextEquiv>
            </TextLine>
            <TextLine id="tr_2_tl_36" custom="readingOrder {index:35;}">
                <Coords points="1809,2256 2882,2254 2884,2209 2823,2205 1811,2213"/>
                <Baseline points="1817,2250 1870,2252 1923,2250 1977,2250 2030,2250 2084,2250 2137,2250 2191,2250 2244,2252 2298,2250 2351,2250 2404,2249 2458,2246 2511,2246 2565,2244 2618,2247 2672,2244 2725,2244 2779,2244 2832,2244 2886,2247"/>
                <TextEquiv>
                    <Unicode>aber mit der Erklärung zuvor, daß sie das Verhältnis</Unicode>
                </TextEquiv>
            </TextLine>
            <TextLine id="tr_2_tl_37" custom="readingOrder {index:36;}">
                <Coords points="1809,2301 2879,2307 2881,2264 1811,2256"/>
                <Baseline points="1817,2298 1870,2297 1923,2295 1976,2295 2030,2295 2083,2295 2136,2292 2190,2292 2243,2292 2296,2292 2350,2292 2403,2291 2456,2289 2509,2291 2563,2289 2616,2289 2669,2289 2723,2289 2776,2289 2829,2291 2883,2295"/>
                <TextEquiv>
                    <Unicode>lösen will, weil sie einen neuen Verehrer, einen Kollegen,</Unicode>
                </TextEquiv>
            </TextLine>
            <TextLine id="tr_2_tl_38" custom="readingOrder {index:37;}">
                <Coords points="1802,2346 2875,2352 2845,2296 1804,2300"/>
                <Baseline points="1811,2340 1864,2340 1917,2339 1971,2339 2024,2340 2078,2337 2131,2337 2185,2337 2238,2337 2292,2337 2345,2337 2398,2336 2452,2334 2505,2334 2559,2334 2612,2331 2666,2331 2719,2331 2773,2331 2826,2333 2880,2334"/>
                <TextEquiv>
                    <Unicode>erobert hat. Im Streite entschlüpft beiden das Geständnis,</Unicode>
                </TextEquiv>
            </TextLine>
            <TextLine id="tr_2_tl_39" custom="readingOrder {index:38;}">
                <Coords points="1809,2386 2882,2383 2815,2337 1809,2346"/>
                <Baseline points="1817,2384 1870,2384 1923,2384 1977,2384 2030,2384 2084,2384 2137,2381 2191,2382 2244,2382 2298,2378 2351,2378 2404,2378 2458,2378 2511,2376 2565,2375 2618,2375 2672,2375 2725,2375 2779,2375 2832,2375 2886,2378"/>
                <TextEquiv>
                    <Unicode>daß sie sich gegenseitig schon längere Zeit betrogen haben.</Unicode>
                </TextEquiv>
            </TextLine>
            <TextLine id="tr_2_tl_40" custom="readingOrder {index:39;}">
                <Coords points="1808,2445 2879,2427 2879,2386 2823,2381 2228,2414 1809,2385"/>
                <Baseline points="1817,2432 1870,2428 1923,2426 1976,2426 2030,2423 2083,2426 2136,2426 2190,2426 2243,2424 2296,2423 2350,2423 2403,2422 2456,2421 2509,2423 2563,2420 2616,2420 2669,2418 2723,2420 2776,2420 2829,2420 2883,2417"/>
                <TextEquiv>
                    <Unicode>Im vierten Einakter, Episode, bildet sich Anatol</Unicode>
                </TextEquiv>
            </TextLine>
            <TextLine id="tr_2_tl_41" custom="readingOrder {index:40;}">
                <Coords points="1806,2474 2879,2477 2866,2425 1806,2449"/>
                <Baseline points="1814,2468 1867,2471 1920,2471 1974,2471 2027,2468 2081,2468 2134,2468 2188,2468 2241,2468 2295,2468 2348,2468 2401,2464 2455,2462 2508,2462 2562,2462 2615,2465 2669,2464 2722,2462 2776,2462 2829,2462 2883,2459"/>
                <TextEquiv>
                    <Unicode>ein, daß ihn ein Dächen, wieder Eine vom Zirkus, wirk¬</Unicode>
                </TextEquiv>
            </TextLine>
            <TextLine id="tr_2_tl_42" custom="readingOrder {index:41;}">
                <Coords points="1806,2528 2884,2513 2885,2478 2772,2466 1808,2478"/>
                <Baseline points="1814,2513 1867,2514 1921,2515 1974,2513 2028,2513 2082,2513 2135,2512 2189,2510 2242,2512 2296,2511 2350,2510 2403,2509 2457,2507 2510,2507 2564,2507 2618,2507 2671,2507 2725,2507 2778,2507 2832,2507 2886,2507"/>
                <TextEquiv>
                    <Unicode>lich geliebt hat; er wird aber unangenehm enttäuscht, da</Unicode>
                </TextEquiv>
            </TextLine>
            <TextLine id="tr_2_tl_43" custom="readingOrder {index:42;}">
                <Coords points="1809,2568 2886,2559 2878,2510 1809,2525"/>
                <Baseline points="1817,2561 1870,2558 1924,2558 1977,2558 2031,2558 2085,2558 2138,2557 2192,2556 2245,2556 2299,2555 2353,2555 2406,2554 2460,2552 2513,2552 2567,2552 2621,2552 2674,2552 2728,2552 2781,2552 2835,2550 2889,2549"/>
                <TextEquiv>
                    <Unicode>sich herausstellt, daß diese Zirkusdame gleichzeitig die</Unicode>
                </TextEquiv>
            </TextLine>
            <TextLine id="tr_2_tl_44" custom="readingOrder {index:43;}">
                <Coords points="1816,2611 2882,2606 2853,2555 1816,2569"/>
                <Baseline points="1823,2602 1876,2599 1929,2599 1982,2601 2035,2599 2088,2599 2141,2599 2195,2599 2248,2599 2301,2596 2354,2596 2407,2596 2460,2596 2513,2596 2567,2593 2620,2593 2673,2593 2726,2593 2779,2593 2832,2595 2886,2593"/>
                <TextEquiv>
                    <Unicode>Freundin seines Freundes Max und anderer war und sich</Unicode>
                </TextEquiv>
            </TextLine>
            <TextLine id="tr_2_tl_45" custom="readingOrder {index:44;}">
                <Coords points="1816,2651 2879,2647 2879,2610 2790,2598 1816,2611"/>
                <Baseline points="1823,2644 1876,2644 1929,2644 1982,2644 2035,2644 2088,2644 2141,2644 2194,2644 2247,2644 2300,2644 2353,2641 2406,2640 2459,2638 2512,2638 2565,2638 2618,2638 2671,2638 2724,2638 2777,2638 2830,2636 2883,2632"/>
                <TextEquiv>
                    <Unicode>der flüchtigen Begegnung mit Anatol gar nicht mehr er¬</Unicode>
                </TextEquiv>
            </TextLine>
            <TextLine id="tr_2_tl_46" custom="readingOrder {index:45;}">
                <Coords points="1816,2694 2886,2694 2886,2643 2819,2638 1816,2651"/>
                <Baseline points="1823,2689 1876,2689 1929,2689 1982,2689 2036,2689 2089,2686 2142,2687 2196,2689 2249,2687 2302,2686 2356,2686 2409,2683 2462,2683 2515,2683 2569,2680 2622,2680 2675,2680 2729,2681 2782,2681 2835,2680 2889,2677"/>
                <TextEquiv>
                    <Unicode>innern kann. Im letzten Bilde endlich, Anatols</Unicode>
                </TextEquiv>
            </TextLine>
            <TextLine id="tr_2_tl_47" custom="readingOrder {index:46;}">
                <Coords points="1819,2749 2886,2728 2886,2694 2819,2684 1819,2698"/>
                <Baseline points="1826,2734 1879,2731 1932,2731 1985,2731 2038,2731 2091,2731 2144,2731 2198,2731 2251,2731 2304,2731 2357,2728 2410,2725 2463,2726 2516,2728 2570,2728 2623,2725 2676,2725 2729,2725 2782,2725 2835,2725 2889,2725"/>
                <TextEquiv>
                    <Unicode>Hochzeitsmorgen, betitelt, spielt unser Held</Unicode>
                </TextEquiv>
            </TextLine>
            <TextLine id="tr_2_tl_48" custom="readingOrder {index:47;}">
                <Coords points="1805,2778 2890,2775 2890,2726 1806,2742"/>
                <Baseline points="1814,2775 1867,2775 1921,2775 1975,2775 2029,2775 2083,2775 2137,2775 2191,2774 2245,2772 2299,2772 2353,2772 2406,2769 2460,2769 2514,2769 2568,2769 2622,2769 2676,2769 2730,2768 2784,2769 2838,2769 2892,2767"/>
                <TextEquiv>
                    <Unicode>eine sehr tragikomische Rolle. Am Vorabende seiner Hochzeit</Unicode>
                </TextEquiv>
            </TextLine>
            <TextLine id="tr_2_tl_49" custom="readingOrder {index:48;}">
                <Coords points="1809,2823 2893,2822 2893,2774 1809,2780"/>
                <Baseline points="1817,2817 1870,2820 1924,2817 1978,2819 2032,2818 2086,2817 2140,2817 2194,2817 2248,2817 2302,2817 2356,2817 2409,2817 2463,2814 2517,2814 2571,2812 2625,2814 2679,2811 2733,2811 2787,2813 2841,2812 2895,2811"/>
                <TextEquiv>
                    <Unicode>trifft er auf der Redoute eine alte Freundin, die ihn nun</Unicode>
                </TextEquiv>
            </TextLine>
            <TextLine id="tr_2_tl_50" custom="readingOrder {index:49;}">
                <Coords points="1816,2877 2889,2867 2870,2819 1816,2827"/>
                <Baseline points="1823,2868 1876,2864 1929,2861 1983,2861 2036,2862 2090,2862 2143,2861 2197,2860 2250,2862 2304,2859 2357,2859 2410,2859 2464,2858 2517,2856 2571,2856 2624,2856 2678,2856 2731,2856 2785,2856 2838,2856 2892,2853"/>
                <TextEquiv>
                    <Unicode>gar nicht mehr verlassen will und am Hochzeitsmorgen aus</Unicode>
                </TextEquiv>
            </TextLine>
            <TextLine id="tr_2_tl_51" custom="readingOrder {index:50;}">
                <Coords points="1806,2911 2890,2908 2892,2860 1808,2877"/>
                <Baseline points="1814,2904 1867,2907 1921,2907 1975,2907 2029,2907 2083,2904 2137,2904 2191,2904 2245,2904 2299,2904 2353,2904 2406,2904 2460,2901 2514,2901 2568,2901 2622,2901 2676,2901 2730,2900 2784,2898 2838,2900 2892,2898"/>
                <TextEquiv>
                    <Unicode>der Wohnung Anatols nicht hinauszubringen ist. Als sie</Unicode>
                </TextEquiv>
            </TextLine>
            <TextLine id="tr_2_tl_52" custom="readingOrder {index:51;}">
                <Coords points="1822,2969 2882,2958 2882,2908 2758,2900 1822,2915"/>
                <Baseline points="1829,2955 1881,2950 1934,2951 1987,2949 2040,2949 2093,2949 2146,2949 2198,2949 2251,2949 2304,2949 2357,2946 2410,2946 2463,2946 2516,2946 2568,2943 2621,2943 2674,2943 2727,2943 2780,2943 2833,2943 2886,2946"/>
                <TextEquiv>
                    <Unicode>schließlich von der bevorstehenden Vermählung Anatols hört,</Unicode>
                </TextEquiv>
            </TextLine>
            <TextLine id="tr_2_tl_53" custom="readingOrder {index:52;}">
                <Coords points="1812,3013 2797,3006 2882,3000 2884,2959 1813,2970"/>
                <Baseline points="1820,2996 1873,2995 1926,2993 1979,2993 2033,2990 2086,2990 2139,2991 2193,2993 2246,2993 2299,2993 2353,2993 2406,2989 2459,2987 2512,2987 2566,2990 2619,2987 2672,2986 2726,2984 2779,2986 2832,2985 2886,2987"/>
                <TextEquiv>
                    <Unicode>exzediert sie in der Wohnung und beruhigt sich erst dann,</Unicode>
                </TextEquiv>
            </TextLine>
            <TextLine id="tr_2_tl_54" custom="readingOrder {index:53;}">
                <Coords points="1816,3048 2889,3041 2889,3000 2826,2992 1816,3017"/>
                <Baseline points="1823,3038 1876,3037 1929,3036 1983,3038 2036,3035 2090,3035 2143,3036 2197,3037 2250,3037 2304,3035 2357,3035 2410,3034 2464,3032 2517,3032 2571,3032 2624,3032 2678,3029 2731,3029 2785,3029 2838,3029 2892,3029"/>
                <TextEquiv>
                    <Unicode>als Freund Max ihr zuflüstert, daß auch nach der Ver¬</Unicode>
                </TextEquiv>
            </TextLine>
            <TextLine id="tr_2_tl_55" custom="readingOrder {index:54;}">
                <Coords points="1819,3091 2830,3090 2804,3036 1820,3046"/>
                <Baseline points="1826,3083 1876,3081 1926,3080 1977,3083 2027,3080 2078,3080 2128,3080 2179,3080 2229,3079 2280,3079 2330,3078 2380,3077 2431,3074 2481,3077 2532,3074 2582,3074 2633,3074 2683,3074 2734,3072 2784,3074 2835,3074"/>
                <TextEquiv>
                    <Unicode>heiratung Anatols sie nicht die Betrogene sein wird.</Unicode>
                </TextEquiv>
            </TextLine>
            <TextLine id="tr_2_tl_56" custom="readingOrder {index:55;}">
                <Coords points="1812,3135 2896,3135 2897,3085 2840,3077 1813,3090"/>
                <Baseline points="1820,3125 1873,3125 1927,3125 1981,3125 2035,3125 2089,3125 2143,3122 2197,3124 2251,3122 2305,3122 2359,3122 2412,3122 2466,3119 2520,3117 2574,3116 2628,3116 2682,3116 2736,3116 2790,3118 2844,3119 2898,3119"/>
                <TextEquiv>
                    <Unicode>Aus dieser knappen Inhaltsangabe sieht man, aus welchen</Unicode>
                </TextEquiv>
            </TextLine>
            <TextLine id="tr_2_tl_57" custom="readingOrder {index:56;}">
                <Coords points="1812,3182 2720,3186 2889,3173 2890,3136 1813,3136"/>
                <Baseline points="1820,3169 1873,3169 1927,3169 1980,3169 2034,3166 2088,3166 2141,3166 2195,3166 2248,3166 2302,3166 2356,3164 2409,3164 2463,3164 2516,3162 2570,3163 2624,3161 2677,3161 2731,3161 2784,3161 2838,3161 2892,3158"/>
                <TextEquiv>
                    <Unicode>Kreisen Schnitzler seine Frauentypen nimmt. Das fort¬</Unicode>
                </TextEquiv>
            </TextLine>
            <TextLine id="tr_2_tl_58" custom="readingOrder {index:57;}">
                <Coords points="1812,3224 2889,3220 2889,3171 2782,3164 1812,3180"/>
                <Baseline points="1820,3214 1873,3213 1927,3211 1980,3211 2034,3211 2088,3211 2141,3208 2195,3208 2248,3208 2302,3208 2356,3208 2409,3207 2463,3205 2516,3205 2570,3205 2624,3205 2677,3205 2731,3205 2784,3205 2838,3205 2892,3202"/>
                <TextEquiv>
                    <Unicode>währende Einerlei in diesen fünf Bildern wirkt übrigens</Unicode>
                </TextEquiv>
            </TextLine>
            <TextLine id="tr_2_tl_59" custom="readingOrder {index:58;}">
                <Coords points="1816,3265 2888,3257 2846,3210 1817,3226"/>
                <Baseline points="1823,3256 1876,3256 1929,3256 1982,3256 2036,3256 2089,3253 2142,3253 2196,3253 2249,3253 2302,3253 2356,3253 2409,3250 2462,3250 2515,3250 2569,3247 2622,3247 2675,3249 2729,3247 2782,3247 2835,3249 2889,3244"/>
                <TextEquiv>
                    <Unicode>ermüdend und nur das flotte Spiel konnte über die Ein¬</Unicode>
                </TextEquiv>
            </TextLine>
            <TextLine id="tr_2_tl_60" custom="readingOrder {index:59;}">
                <Coords points="1822,3308 2845,3311 2888,3257 1822,3264"/>
                <Baseline points="1829,3301 1882,3301 1935,3299 1988,3298 2041,3298 2094,3297 2147,3296 2200,3298 2253,3296 2306,3295 2359,3295 2412,3297 2465,3295 2518,3293 2571,3292 2624,3292 2677,3292 2730,3292 2783,3292 2836,3292 2889,3289"/>
                <TextEquiv>
                    <Unicode>tönigkeit der mitunter recht witzigen Einfälle Schnitzlers</Unicode>
                </TextEquiv>
            </TextLine>
            <TextLine id="tr_2_tl_61" custom="readingOrder {index:60;}">
                <Coords points="1819,3356 2889,3346 2875,3304 2693,3293 1819,3309"/>
                <Baseline points="1826,3349 1879,3346 1932,3346 1985,3344 2039,3343 2092,3343 2145,3340 2199,3342 2252,3341 2305,3340 2359,3340 2412,3339 2465,3337 2518,3337 2572,3337 2625,3337 2678,3337 2732,3336 2785,3336 2838,3337 2892,3334"/>
                <TextEquiv>
                    <Unicode>hinwegtäuschen. Die Herren Kramer und Lackner</Unicode>
                </TextEquiv>
            </TextLine>
            <TextLine id="tr_2_tl_62" custom="readingOrder {index:61;}">
                <Coords points="1824,3401 2878,3397 2890,3345 1824,3352"/>
                <Baseline points="1832,3387 1885,3387 1938,3385 1991,3387 2044,3387 2097,3387 2150,3386 2203,3386 2256,3385 2309,3384 2362,3381 2415,3381 2468,3381 2521,3381 2574,3381 2627,3383 2680,3378 2733,3378 2786,3378 2839,3378 2892,3378"/>
                <TextEquiv>
                    <Unicode>sowie die Damen Hannemann, Reinau,</Unicode>
                </TextEquiv>
            </TextLine>
            <TextLine id="tr_2_tl_63" custom="readingOrder {index:62;}">
                <Coords points="1816,3438 2856,3438 2896,3396 1817,3404"/>
                <Baseline points="1823,3432 1876,3432 1930,3431 1984,3429 2038,3429 2091,3429 2145,3429 2199,3429 2253,3427 2306,3426 2360,3426 2414,3426 2468,3426 2521,3426 2575,3424 2629,3423 2683,3423 2736,3423 2790,3423 2844,3423 2898,3426"/>
                <TextEquiv>
                    <Unicode>Glöckner, Müller und Galafrés wurden für</Unicode>
                </TextEquiv>
            </TextLine>
            <TextLine id="tr_2_tl_64" custom="readingOrder {index:63;}">
                <Coords points="1822,3489 2894,3481 2896,3429 1823,3436"/>
                <Baseline points="1829,3477 1882,3476 1935,3474 1989,3474 2042,3474 2096,3474 2149,3476 2203,3473 2256,3471 2310,3471 2363,3471 2416,3468 2470,3469 2523,3471 2577,3468 2630,3468 2684,3468 2737,3468 2791,3468 2844,3468 2898,3468"/>
                <TextEquiv>
                    <Unicode>die wirklich vorzügliche Darstellung mit lebhaftem Beifall</Unicode>
                </TextEquiv>
            </TextLine>
            <TextLine id="tr_2_tl_65" custom="readingOrder {index:64;}">
                <Coords points="1812,3535 2896,3521 2896,3487 2783,3471 1812,3489"/>
                <Baseline points="1820,3519 1873,3522 1927,3519 1981,3519 2035,3521 2089,3519 2143,3519 2197,3517 2251,3517 2305,3516 2359,3513 2412,3513 2466,3515 2520,3515 2574,3514 2628,3513 2682,3513 2736,3513 2790,3511 2844,3512 2898,3513"/>
                <TextEquiv>
                    <Unicode>ausgezeichnet, an dem auch der Autor partizipieren durfte.</Unicode>
                </TextEquiv>
            </TextLine>
            <TextLine id="tr_2_tl_66" custom="readingOrder {index:65;}">
                <Coords points="1827,3562 2894,3568 2894,3522 2765,3514 1827,3540"/>
                <Baseline points="1835,3560 1888,3560 1941,3563 1994,3563 2047,3563 2100,3560 2153,3560 2207,3560 2260,3558 2313,3560 2366,3560 2419,3560 2472,3559 2525,3558 2579,3558 2632,3560 2685,3557 2738,3555 2791,3557 2844,3556 2898,3558"/>
                <TextEquiv>
                    <Unicode>Se. k. Hoheit Herr Erzherzog Franz Ferdinand</Unicode>
                </TextEquiv>
            </TextLine>
            <TextLine id="tr_2_tl_67" custom="readingOrder {index:66;}">
                <Coords points="1816,3614 2894,3603 2894,3566 2840,3561 1816,3564"/>
                <Baseline points="1823,3608 1876,3607 1930,3605 1984,3605 2038,3605 2091,3605 2145,3605 2199,3605 2253,3605 2306,3605 2360,3605 2414,3602 2468,3602 2521,3602 2575,3600 2629,3599 2683,3600 2736,3602 2790,3602 2844,3600 2898,3602"/>
                <TextEquiv>
                    <Unicode>wohnte mit Gemahlin, Herzogin von Hohenberg, der</Unicode>
                </TextEquiv>
            </TextLine>
            <TextLine id="tr_2_tl_68" custom="readingOrder {index:67;}">
                <Coords points="1816,3664 2903,3676 2893,3601 1817,3616"/>
                <Baseline points="1823,3656 1877,3653 1931,3650 1985,3651 2039,3653 2094,3653 2148,3653 2202,3653 2256,3653 2310,3653 2365,3653 2419,3650 2473,3648 2527,3648 2581,3647 2636,3647 2690,3647 2744,3646 2798,3644 2852,3644 2907,3644"/>
                <TextEquiv>
                    <Unicode>Vorstellung vom zweiten bis zum letzten Bilde bei. F. T.</Unicode>
                </TextEquiv>
            </TextLine>
            <TextEquiv>
                <Unicode></Unicode>
            </TextEquiv>
        </TextRegion>
    </Page>
</PcGts>
