3436 4352
1396 150 1758 245 box 9/4
289 163 1224 274 4.9. Anatol - Zyklus
942 945 1722 1025 About Those Concerned
998 1032 1672 1117 With the Production
1124 1114 1545 1203 of ANATOL
885 1222 1782 1293 ARTHUR SCHNITZLER, a Viennese physi¬
888 1291 1786 1356 cian, has followed "Anatol," which was his
883 1347 1780 1403 first play, completed in 1893, with many
885 1389 1784 1457 other plays and novels, notably "The Lonely
895 1446 1778 1513 Way, "The Green Cockatoo, “Prof. Bern¬
884 1495 1778 1604 hardi," Reigen.“ Freiwild" and "Liebelei."
891 1669 1785 1738 JOSEPH SCHILDKRAUT was born in Vi¬
891 1710 1788 1772 enna, the son of the distinguished actor,
891 1765 1795 1841 Rudolph Schildkraut, and he has played
890 1806 1795 1892 notably in New York in Liliom, Peer
896 1874 1481 1953 Gynt" and "The Firebrand."
901 2027 1806 2121 WALTER CONNOLLY has appeared in
909 2082 1796 2166 "Come Out of the Kitchen, Possession,
1284 2135 1808 2214 Ladies Leave," "Your
911 2153 1250 2224 Merry Andrew
912 2209 1806 2268 Uncle Dudley," "Uncle Vany and other
904 2273 1030 2353 plays.
911 2402 1810 2498 MIRIAM HOPKINS recently has been in
1353 2466 1812 2528 "The Camel Through
924 2485 1309 2548 Lysistrata," Ritzy
910 2522 1813 2597 the Needles Eve," "Excess Baggage," "The
918 2596 1813 2655 Garden of Eden" and "An American
916 2652 1111 2737 Tragedy."
917 2784 1816 2868 PATRICIA COLLINGE has played in "The
922 2850 1799 2925 Blue Bird," "The Show Shop," Polyanna,
931 2925 1823 2986 Just Suppose," "The Dark Angel" and a
924 2965 1632 3036 number of Players Club revivals.
922 3123 1831 3196 ANNE FORREST was seen in Seventh
926 3165 1821 3260 Heaven, "Quicksand," Gang War," "The
937 3243 1597 3309 Channel Road" and other plays.
927 3363 1830 3438 RUTHELMA STEVENS played in Sweet
931 3420 1823 3496 Land of Liberty," Jarnegan, Hotel Uni¬
942 3488 1399 3558 verse" and "Roadside.
1175 3556 1601 3632 (Continued on page 16)
1984 833 2719 916 THE NEW YORK MAGAZINE PROGRAM
1877 3538 2746 3627 1931, R. J. Reynolds Tobacco Co., Winston-Salem. N. C.
3093 799 3352 880 LYCEUM THE
3093 953 3346 1058 Cam
3128 2833 3203 2887 Men
3128 3401 3331 3485 The s
