3436 4256
320 203 590 300 4.9.
1444 172 1794 269 box 8/6
1053 190 1246 266 kus
638 196 856 270 to
836 369 1328 485 OBSER
629 463 1685 554 1. österr. beh. konz. Unternehmen für Zeitungs¬
836 526 1485 606 Ausschnitte und Bibliographie.
805 574 1530 656 Wien, I., Concordiaplatz 4.
1026 647 1306 718 Vertretungen
633 687 1685 760 in Berlin, Brüssel, Budapest, Chicago, Cleveland, Christiania,
632 739 1682 795 Genf, Kopenhagen, London, Madrid, Mailand, Minneapolis,
633 777 1682 871 New-York, Paris, Rom, San Francisco, Stockholm, St. Peters¬
1032 822 1303 877 burg, Toronto.
978 851 1353 932 (Quellenangabe ohne Gewähr.)
636 908 995 1001 Ausschnitt aus:
992 956 1304 1081 the
823 1011 965 1093 sisch¬
630 1038 787 1098 vom
600 1211 1619 1292 Theater, Kunst und Literatur,
965 1294 1252 1382 „Anatol.
592 1326 1616 1419 Fünf Einakter von Artur Schnitzler, En¬
598 1412 1621 1471 semble Gastspiel der Frau Josefine Glöckner¬
593 1447 1619 1522 Kramer und der Herren Leopold Kramer und
593 1500 1634 1586 Hans Lackner vom Deutschen Volkstheater in
1038 1556 1164 1625 Wien.
672 1570 1618 1674 Der uns wohlbekannte und immer gern ge¬
595 1642 1619 1716 hörte Artur Schnitzler, der kluge Zeichner schwa¬
592 1712 1633 1778 cher Wiener Männer und noch schwächerer, aber lie¬
592 1751 1628 1812 benswürdigerer Wiener Frauen, kam an unserer
600 1801 1634 1863 Bühne vorgestern nach langerer Pause wieder zu
600 1858 1625 1936 Worte. Es gelangte sein „Anatole-Zyklus zur
600 1903 1627 1972 Aufführung. In den Geleitworten, welche Hugs
600 1946 1622 2012 v. Hoffmannsthal Schnitzlers erstem Buche, der
595 2008 1625 2063 Sammlung dramatischer Plaudereien, voraus¬
600 2049 1624 2115 schickte, heißt es: „Also spielen wir Theater, spielen
603 2097 1625 2157 unsere eigenen Stücke, ., die Komödie unserer
606 2145 1601 2203 Seele, unseres Fühlens, Heut und Gestern."
606 2191 1621 2253 jener Sammlung „Anatols", wie in seinen späteren
598 2242 1634 2293 Dramen, hat Schnitzler seine eigenen Stücke spielen
598 2288 1628 2345 lassen; immer ist es das Verhältnis zwischen einem
598 2336 1631 2391 blasierten, melancholischen Liebhaber aus der Welt
598 2389 1628 2454 der Bildung, der Ordnung und der Sitte und
606 2432 1631 2490 einem liebebedürftigen Weide aus einer anderen
598 2481 1627 2553 Welt. Sehr gut gezeichnet sind diese verlebten Lebe¬
598 2529 1628 2590 männer und ihre füßen Mädel, besondert die letz¬
1543 2578 1625 2635 Der
609 2577 1513 2635 ten. Meisterhaft ist die Milienschilderung.
600 2616 1631 2689 Dialog trägt das echte Gepräge des seinen Schnitz¬
606 2678 932 2744 lerschen Geistes.
687 2711 1634 2816 Von den fünf Einaktern sind hier bereits die
1450 2781 1627 2847 „Anatole
609 2768 1389 2849 bühnenwirksamsten: „Abschiedsouper
606 2813 1640 2884 Hochzeitsmorgen" und — wir glauben, nicht zu
609 2874 1619 2931 irren — „Weihnachtseinkäufe aufgeführt worden
618 2917 1628 2982 sie verfehlten auch diesmal ihre Wirkung nicht
606 2980 1636 3025 Aber auch die übrigen, nämlich „Die Fragen an
612 3028 1636 3083 das Schicksal" und „Episode erregten das Inter¬
1543 3068 1633 3126 hiezu
612 3070 1477 3129 esse der Zuschauer in einem hohen Grade
1531 3120 1634 3179 Gäste
609 3117 1461 3185 trug das treffliche Zusammenspiel der Wie
1534 3167 1634 3229 be¬
609 3168 1446 3228 wesentlich bei. Frau Glöckner-Kre
1537 3210 1634 3276 Dar¬
609 3222 1431 3279 währte sich neuerlich als eine hervorrag
1504 3258 1639 3322 ich die
615 3265 1422 3324 stellerin. Am besten gelangen ihr
1555 3313 1642 3370 fand
615 3307 1410 3367 volkstümlichen Gestalten; mit der We¬
1507 3359 1639 3424 spielen
615 3361 1403 3421 sie sich ziemlich gut ab. Beiläufig ben
1492 3409 1640 3468 en die
615 3410 1391 3467 im Wiener Volkstheater verschiedene
1491 3457 1637 3518 Anatol¬
615 3461 1356 3519 verschiedenen weiblichen Rollen in
1477 3506 1634 3581 einau
621 3504 1374 3561 Zyklus, und zwar: Hannemann
1540 3552 1646 3627 Eine
620 3561 1383 3621 Müller, Galafres und Glöc
615 3609 1043 3685 ganze Damengalerie!
708 3649 1643 3719 Das Publikum, das alle Räum des Hauses
621 3685 1637 3766 füllte, nahm die neuen proverbeartigen Einakter,
618 3760 1643 3820 wie die hier schon bekannten Stücke, sehr beifällig
624 3808 1643 3867 auf und lohnte die Darsteller durch reichen Applaus
618 3860 1192 3926 und wiederholte Hervorrufe.
708 3894 1643 3975 Der vorgestrige Schnitzler=Abend darf auf das
624 3963 1643 4047 Haben-Konto der Direktion Herzka geschrieben
621 4012 786 4075 werden.
2215 85 2865 176 Ausschnitte und Bibliographie.
2185 151 2902 230 Wien, I., Concordiaplatz 4.
2418 229 2686 296 Vertretungen
2021 254 3070 335 in Berlin, Brüssel, Budapest, Chicago, Cleveland, Christiania,
2018 320 3064 372 Genf, Kopenhagen, London, Madrid, Mailand, Minneapolis
2021 357 3061 409 New-York, Paris, Rom, San Francisco, Stockholm, St. Peters
2406 400 2681 453 burg, Toronto.
2366 414 2732 493 Quellenangabe ohne Gewähr.)
2020 500 2378 568 Ausschnitt aus:
2787 517 3144 612 und Schlesien
2215 512 2732 617 Tagesbote aus Mähr.
2024 593 2769 704 vom 18. Dez. 1910 Brut.
2515 656 2837 750 Abendblatt
2282 804 2955 902 Theater und Kunst.
2115 905 3206 965 Dr. St. Brünner Stadttheater. Schnitzlers Wiener
2030 955 2711 1014 Ringelreihen vom „Anatol“ ist
2847 957 3207 1025 -
2029 1008 3209 1068 ment geworden. Unberührt vom Für und Wider der Tages¬
2039 1052 3200 1122 meinung steht dieser Einaktenzyklus da und erweist seine
2034 1101 3201 1167 Ahnenschaft zu einer schon ansehnlichen Nachfolge. Schnitzler
2036 1150 3201 1208 hat hier die beiden Typen vorgebildet, die seither in jedes
2033 1202 3201 1259 richtige Wiener Stück von literarischem Gepräge gehören:
2030 1246 3201 1313 den leichtsinnigen Melancholiker und das süße Mädel. Diese
2033 1297 3213 1346 beiden Typen sind damals so erlösend zurechtgekommen,
2024 1349 3204 1406 daß sich eine ganze Generation in ihnen wiederfand. Alle
2031 1386 3197 1462 die glücklichen Lebenskünstler mit den Anwandlungen von
2018 1441 3201 1497 Bedenken, alle diese Strategen der Liebe, diese Don Juane
2033 1491 3197 1558 von Beruf, und alle die Tausende von Mädeln, die sich so
2030 1542 3194 1601 gerne süß nennen, gehört hätten. Der Ernst des Lebens
2033 1591 3192 1654 liegt weit vor den Toren dieser Welt, hier handelt es sich
2027 1643 3192 1694 nur um die Aufgaben der Liebe, hier sind die wichtigsten
2030 1692 3194 1743 Angelegenheiten ein Stelldichein, ein Brief, ein Souper.
2026 1743 3195 1809 Das war im Jahre 1893 und seitdem sind eine Menge von
2024 1790 3192 1849 Nachfahren Anatols auf die deutsche Bühne gekommen.
2033 1836 3197 1900 1893 Man sollte es nicht glauben: schon siebzehn Jahre
2030 1891 3189 1955 und noch immer haben diese kleinen, funkelnden Einakter
2024 1937 3192 1999 die Grazie und den Charme, die liebenswürdige Laune
2026 1987 3191 2040 und die Weltgewandtheit, mit der sie uns bei ihrem Er¬
2033 2033 3186 2093 scheinen entzückt haben, für uns bewahrt. Sie sind nicht
2024 2081 3188 2144 übertroffen worden, nicht an Witz und nicht an psychologi¬
2033 2126 3189 2200 scher Feinheit und nicht an Geschmeidigkeit der Form. Noch
2024 2181 3189 2241 immer bilden sie die erste und beste Sammlung dramati¬
2029 2230 3195 2288 sierter Aphorismen über das Verhältnis zwischen dem
2021 2270 3192 2335 Typus Anatol und dem Typus füßes Mädel. Herr Kra¬
2024 2324 3192 2380 mer ist der richtige Darsteller für den leichtsinnigen Me¬
2030 2377 3195 2441 lancholiker. Er hat die Leichtblütigkeit der Begeisterung
2027 2421 3198 2487 und den Schwung poetischer Verklärung, in der die gegen¬
2024 2478 3189 2536 wärtige Neigung immer alle Vergangenheit überstrahlt. Er
2027 2521 3195 2578 hat aber auch die Zweifelsucht des Grüblers, des Seelenken¬
2018 2575 3192 2632 ners, der von allen noch so süßen Beziehungen im voraus
2018 2625 3198 2681 ahnt, daß sie nicht von langem Bestande sein werden. So
2018 2669 3198 2726 mischter Schwermut mit Leichtsinn, Zweifel mit Begeiste¬
2018 2720 3189 2786 rung. Er zeigt uns mit allem Raffinement der Darstellung
2021 2765 3192 2823 diesen liebenswürdigen Plauderer, diesen Künstler der
2021 2808 3200 2874 Liebeslüge, der das Nichtwissen der Wahrheit vorzieht, den
2021 2862 3207 2922 der angenehme Schein über die Gewißheit ist; und der,
2021 2910 3189 2970 weil er zu klug ist, um nicht dies alles zu wissen, eine
2018 2962 3216 3014 Anflug von parodistischer Selbstverspottung sehen läßt. De¬
2027 3005 3186 3068 Einheitlichkeit dieser Gestalt hatte Frau Glöckner.
2021 3065 3194 3122 Kramer die Vielfältigkeit ihrer Aufgaben gegenüberzu¬
2021 3108 3192 3168 stellen. Fünf verschiedene Frauengestalten, verschieden nach
2018 3156 3189 3215 Milieu, Temperament und Bildung, einig nur in den
2024 3198 3188 3273 Grundinstinkten des Ewig=Weiblichen. Sie löste diese
2018 3247 3192 3328 Aufgaben nicht alle mit gleichem Glück. In der Szene
2018 3295 3182 3359 „Abschiedssouper z. B. nahm sie den Ton des Volksstückes
2024 3350 3189 3410 die Vergröberung der Züge an und störte dadurch ein
2018 3398 3197 3464 wenig den Stil Schnitzlers, der auch hier hätte gewahrt
2018 3448 3197 3504 werden müssen. Gut und sicher zeichnete sie dagegen die
2030 3498 3198 3569 Zirkusreiterin in „Episode" und die Ilona in „Hochzeits¬
2024 3551 3189 3604 morgen", obzwar man gerade hier an der Parallele mit
2018 3595 3192 3675 Frau Galafrès-Hubermann merken konnte, daß ihr die
2027 3637 3191 3706 letzten Verfeinerungen nicht gelangen. Sehr klug und distin¬
2027 3699 3183 3760 guiert gab sich ihre Gabriele in „Weihnachtseinkäufe", eine
2026 3742 3183 3811 Weltdame von vollendeter Vornehmheit, die beste Leistung
2027 3806 3185 3858 unter den fünf Frauengestalten. Als dritter fügte sich Herr
2018 3843 3189 3914 Lackner den Szenen ein, als Skeptiker und Spötter, als
2030 3888 3186 3957 scharfer Beobachter und Kenner menschlicher Unzulänglich¬
2023 3939 3189 4006 keit. Sein Witz war trocken und sarkastisch und kam wie
2024 3979 3189 4072 ohne Vorbereitung aus der Situation und dem Wort her¬
2021 4047 2121 4124 aus.
