3436 4352
1386 159 1750 262 box 9/4
667 181 782 258 to
974 175 1189 271 klu-
258 188 854 302 4.9. An
1082 251 1481 330 -
841 395 1195 492 Ausschnitt aus:
846 645 974 725 vom
913 844 1198 950 No DE DEBIT.
1263 918 1659 1025 FIGARO
715 974 950 1068 Extrait de
1079 1005 1753 1112 P. CHAMPS ÉLYSÉES 14, VII.
725 1104 902 1169 Adresse:
1180 1121 1698 1243 22 JANVIER 1932
719 1195 848 1261 Date
726 1292 961 1370 Signature
1932 1429 2478 1517 PROPOS
1163 1440 1851 1545 ECHOS ET
1138 1514 2520 1622 DEUX SILHOUETTES DE JEAN III AU THEATRE MICHEL
1991 2550 2436 2633 M. PIERRE FRESNAY
1416 2565 1586 2631 ALERME
1099 2675 2248 2771 LES GENERALES DE CE SOIR LORENZACCIO
1879 2756 2576 2802 Mlle Falconetti a obtenu, hier après¬
1132 2758 1825 2804 Nous donnons plus loin l'interprétation
1847 2790 2576 2843 midi, le plus vif succès dans sa composition
1097 2802 1816 2854 complète des deux pièces qui seront présen¬
1097 2830 2576 2902 tées ce soir à la presse. Des obligations pri¬ du rôle de Lorenzo ; le public ne ménagea
1095 2865 2574 2926 ses de part et d'autre n'ont pas permis aux pas ses applaudissements et sut également
1101 2906 2576 2959 deux directions de se mettre d'accord pour fort bien marquer le plaisir qu'il prenait au
1099 2944 2576 3011 que l'une d’elles, au moins, change la date de jeu de la jeune troupe de l'Odéon, qui en¬
1855 2987 2574 3048 tourait avec beaucoup de compréhension et
1097 2996 1460 3044 sa répétition générale,
1132 3024 2332 3079 A la Porte-Saint-Martin, on assistera donc de feu la brillante interprète.
1882 3042 2576 3112 M. Abram poursuit un effort qui lui vau-
1101 3072 1831 3129 à cet événement important qu'est la rentrée
1103 3098 2576 3160 au théâtre de M. René Benjamin. Nous faire certainement d'attirer dans son Odéon
1108 3131 2574 3199 sons volontiers confiance à cet écrivain, qui une clientèle de plus en plus nombreuse et
1855 3169 2566 3221 constante. Sa mise en scène était hier par
1103 3186 1825 3228 ne saurait concevoir rien de médiocre et dont
1101 3217 2572 3276 l'intelligente érudition est contrôlée par un faitement réussie et il a su ordonner, en va¬
1855 3247 2583 3297 riant le coloris des fonds, lors des différents
1097 3265 1761 3324 sens critique particulièrement développé.
1136 3287 2572 3345 — Vous serez étonné, disait-il dans une épisodes, des effets qui ont grandement servi
1106 3328 2574 3394 récente interview, que Paris n'ait quelque la présentation du chef-d'œuvre de Musset.
1106 3378 1823 3428 chose d'une satire politique ou sociale. J'y
1868 3376 2238 3472 MISE EN SCENE
1106 3411 1825 3474 montre deux classes s'affrontant : la classe
1106 3455 1833 3512 populaire et la classe bourgeoise, et je vou¬
1884 3468 2576 3525 Puisque nous en sommes à louer les efforts
1106 3492 1833 3558 drais avoir tiré de ce sujet connu.. et éternel
1858 3512 2570 3566 de certains directeurs pour un renouvelle¬
1104 3536 1512 3605 des situations originales
1851 3547 2576 3605 ment dans l'art de mettre en scène, empres¬
1858 3590 2576 3638 sons-nous de signaler l'agréable surprise qu'é¬
1855 3630 2572 3682 prouva, hier aussi, le public convié à la ré¬
1139 3660 2347 3726 A l'Avenue, c'est une adaptation qu'on pétition générale de l'Athénée.
1894 3678 2576 3761 Le décor du troisième acte, que manœu¬
1112 3715 1831 3774 nous offre, d'une pièce qui, alors que vivait
1112 3739 2585 3798 encore son auteur, fut très appréciée à vre une machinerie spéciale, représente un
1855 3780 2581 3831 coin de Côte d'Azur dont il semble, tant il
1117 3796 1239 3852 Vienne.
1858 3820 2576 3866 est exactement rendu, qu'on en respire le
1149 3817 1829 3883 On prend le soin d'ailleurs de nous rappe¬
1112 3852 2576 3914 ler que Anatole doit être considéré comme souffle et le parfum, Le procédé n’est pas
1108 3892 2581 3962 l'œuvre maîtresse de M. Schnitzer. « C'est une révélation, et nous avons déjà vu ail¬
1130 3936 2579 3997 — ajoute-t-on — une suite de petites scènes leurs des décors pivotants ; c'est surtout le
1114 3973 2576 4036 traitées avec une rare délicatesse et une goût parfait avec lequel ce procédé a été
1108 4018 2579 4078 douce ironie, dans lesquelles on voit un hom¬ utilisé par M. Rozenberg que nous enten¬
1855 4056 2452 4128 dons reconnaître. Robert Destez.
1108 4064 1772 4112 me courir vainement après l'amour... »
