3392 4256
1457 195 1813 282 box 9/2
1043 200 1265 291 klu-
343 197 835 288 4.9. Anato
707 356 1282 506 Wendtag.
540 523 698 567 -
611 584 1125 702 Bühne
769 684 1214 788 und Kunst
830 750 1509 871 Kammerspiele.
559 839 1532 934 Schnitzlers „Anatol“ ist vom Volkstheater in das pas¬
438 891 1544 954 sendere eine Haus übernommen und neu besetzt. Edthofer
444 939 1548 1011 spielt den Anatol: interessant und blaß und manchmal, so in den
441 970 1544 1040 „Weihnachtseinkäufen", ein Meister des Dialogs. Das Korrekte
439 1013 1550 1074 überwiegt allerdings das eigentlich Gestaltende. Herr Nowotny
441 1055 1545 1109 neben ihm als Max wohlgelaunt, aber nicht rassig genug.
446 1090 1550 1147 In dem Reigen der Damen ist Fräulein Waldow die
454 1131 1551 1194 flotteste und beste. „Anatol“ erweist sich immer mehr
447 1162 1558 1227 als poetischer Pradiesgarten für den Bougeois. Keine
446 1200 1553 1273 Beschwerung und Anstrengung mit ungerd Geistigen; dafür die
450 1235 1550 1312 anziehende Vorstellung von unendlichen erotischen Gelegenheiten
447 1279 1542 1343 und sexuellen Fähigkeiten. Anatol, seinem Freunde das Pate
450 1317 1556 1388 bringend, das unter koketten blauen Schleifen die zahlreichen
450 1354 1566 1419 etikettierten Liebesandenten enthält: dieser Herr mit dem Muster¬
454 1388 1556 1468 koffer ist der rechte Held für den Bourgeois. Die kleine Dosis der
450 1444 1561 1512 einzelnen Szene ist erträglich; die ganze lange Folge nicht.
1383 1471 1528 1526 M.
454 1490 1191 1578 Pierrot ist möglich; Anatol ist furchtbar.
496 1595 1419 1682 ueteres Wiener Extrablatt,
814 1665 1123 1742 Abendblatt
452 1685 701 1796 1918
581 1770 1454 1832 Kammerspiele. Schnitzlers unverblühter
471 1833 1447 1877 Einakterzyklus vom vielgeliebten, ebenden jungen
477 1858 1449 1912 Herrn „Anatol“ ist vom Weghuber=Park in die
471 1896 1449 1944 Rotenturmstraße gelangt. Den galanten Helden spielt
474 1936 1449 1991 nach Kramers Abgang Edthofer so anmutig, so
480 1981 1451 2029 geschmack und reizvoll mitten aus seiner natürlichsten
472 2010 1446 2071 Natur heraus, daß es eine Freude ist, ihm zu folgen. Den
468 2059 1449 2104 „Max, die zweite Stimme, hat jetzt Herr Nowotny,
471 2095 1447 2136 der seinen Part diskret raisonierend durchführt. Die
471 2122 1458 2172 beste der fünf Wonnespenderinnen war Fräulein
477 2159 1457 2241 Waldow. Es ward ihr nicht schwer gemacht,
476 2210 682 2271 es zu sein.
416 2309 1227 2413 10 Deutsches Tagblatt
413 2385 554 2443 .
679 2405 1254 2498 the Rundschau
893 2479 1028 2537 Wien
491 2536 1477 2640 Nen eingeht und in den Hauptrollen neu befest.
444 2581 1484 2684 würde gestern in den Kammerspielen des Deut¬
452 2641 1484 2717 schen Volkstheater der Einakterzyklus „Anatol“, ge¬
454 2689 1479 2753 geben. An Stelle Krämers, spielt sey Herr Ethofer
455 2722 1473 2792 den Titelhelden/ ten / liebenswürdig=Lichtsinnigen
454 2756 1469 2830 Wehmut, die ein Haupter dernis de Rolle ist, und
457 2804 1473 2865 man wunderte sich, daß er sich früher mit der Rolle des
449 2833 1471 2906 Mar bescheiden mußte, während er für die Darstellung
452 2874 1469 2947 des Anatol doch schon zur Zeit von Kramers Alleinherr¬
446 2907 1468 2981 schaft der Berufenste war. Es bedarf eben auch beim
449 2948 1458 3019 Theater oft der seltsamsten Umwege, damit der rechte
439 2994 1463 3059 Mann zur rechten Ausgabe komme. Neben Herrn Edhofer
439 3035 1458 3128 als Anatol fand auch Herr Nowotny als sein Freund
441 3062 862 3148 Max lebhaften Beifall.
510 3267 775 3363 24.10.1978
767 3374 1288 3504 Neuigkeits-Weltblatt. Die
528 3489 1488 3567 Kammerspiele. Der Abgang Kramers hat eine Neu¬
490 3560 1485 3610 besetzung der männlichen Hauptrolle in Schnitzlers
487 3600 1498 3645 Gnakterferie „Anal notwendig gerücht. Herr
480 3641 1488 3698 Edhofer spielt jest, den Anatol, aber es sei gleich
484 3679 1482 3736 gesagt — ohne die ringen an sein Vorbild ver¬
484 3722 1485 3767 drängen, ja zuweisen sogar, ohne ihm auch nur nahe
480 3761 1487 3815 kommen zu können. Dieses Genre liegt eben Herrn
487 3800 1482 3846 Edhofer nicht. Ausgezeichnet sind Marianne Nub, die
490 3835 1480 3884 die Anna im „Abschieds soupe mit einem entzücken¬
480 3874 1479 3923 den Humor spielt, und Lona Schmidt, die als Gabriele
485 3919 1487 3967 in „Weihnachtseinkäufe eine schöne Innigkeit
484 3956 1479 4007 entwickelt. Herr Nowotny, der Widerpart Anatols,
487 3996 1485 4041 hält den Lebemann Max auf dem Niveau eines reichen
490 4035 1436 4103 Fleischhauersohnes. Das wollte der Dichter gewiß nicht.
1312 4079 1443 4136 treu¬
2813 213 2999 268 ....
2411 258 2906 353 Morgens
2043 284 2509 398 2
1961 351 2509 430 wir den in
2060 380 3007 471 (Kleines Schauspielhaus.) Schnitzlers Anatol¬
1972 454 3060 518 Zyklus war seit mehreren Jahren von der hiesigen
2440 499 3056 553 Von den sieben Einaktern
1972 513 2400 570 Bühne verschwunden.
1975 547 3052 619 hatte man ehedem fünf ausgewählt, zierliche
1972 598 3007 655 Causerien, von bestrickend sein durchgearbeiteten
1966 639 3013 701 Dialog. Die Handlung ist unbedeutend, das Wort
1964 684 3007 747 ist alles. Es war ganz gut, daß man diesmal bloß
1969 731 2992 789 vier Stücke beibehielt und „Weihnachtseinkäufe
1975 786 3004 846 forließ, da in diesem Einakter die Handlung ge¬
1969 824 3015 876 radezu auf ein Nachts zusammenschrumpft. Von
1975 869 3007 929 schillender Dialektik ist „Die Frage an das Schick¬
1978 915 3008 975 sal", literarisch am wertvollsten vielleicht die „Epi¬
1975 962 3000 1019 fode", von lebhafter Regung das „Abschiedsouper
1969 1003 3007 1062 und voll gesteigerten übermuts „Anatols Hochzeits¬
1978 1051 3016 1109 morgen". Die vier Stücke, von Herrn Teller
1972 1093 3010 1153 stimmungsvoll inszeniert, fanden infolge des tref¬
1966 1142 3007 1202 lichen Zusammenspiels bei den Zuschauern allgemei¬
1966 1192 3004 1251 nen Beifall. Die Rolle des „Anatol“ hatte Herr
1969 1232 3004 1301 Götz inne; er füllte die selbe vollständig aus. Seine
1975 1285 3007 1353 Art, zu plaudern, elegante, ungezwungene Bewe¬
1978 1325 3013 1389 gungen, seine liebenswürdige, gesellschaftsgewandte
1975 1373 2882 1429 Weise lassen ihn für Gestalten wie „Anatol
1978 1414 3013 1490 sonders geeignet erscheinen. Nicht gering soll jedoch
1978 1465 3007 1528 auch Herr Stoffa eingeschätzt werden, dessen
1984 1506 2992 1578 „Max" die entsprechende Ergänzung zum „Anatol¬
1972 1551 3007 1618 abgab. Fräulein v. d. Hardt traf sowohl als
1972 1603 2996 1671 „Cora" wie als „Bianca die passende Linie, kla¬
1972 1641 3008 1703 und deutlich, ohne schärferen Strich, als es Roll¬
1978 1687 3015 1753 und Situation erfordern. In der richtigen, derberen
1975 1734 3000 1813 Form gestaltete Fräulein Bukovics ihre Aus¬
1981 1778 3008 1849 gabe; der kleine Spitz, den sich „Annie" antrant,
1981 1822 3015 1896 gebärdete sich sehr natürlich. Fräulein Garden
1966 1876 3013 1947 endlich stellte eine resolute, temperamentvolle
1975 1920 3000 2010 „Ilona" auf die Bühne. Sämtliche Darsteller wur¬
1975 1967 2506 2032 den beifällig ausgezeichnet.
2057 2014 3015 2092 (Aus der Theaterkanzlei.) Heute, Dienstag,
2766 2052 3010 2117 die Theater¬
1959 2271 2589 2470 -
2654 2328 2922 2429 21.1918
2296 2372 2479 2468 B
2000 2488 2589 2622 atol.
1991 2574 3078 2651 J. G. Den intimen, unverwelklichen Reizen der Anatol¬
1901 2627 3076 2687 Szenen gab die kultierte Kunst des Herrn Gotz einen fessein¬
1895 2666 3079 2737 den Mittelpunkt. Anatols Leitmotiv, rastlose erotische Unbefriedi¬
1910 2709 3073 2772 gung und nachdenksames Auskosten genossener oder künftiger
1904 2750 3090 2810 Zärtlichkeiten, durchtönt von der Freude an der Lebenslüge, ohne
1904 2786 3079 2851 die das Sein dieses leichtsinnigen Melancholkers jeden Halt ver¬
1899 2822 3085 2887 löre, gewann in der meisterlichen Herausarbeitung des Künstlers
1901 2865 3089 2931 liebenswürdige Menschlichkeit. Das Abenteuer seiner letzten Jung¬
1907 2906 3084 2972 gesellennacht ließ er in prächtig gespielter Selbstronie an sich
1910 2944 3082 3004 vorübertoben. Max, Anatols unzertrennlicher Freund ist ein sep¬
1910 2981 3089 3044 tisch=kritischer Verstandesmensch, der den Gefühlswert des tollen
1910 3032 3084 3092 Weiberchenreigens richtig einschätzt und in dessen gerühmter Satze
1915 3057 3082 3120 mit unfehlbarer Sicherheit den überwiegenden Saccharingehalt
1923 3098 3096 3166 feststellt. Der burschikose, lässige Ton, in dem Herr Stoffa
1881 3137 3145 3202 diesen Lebensphilosophen spielt, entspricht, so wirkungsvoll er an
1917 3232 3090 3306 sich sein mag, der Absicht Schnitzlers entschieden nicht. Die Cor¬
1920 3292 3087 3355 Frl. Hards ist um eine Schattierung zu gewichtig. Auch fehlt
1914 3330 3085 3386 ihr die Wiener Klangfarde, die gerade für dieses reizend dumme
1920 3367 3085 3429 Vorstadtslitscher unerläßlich ist. Dagegen war ihre Bianca sehr
1912 3413 3085 3473 echt auf den pathetisch angehauchten Allerweltston der Zirkus¬
1907 3448 3089 3506 leute gestimmt. Schlechthin vollendet Frl. Bukowics als Annie.
1914 3481 3095 3552 Da satz jeder Strich, jeder Ton. Schaudernd erkennt Anatol in
1909 3523 3092 3591 ihr den Tiefstand seiner Liste, als sich in ihrem beginnenden
1910 3566 3085 3634 Schwies die äußere Kulturschicht löst und die Hausmeisterische aus
1907 3602 3085 3663 Ottakring zum Vorschein kommt. Die temperamentvolle Ilona
1907 3635 3089 3706 Frl. Gardens, die bei der Dialektfärbung leider nur Paprika¬
1914 3689 3085 3747 ersatz erwischt hat, weiß diese Kulturschicht auch in der ärgsten
1909 3719 3082 3788 Erregung zu wahren. Sie zerschlägt nur Geschirr, Annie Illu¬
1920 3755 3089 3818 sionen. Daher wird die Gefühlsagonie Anatols für diese zur
1899 3791 3089 3862 Todesstarre, zu Ilona kehrt er gewiß zurück. Herr Keller hat
1904 3838 3087 3912 die vier Einakter dem kleinen Rahmen sehr geschickt angepaßt
1904 3882 2967 3972 und so strahlte von ihnen pruckende Unmittelbarkeit aus.
