3436 4320
1410 227 1769 336 box 8/5
290 238 1245 337 4.9. Anatol - Zyklus
841 765 1382 826 Madrid, Mann,
606 807 1522 889 ..... Paris, Rom, San Francisco, Stockholm, St. Peters¬
861 858 1130 911 burg, Toronto.
813 878 1176 954 ningabe ohne Gefahr.
455 942 837 1040 Ausschnitt aus
889 1012 1367 1131 liche hands
649 1089 1165 1217 1910
642 1247 1306 1339 Aus dem Kunstleben.
789 1318 1167 1394 Leling-Theater.
721 1372 1237 1449 Schnitzlers „Anatol“
474 1418 1561 1491 Wir waren bevelend jünger, als Artur Schnitzlers
389 1483 1568 1535 elegant melancholische Szenenreihe aus dem abenteuerreichen
395 1525 1569 1575 Dasein eines Wiener Don Juanito erschien. Aber grade darum
392 1569 1567 1614 dachten wir heut abend recht vergnügt die nachdenklichen
398 1611 1567 1656 Witze und heiteren Problemchen des fein unterhaltenden
392 1657 1567 1702 Buches im Theater zu genießen — zumal es noch immer
392 1700 1567 1754 eine Ausnahme ist, wenn Brahm die moderne Dramatik
389 1736 957 1797 auf die leichte Achsel nimmt.
477 1757 1575 1843 Es war auch zunächst sehr vergnüglich, den
389 1815 1562 1883 wegnerischen Lebenskünstler und Selbstbetrüger, seinen
386 1874 1569 1923 trockenen Freund und Szenenfüller Max und das eine oder
389 1917 1577 1977 andere Wegner Madl beisammen zu sehen und plauschen
392 1957 1572 2015 zu hören. Doch ließ die Freude bald nach, da die Geschichte
392 1999 1561 2054 im wesentlichen sich nur um sich selbst drehte, statt sie, vor¬
389 2047 1569 2097 wärts zu bewegen. Der Horizont ist zu eng, das psycho¬
401 2094 1575 2154 logisch Fesselnde zu zersplitternd fein für eine regelrechte
398 2133 664 2204 Abendfüllung.
477 2154 1572 2232 Dazu kommt wohl auch, daß die zwei bühnenwirksamsten
389 2220 1567 2283 der fünf Stücklein („Die Frage an das Schicksal" und „Das
395 2270 1572 2324 Abschiedssouper") längst, zusammen oder getrennt, über
389 2313 1567 2363 viele Bühnen gegangen sind, „Weihnachtseinkäufe und
415 2354 1567 2406 Episode sind doch gar zu dünn und handlungs¬
388 2396 1568 2457 los, um als dramatische Werke noch so kleinen
395 2443 1572 2491 Stils betrachtet werden zu können. Und zu Ehren
380 2475 1572 2543 des Dichters muß festgestellt werden, daß er das offenbar
395 2525 1569 2573 auch gar nicht beabsichtigte, als er in lyrisch-humoristisch¬
401 2573 1575 2631 sentimentalen Stunden der sachte schwindenden Jugend diese
395 2611 1575 2669 zurten Skizzen hinwarf. Im selben Maße, in dem sie dem
401 2656 1564 2717 derberen Wesen des Dramas oder dem lauten des Theaters
398 2706 1567 2757 sich nähern, im selben Maße müssen sie an ihrem eigensten
395 2750 840 2809 Raz Einbuße erleiden.
490 2766 1567 2846 Trotzdem eines ins andere gerechnet, ein recht unter¬
383 2830 1572 2894 Haltsamer Abend ward es doch noch. An drolligen
395 2885 1568 2940 Situationen und witzigen „Prägungen" blieb genug, um
398 2926 1571 2978 über mane Stellen immer wieder hinwegzukommen.
389 2968 1572 3020 Das Lessing=Theater hatte auch keine künstlerischen
389 3011 1577 3066 Kosten gescheut, um den „Anatol“ für die Bühne
392 3057 1572 3111 zu gewinnen. Die Regie Emil Lessings half tunlichst
395 3094 1572 3152 nach, allzu Schmächtiges durch Mimenkünste kräftiger
398 3139 1571 3194 erscheinen zu lassen. Heinz Monnard war im Wieneri¬
401 3189 1569 3239 schen wie im Selbstironischen des Lebemanns gelegent¬
398 3231 1572 3286 lich ein bißchen zu besorgt um deutliche Kund¬
398 3282 1572 3346 gebung der künstlerischen Absichten, hatte aber viele
392 3322 1569 3374 köstliche Momente und war der Verlebendigung
389 3359 1569 3411 des blassen Buch=Anatols im ganzen äußerst nützlich. Aus
398 3411 1577 3464 Max, dem Mann im Schatten, machte Emil Reichers
398 3451 1572 3502 launige Mimik erstaunlich viel. Und die Damen
1000 3488 1571 3549 Susin, Herterich
398 3491 939 3560 Somary, Lossen,
398 3534 1571 3586 und Triesch waren jede auf ihrem Posten ebenso reizend
392 3577 1569 3635 wie vortrefflich. Die beste Gelegenheit, sich auszuzeichnen,
395 3626 1575 3681 hatten dabei Mathilde Sussin und Irene Triesch, beide
389 3667 1578 3719 nutzten die Gelegenheit mit glücklicher Mischung von Können
1153 3713 1482 3790 Willy Rath.
392 3714 629 3790 und Laune.
2084 1503 2617 1564 in Bern, Basel,
2090 1526 3148 1599 Genf, Kopenhagen, London, Madrid, Mailand, Minneapols
2093 1592 3139 1657 New-York, Paris, Rom, San Francisco, Stockholm, St. Pet¬
2478 1632 2766 1687 burg, Toronto.
2432 1663 2837 1737 de des de
2090 1721 2448 1816 Ausschnitt aus:
2164 1792 2342 1880 12 1370
2090 1862 2215 1917 von:
2403 1834 3036 1950 Ostsee Zeitung, Stettu
2332 2002 2857 2116 Berliner Premieren.
2130 2096 3181 2191 ch. Berlin, 3. Dezember. (Tel.) Im Lessing=Theater
2008 2136 3178 2219 wurde heute abend der Schnitzlersche Anatole-Zyklus zum ersten
2014 2185 3176 2268 Male als Ganzes von den fünf Einaktern
2011 2223 3176 2319 gehören ja seit längerer Zeit zum ständigen Repertoire dieser und
2005 2270 3185 2357 anderer Bühnen. Sie waren auch heute der Mittelpunkt des
2009 2329 3170 2408 großen und bedingungslosen Erfolges, den die leicht und keck hin¬
2008 2363 3179 2445 geworfenen Genrebilder aus dem Liebesleben eines Jung¬
2002 2402 3175 2489 gesellen ernteten. Die Aufführung entsprach im allgemeinen dem
2006 2467 3182 2539 „Wiener Porzellangenre“, Herr Monnart als Anatole hatte
1999 2491 3172 2577 allerdings nichts Wienerisches, sondern höchstens ein bißchen
1993 2528 3172 2629 Wienchnerisches an sich und auch der Lebens= und Liebeskünstler
1996 2591 3166 2669 von Schnitzlers Gnaden hatte mehr Trottelhaftigkeit, als erlaubt
1996 2632 3166 2721 erschien. Auch Emanuel Reicher schien sich in der Rolle des
1993 2666 3169 2764 Dulders und vornehmen Zuschauers nicht sonderlich wohl zu
1992 2714 3167 2812 fühlen. Dafür waren die weiblichen Figuren sehr gut ver¬
1990 2756 3163 2843 treten. Fräulein Sussin gab im „Abschiedssouper ein
1990 2803 3163 2898 Kabinettstückchen sprudelnder Launen und Irene Treich war
1989 2863 3160 2952 am „Hochzeitsmorgen" eine temperamentvolle Geliebte von
1980 2883 2134 2961 gestern.
