<?xml version="1.0" encoding="UTF-8" standalone="yes"?>
<PcGts xmlns="http://schema.primaresearch.org/PAGE/gts/pagecontent/2013-07-15" xmlns:xsi="http://www.w3.org/2001/XMLSchema-instance" xsi:schemaLocation="http://schema.primaresearch.org/PAGE/gts/pagecontent/2013-07-15 http://schema.primaresearch.org/PAGE/gts/pagecontent/2013-07-15/pagecontent.xsd">
    <Metadata>
        <Creator>prov=READ-COOP:name=PyLaia@TranskribusPlatform:version=2.12.1:model_id=39995:lm=provided:date=29_03_2024_01:47</Creator>
        <Created>2019-10-07T11:50:04.503+02:00</Created>
        <LastChange>2024-03-29T01:47:01.342+01:00</LastChange>
        <TranskribusMetadata docId="223994" pageId="9504752" pageNr="169" tsid="156430221" status="IN_PROGRESS" userId="40391" imgUrl="https://files.transkribus.eu/Get?id=CKPEAKCISSXLWOVCTMZPYRFY&amp;fileType=view" xmlUrl="https://files.transkribus.eu/Get?id=SFWHOEAOSHSUCGJSQVRTWFPM" imageId="6194966"/>
    </Metadata>
    <Page imageFilename="223994_0169.jpeg" imageWidth="3296" imageHeight="4224">
        <ReadingOrder>
            <OrderedGroup id="ro_1712662520865" caption="Regions reading order">
                <RegionRefIndexed index="0" regionRef="tr_1"/>
                <RegionRefIndexed index="1" regionRef="tr_2"/>
                <RegionRefIndexed index="2" regionRef="tr_3"/>
            </OrderedGroup>
        </ReadingOrder>
        <TextRegion orientation="0.0" id="tr_1" custom="readingOrder {index:0;}">
            <Coords points="167,210 167,3810 1400,3810 1400,210"/>
            <TextLine id="tr_1_tl_1" custom="readingOrder {index:0;}">
                <Coords points="446,244 545,247 583,236 605,247 633,238 670,244 672,165 623,193 602,195 573,176 543,177 517,195 447,192"/>
                <Baseline points="456,236 483,233 510,233 537,235 565,233 592,232 619,230 646,230 674,232"/>
                <TextEquiv>
                    <Unicode>nato</Unicode>
                </TextEquiv>
            </TextLine>
            <TextLine id="tr_1_tl_2" custom="readingOrder {index:1;}">
                <Coords points="162,278 307,247 419,266 415,176 368,192 306,170 224,192 189,179 158,186"/>
                <Baseline points="167,232 192,235 217,238 242,238 268,238 293,238 318,239 344,241 369,244 394,247 420,244"/>
                <TextEquiv>
                    <Unicode>4.9.</Unicode>
                </TextEquiv>
            </TextLine>
            <TextLine id="tr_1_tl_3" custom="readingOrder {index:2;}">
                <Coords points="617,283 706,266 849,288 961,258 1064,272 1069,182 1054,176 1023,189 985,171 839,177 756,226 620,236"/>
                <Baseline points="626,253 652,253 678,253 704,253 730,253 756,253 782,252 808,247 834,243 861,240 887,238 913,238 939,239 965,240 991,239 1017,238 1043,238 1070,239"/>
                <TextEquiv>
                    <Unicode>Zyklu-</Unicode>
                </TextEquiv>
            </TextLine>
            <TextLine id="tr_1_tl_4" custom="readingOrder {index:3;}">
                <Coords points="328,678 611,678 608,583 561,604 543,596 508,608 428,579 384,601 345,604 325,593"/>
                <Baseline points="334,641 359,641 384,641 410,641 435,642 461,644 486,644 512,644 537,646 563,647 588,647 614,647"/>
                <TextEquiv>
                    <Unicode>Wenden!</Unicode>
                </TextEquiv>
            </TextLine>
            <TextLine id="tr_1_tl_5" custom="readingOrder {index:4;}">
                <Coords points="847,676 884,686 908,675 967,686 1193,682 1193,626 1177,620 1082,607 1047,619 979,611 958,623 906,598 847,608"/>
                <Baseline points="856,647 882,649 908,650 934,650 960,651 987,653 1013,653 1039,653 1065,653 1092,652 1118,650 1144,651 1170,653 1197,650"/>
                <TextEquiv>
                    <Unicode>Telephon 12801.</Unicode>
                </TextEquiv>
            </TextLine>
            <TextLine id="tr_1_tl_6" custom="readingOrder {index:5;}">
                <Coords points="1095,765 1107,765 1123,753 1138,748 1149,750 1157,743 1169,753 1197,746 1199,701 1187,701 1181,695 1168,701 1157,691 1143,695 1112,679 1097,681"/>
                <Baseline points="1104,740 1136,740 1168,739 1200,740"/>
                <TextEquiv>
                    <Unicode>66</Unicode>
                </TextEquiv>
            </TextLine>
            <TextLine id="tr_1_tl_7" custom="readingOrder {index:6;}">
                <Coords points="317,837 480,794 526,819 760,794 874,816 936,790 1122,815 1122,747 1088,741 982,778 317,748"/>
                <Baseline points="325,805 365,799 405,788 445,783 485,784 525,785 565,785 605,785 645,785 685,786 725,788 765,785 805,785 845,790 885,787 925,787 965,788 1005,789 1045,791 1085,792 1125,794"/>
                <TextEquiv>
                    <Unicode>„OBSERVER</Unicode>
                </TextEquiv>
            </TextLine>
            <TextLine id="tr_1_tl_8" custom="readingOrder {index:7;}">
                <Coords points="387,856 744,849 802,878 1131,859 1129,815 1050,803 936,827 385,799"/>
                <Baseline points="394,847 431,847 468,847 505,847 542,847 579,847 616,847 653,847 690,847 727,847 764,848 801,850 838,850 875,850 912,850 949,850 986,851 1023,853 1060,853 1097,853 1134,853"/>
                <TextEquiv>
                    <Unicode>I. österr. behördl. konz. Unternehmen</Unicode>
                </TextEquiv>
            </TextLine>
            <TextLine id="tr_1_tl_9" custom="readingOrder {index:8;}">
                <Coords points="316,899 1187,909 1185,855 799,877 743,850 562,870 314,839"/>
                <Baseline points="322,883 365,883 408,886 452,889 495,889 539,889 582,889 626,889 669,889 713,889 756,889 799,889 843,891 886,890 930,891 973,892 1017,892 1060,893 1104,895 1147,895 1191,895"/>
                <TextEquiv>
                    <Unicode>für Zeitungs-Ausschnitte und Bibliographion</Unicode>
                </TextEquiv>
            </TextLine>
            <TextLine id="tr_1_tl_10" custom="readingOrder {index:9;}">
                <Coords points="350,974 481,971 523,1002 673,968 1157,989 1157,914 1088,937 974,905 675,899 526,929 350,905"/>
                <Baseline points="358,955 398,958 438,963 478,964 518,964 558,964 598,964 639,965 679,967 719,967 759,964 799,967 839,967 879,967 920,969 960,970 1000,970 1040,970 1080,970 1120,967 1161,967"/>
                <TextEquiv>
                    <Unicode>Wien, I. Concordiaplatz 4</Unicode>
                </TextEquiv>
            </TextLine>
            <TextLine id="tr_1_tl_11" custom="readingOrder {index:10;}">
                <Coords points="592,1032 827,1036 849,1050 890,1033 939,1036 937,994 867,977 722,1002 669,976 638,991 590,989"/>
                <Baseline points="600,1017 626,1019 652,1021 679,1022 705,1023 731,1023 758,1025 784,1026 811,1026 837,1026 863,1026 890,1026 916,1026 943,1026"/>
                <TextEquiv>
                    <Unicode>Vertretungen</Unicode>
                </TextEquiv>
            </TextLine>
            <TextLine id="tr_1_tl_12" custom="readingOrder {index:11;}">
                <Coords points="314,1084 865,1073 1050,1103 1098,1076 1187,1095 1187,1044 313,1036"/>
                <Baseline points="322,1068 365,1068 408,1068 452,1068 495,1068 539,1071 582,1071 626,1071 669,1073 713,1072 756,1071 799,1071 843,1071 886,1073 930,1074 973,1074 1017,1076 1060,1076 1104,1074 1147,1077 1191,1080"/>
                <TextEquiv>
                    <Unicode>in Berlin, Budapest, Chicago, Christiania, Genf,</Unicode>
                </TextEquiv>
            </TextLine>
            <TextLine id="tr_1_tl_13" custom="readingOrder {index:12;}">
                <Coords points="309,1122 1187,1137 1185,1094 307,1082"/>
                <Baseline points="316,1110 359,1110 403,1110 447,1110 491,1107 534,1110 578,1110 622,1110 666,1110 709,1110 753,1110 797,1110 841,1112 884,1113 928,1113 972,1113 1016,1115 1059,1114 1103,1113 1147,1113 1191,1113"/>
                <TextEquiv>
                    <Unicode>Kopenhagen, London, Madrid, Mailand, Minne¬</Unicode>
                </TextEquiv>
            </TextLine>
            <TextLine id="tr_1_tl_14" custom="readingOrder {index:13;}">
                <Coords points="320,1177 663,1147 1193,1185 1193,1129 1120,1122 320,1120"/>
                <Baseline points="328,1149 371,1149 414,1149 458,1149 501,1146 545,1146 588,1148 632,1147 675,1148 719,1149 762,1149 805,1149 849,1151 892,1152 936,1152 979,1152 1023,1154 1066,1155 1110,1155 1153,1156 1197,1158"/>
                <TextEquiv>
                    <Unicode>polis, New-York, Paris, Rom, San Francisco,</Unicode>
                </TextEquiv>
            </TextLine>
            <TextLine id="tr_1_tl_15" custom="readingOrder {index:14;}">
                <Coords points="511,1218 626,1197 751,1208 784,1191 985,1218 970,1159 709,1169 537,1150 509,1163"/>
                <Baseline points="519,1188 545,1188 571,1188 597,1188 623,1188 649,1188 675,1188 701,1188 727,1188 753,1189 779,1190 805,1191 831,1191 857,1191 883,1191 909,1191 935,1192 961,1194 988,1197"/>
                <TextEquiv>
                    <Unicode>Stockholm, St. Petersburg.</Unicode>
                </TextEquiv>
            </TextLine>
            <TextLine id="tr_1_tl_16" custom="readingOrder {index:15;}">
                <Coords points="523,1259 955,1265 979,1262 979,1213 855,1205 819,1221 716,1200 644,1221 521,1205"/>
                <Baseline points="531,1241 556,1239 581,1238 606,1240 631,1241 656,1241 681,1241 706,1241 731,1241 756,1241 781,1241 806,1241 831,1241 856,1242 881,1243 906,1244 931,1244 956,1245 982,1244"/>
                <TextEquiv>
                    <Unicode>Quellenangabe ohne Gewähr.)</Unicode>
                </TextEquiv>
            </TextLine>
            <TextLine id="tr_1_tl_17" custom="readingOrder {index:16;}">
                <Coords points="309,1327 379,1332 400,1351 431,1333 524,1335 564,1351 658,1336 658,1295 598,1268 567,1287 528,1271 492,1287 412,1262 371,1280 307,1280"/>
                <Baseline points="316,1319 342,1319 369,1319 395,1319 422,1319 449,1319 475,1319 502,1319 528,1319 555,1320 582,1322 608,1322 635,1323 662,1328"/>
                <TextEquiv>
                    <Unicode>Ausschnitt aus</Unicode>
                </TextEquiv>
            </TextLine>
            <TextLine id="tr_1_tl_18" custom="readingOrder {index:17;}">
                <Coords points="559,1374 1064,1385 1193,1357 1184,1281 1019,1298 769,1278 642,1339 561,1330"/>
                <Baseline points="567,1367 598,1365 630,1363 661,1361 693,1361 724,1360 756,1358 787,1358 819,1358 850,1358 882,1358 913,1356 945,1354 976,1352 1008,1354 1039,1355 1071,1354 1102,1352 1134,1352 1165,1351 1197,1349"/>
                <TextEquiv>
                    <Unicode>Tägliche Rundschau, er</Unicode>
                </TextEquiv>
            </TextLine>
            <TextLine id="tr_1_tl_19" custom="readingOrder {index:18;}">
                <Coords points="316,1457 357,1475 500,1451 530,1467 633,1453 753,1479 756,1373 611,1383 455,1358 422,1377 399,1364 319,1379"/>
                <Baseline points="325,1441 350,1438 375,1438 401,1438 426,1434 452,1431 477,1430 503,1428 528,1426 554,1427 579,1429 605,1429 630,1429 656,1427 681,1426 707,1426 732,1427 758,1429"/>
                <TextEquiv>
                    <Unicode>vom 26. 19</Unicode>
                </TextEquiv>
            </TextLine>
            <TextLine id="tr_1_tl_20" custom="readingOrder {index:19;}">
                <Coords points="475,1563 624,1549 666,1571 722,1549 763,1566 836,1544 890,1566 1017,1540 1073,1556 1084,1485 850,1464 797,1490 722,1470 678,1485 590,1461 477,1479"/>
                <Baseline points="483,1534 513,1536 543,1537 573,1537 603,1537 633,1537 663,1537 694,1537 724,1537 754,1537 784,1537 814,1537 844,1537 874,1535 905,1533 935,1531 965,1531 995,1531 1025,1531 1055,1533 1086,1534"/>
                <TextEquiv>
                    <Unicode>Theater und Musik.</Unicode>
                </TextEquiv>
            </TextLine>
            <TextLine id="tr_1_tl_21" custom="readingOrder {index:20;}">
                <Coords points="275,1611 1352,1599 1352,1537 1314,1529 1110,1569 382,1568 276,1523"/>
                <Baseline points="283,1600 336,1600 390,1600 443,1600 497,1600 551,1600 604,1600 658,1600 711,1600 765,1598 819,1597 872,1598 926,1599 979,1597 1033,1595 1087,1594 1140,1591 1194,1590 1247,1588 1301,1588 1355,1585"/>
                <TextEquiv>
                    <Unicode>Aus München wird uns geschrieben: Nicht hohe</Unicode>
                </TextEquiv>
            </TextLine>
            <TextLine id="tr_1_tl_22" custom="readingOrder {index:21;}">
                <Coords points="189,1662 1351,1646 1352,1599 189,1616"/>
                <Baseline points="197,1644 254,1646 312,1644 370,1644 428,1644 486,1644 544,1641 602,1643 660,1641 718,1641 776,1641 833,1641 891,1641 949,1638 1007,1638 1065,1638 1123,1636 1181,1632 1239,1629 1297,1629 1355,1626"/>
                <TextEquiv>
                    <Unicode>Kunstfeiern und dramatische Tempelweihen halten das</Unicode>
                </TextEquiv>
            </TextLine>
            <TextLine id="tr_1_tl_23" custom="readingOrder {index:22;}">
                <Coords points="193,1714 1358,1687 1358,1643 1277,1636 193,1652"/>
                <Baseline points="202,1689 263,1689 324,1689 385,1688 446,1688 507,1686 568,1689 629,1687 690,1686 751,1685 812,1683 873,1683 934,1683 995,1683 1056,1680 1117,1680 1178,1677 1239,1676 1300,1674 1361,1671"/>
                <TextEquiv>
                    <Unicode>Publikum der frommen bayerischen Kunststadt zusammen</Unicode>
                </TextEquiv>
            </TextLine>
            <TextLine id="tr_1_tl_24" custom="readingOrder {index:23;}">
                <Coords points="189,1746 1357,1729 1317,1681 190,1714"/>
                <Baseline points="197,1731 255,1733 313,1731 371,1734 429,1731 488,1731 546,1731 604,1731 662,1731 720,1729 779,1728 837,1727 895,1727 953,1728 1011,1725 1070,1725 1128,1723 1186,1722 1244,1719 1302,1719 1361,1719"/>
                <TextEquiv>
                    <Unicode>und treiben es trotz aller Frühlingslockungen in die dumpfen</Unicode>
                </TextEquiv>
            </TextLine>
            <TextLine id="tr_1_tl_25" custom="readingOrder {index:24;}">
                <Coords points="193,1782 1011,1798 1354,1770 1355,1729 193,1739"/>
                <Baseline points="202,1770 259,1776 317,1776 375,1776 433,1776 491,1776 548,1776 606,1775 664,1773 722,1773 780,1773 837,1773 895,1771 953,1770 1011,1767 1069,1767 1126,1765 1184,1766 1242,1761 1300,1761 1358,1761"/>
                <TextEquiv>
                    <Unicode>Schauhäuser, sondern die Gier nach Theatervergnügen und</Unicode>
                </TextEquiv>
            </TextLine>
            <TextLine id="tr_1_tl_26" custom="readingOrder {index:25;}">
                <Coords points="189,1835 1357,1820 1335,1769 190,1785"/>
                <Baseline points="197,1820 255,1820 313,1820 371,1820 429,1820 488,1820 546,1818 604,1817 662,1817 720,1817 779,1817 837,1814 895,1814 953,1811 1011,1809 1070,1809 1128,1809 1186,1809 1244,1806 1302,1806 1361,1809"/>
                <TextEquiv>
                    <Unicode>künstlerisch frisierter Kurzweil. Daraus erklärt sich auch,</Unicode>
                </TextEquiv>
            </TextLine>
            <TextLine id="tr_1_tl_27" custom="readingOrder {index:26;}">
                <Coords points="196,1869 1357,1866 1357,1820 1246,1810 196,1832"/>
                <Baseline points="205,1865 262,1864 320,1862 378,1862 436,1862 494,1862 551,1862 609,1862 667,1860 725,1859 783,1859 840,1858 898,1856 956,1856 1014,1855 1072,1853 1129,1851 1187,1850 1245,1850 1303,1850 1361,1847"/>
                <TextEquiv>
                    <Unicode>daß jene Geschäftstheater stets die vollsten Häuser und den</Unicode>
                </TextEquiv>
            </TextLine>
            <TextLine id="tr_1_tl_28" custom="readingOrder {index:27;}">
                <Coords points="202,1919 1363,1904 1363,1865 1289,1856 202,1872"/>
                <Baseline points="211,1907 268,1907 326,1907 384,1907 442,1907 500,1907 557,1907 615,1904 673,1906 731,1902 789,1904 846,1903 904,1901 962,1898 1020,1900 1078,1898 1135,1898 1193,1895 1251,1892 1309,1892 1367,1892"/>
                <TextEquiv>
                    <Unicode>fröhlichsten Beifall haben, die in eleganter darstellerischer</Unicode>
                </TextEquiv>
            </TextLine>
            <TextLine id="tr_1_tl_29" custom="readingOrder {index:28;}">
                <Coords points="193,1972 1360,1947 1332,1901 195,1916"/>
                <Baseline points="202,1952 260,1952 318,1952 376,1952 434,1954 492,1952 550,1954 608,1952 666,1949 724,1949 783,1949 841,1946 899,1946 957,1943 1015,1941 1073,1941 1131,1940 1189,1940 1247,1937 1305,1937 1364,1931"/>
                <TextEquiv>
                    <Unicode>Aufmachung die geringsten Ansprüche an den Kunst¬</Unicode>
                </TextEquiv>
            </TextLine>
            <TextLine id="tr_1_tl_30" custom="readingOrder {index:29;}">
                <Coords points="193,2008 1360,1994 1360,1947 1212,1938 193,1972"/>
                <Baseline points="202,2000 260,1997 318,1997 376,1997 434,1995 492,1995 550,1994 608,1996 666,1992 724,1992 783,1991 841,1990 899,1988 957,1988 1015,1987 1073,1983 1131,1982 1189,1979 1247,1982 1305,1982 1364,1982"/>
                <TextEquiv>
                    <Unicode>geist ihrer Kundschaft stellen. Die französischen Genüsse,</Unicode>
                </TextEquiv>
            </TextLine>
            <TextLine id="tr_1_tl_31" custom="readingOrder {index:30;}">
                <Coords points="196,2051 1368,2046 1343,1989 196,2009"/>
                <Baseline points="205,2041 263,2038 321,2040 379,2038 438,2036 496,2038 554,2038 612,2035 671,2035 729,2035 787,2035 845,2031 904,2031 962,2032 1020,2029 1078,2029 1137,2027 1195,2023 1253,2025 1311,2025 1370,2026"/>
                <TextEquiv>
                    <Unicode>die Herr Stollberg in seinem Schauspielhause serviert,</Unicode>
                </TextEquiv>
            </TextLine>
            <TextLine id="tr_1_tl_32" custom="readingOrder {index:31;}">
                <Coords points="199,2096 1357,2082 1335,2031 199,2049"/>
                <Baseline points="208,2083 265,2083 323,2083 380,2083 438,2083 496,2081 553,2080 611,2080 669,2080 726,2080 784,2077 842,2076 899,2076 957,2074 1015,2073 1072,2073 1130,2069 1188,2071 1245,2070 1303,2068 1361,2065"/>
                <TextEquiv>
                    <Unicode>finden dankbareren Zuspruch, als seine Versuche, ernsthafte</Unicode>
                </TextEquiv>
            </TextLine>
            <TextLine id="tr_1_tl_33" custom="readingOrder {index:32;}">
                <Coords points="193,2129 1366,2126 1367,2084 1306,2080 195,2101"/>
                <Baseline points="202,2128 260,2128 318,2128 377,2128 435,2128 494,2126 552,2126 610,2125 669,2125 727,2125 786,2125 844,2121 902,2121 961,2119 1019,2118 1078,2116 1136,2116 1194,2113 1253,2113 1311,2113 1370,2110"/>
                <TextEquiv>
                    <Unicode>Dichtergaben absatzfähig zu machen. Nun hat er zum</Unicode>
                </TextEquiv>
            </TextLine>
            <TextLine id="tr_1_tl_34" custom="readingOrder {index:33;}">
                <Coords points="198,2182 1364,2164 1326,2118 199,2136"/>
                <Baseline points="208,2173 269,2173 330,2173 391,2170 452,2170 513,2170 574,2167 635,2167 696,2170 757,2169 818,2165 879,2164 940,2164 1001,2161 1062,2158 1123,2158 1184,2155 1245,2155 1306,2155 1367,2155"/>
                <TextEquiv>
                    <Unicode>erstenmal Artur Schnitzlers Anatol-Scherze in</Unicode>
                </TextEquiv>
            </TextLine>
            <TextLine id="tr_1_tl_35" custom="readingOrder {index:34;}">
                <Coords points="196,2231 1239,2219 1368,2210 1370,2166 196,2180"/>
                <Baseline points="205,2217 263,2215 321,2217 379,2214 438,2214 496,2214 554,2212 612,2212 671,2212 729,2212 787,2209 845,2209 904,2207 962,2206 1020,2204 1078,2205 1137,2201 1195,2203 1253,2202 1311,2200 1370,2203"/>
                <TextEquiv>
                    <Unicode>lückenloser Reihe vorgeführt, fünf Einakter an einem Abend!</Unicode>
                </TextEquiv>
            </TextLine>
            <TextLine id="tr_1_tl_36" custom="readingOrder {index:35;}">
                <Coords points="216,2270 1370,2253 1348,2206 216,2241"/>
                <Baseline points="223,2259 280,2258 338,2259 395,2256 453,2256 510,2256 568,2256 625,2257 683,2257 740,2256 798,2253 855,2253 913,2250 970,2250 1028,2247 1085,2247 1143,2247 1200,2244 1258,2242 1315,2244 1373,2241"/>
                <TextEquiv>
                    <Unicode>— und er hat damit glänzenden Erfolg gehabt. Die</Unicode>
                </TextEquiv>
            </TextLine>
            <TextLine id="tr_1_tl_37" custom="readingOrder {index:36;}">
                <Coords points="193,2318 1360,2301 1360,2257 1280,2248 195,2265"/>
                <Baseline points="202,2304 260,2304 318,2304 376,2301 434,2299 492,2301 550,2301 608,2301 666,2298 724,2298 783,2298 841,2297 899,2295 957,2292 1015,2291 1073,2289 1131,2289 1189,2289 1247,2289 1305,2289 1364,2283"/>
                <TextEquiv>
                    <Unicode>wegnerischen Amouren des melancholischen Schürzenjägers</Unicode>
                </TextEquiv>
            </TextLine>
            <TextLine id="tr_1_tl_38" custom="readingOrder {index:37;}">
                <Coords points="199,2350 1371,2335 1371,2297 1064,2288 199,2310"/>
                <Baseline points="208,2346 266,2347 324,2347 382,2346 441,2346 499,2345 557,2343 615,2343 674,2342 732,2340 790,2340 848,2340 907,2340 965,2337 1023,2334 1081,2334 1140,2334 1198,2334 1256,2331 1314,2329 1373,2328"/>
                <TextEquiv>
                    <Unicode>Anatol und seines Freundes Max, die trotz ihres Österreicher¬</Unicode>
                </TextEquiv>
            </TextLine>
            <TextLine id="tr_1_tl_39" custom="readingOrder {index:38;}">
                <Coords points="196,2402 1373,2387 1354,2332 198,2350"/>
                <Baseline points="205,2391 263,2391 322,2391 380,2386 439,2388 497,2390 556,2388 614,2388 673,2387 731,2383 790,2382 849,2384 907,2380 966,2379 1024,2379 1083,2379 1141,2377 1200,2376 1258,2373 1317,2375 1376,2373"/>
                <TextEquiv>
                    <Unicode>tums so viel pariserische Boulevard Dekadenz im Leibe</Unicode>
                </TextEquiv>
            </TextLine>
            <TextLine id="tr_1_tl_40" custom="readingOrder {index:39;}">
                <Coords points="199,2440 1371,2436 1342,2381 201,2400"/>
                <Baseline points="208,2435 266,2434 324,2430 383,2431 441,2432 500,2430 558,2430 616,2432 675,2428 733,2428 792,2426 850,2425 908,2425 967,2423 1025,2423 1084,2422 1142,2420 1200,2417 1259,2417 1317,2417 1376,2417"/>
                <TextEquiv>
                    <Unicode>haben, rufen in München helles Entzücken hervor. Die</Unicode>
                </TextEquiv>
            </TextLine>
            <TextLine id="tr_1_tl_41" custom="readingOrder {index:40;}">
                <Coords points="199,2485 1373,2486 1374,2436 199,2440"/>
                <Baseline points="208,2477 266,2479 324,2477 383,2477 441,2477 500,2474 558,2474 616,2474 675,2474 733,2474 792,2471 850,2470 908,2468 967,2465 1025,2468 1084,2465 1142,2462 1200,2462 1259,2462 1317,2464 1376,2465"/>
                <TextEquiv>
                    <Unicode>Anatol-Rolle ist Herrn Waldau wie auf den Leib geschrieben,</Unicode>
                </TextEquiv>
            </TextLine>
            <TextLine id="tr_1_tl_42" custom="readingOrder {index:41;}">
                <Coords points="202,2541 1343,2524 1368,2479 202,2485"/>
                <Baseline points="211,2525 272,2522 333,2522 394,2521 455,2518 516,2519 577,2519 638,2519 699,2516 760,2515 821,2513 882,2513 943,2513 1004,2510 1065,2510 1126,2508 1187,2507 1248,2507 1309,2507 1370,2504"/>
                <TextEquiv>
                    <Unicode>sagen die Bewunderer dieses liebenswürdigen Künstler¬</Unicode>
                </TextEquiv>
            </TextLine>
            <TextLine id="tr_1_tl_43" custom="readingOrder {index:42;}">
                <Coords points="202,2585 1368,2570 1361,2511 204,2539"/>
                <Baseline points="211,2567 269,2567 327,2565 385,2564 443,2564 501,2564 559,2564 617,2564 675,2561 733,2561 792,2561 850,2560 908,2558 966,2558 1024,2555 1082,2555 1140,2550 1198,2549 1256,2549 1314,2551 1373,2549"/>
                <TextEquiv>
                    <Unicode>Schwerenters, den München nächstens an die Burg</Unicode>
                </TextEquiv>
            </TextLine>
            <TextLine id="tr_1_tl_44" custom="readingOrder {index:43;}">
                <Coords points="204,2626 1370,2607 1370,2570 1246,2549 205,2585"/>
                <Baseline points="214,2612 275,2612 336,2612 397,2609 458,2609 519,2609 580,2606 641,2606 702,2609 763,2606 824,2604 885,2602 946,2598 1007,2600 1068,2597 1129,2595 1190,2591 1251,2595 1312,2595 1373,2591"/>
                <TextEquiv>
                    <Unicode>nach Wien abgeben muß. In die Wonnen des Anatol¬</Unicode>
                </TextEquiv>
            </TextLine>
            <TextLine id="tr_1_tl_45" custom="readingOrder {index:44;}">
                <Coords points="208,2665 1368,2659 1370,2607 1267,2603 210,2622"/>
                <Baseline points="217,2653 274,2653 332,2653 390,2653 448,2650 506,2652 563,2650 621,2650 679,2650 737,2648 795,2644 852,2646 910,2644 968,2641 1026,2643 1084,2639 1141,2638 1199,2638 1257,2638 1315,2638 1373,2638"/>
                <TextEquiv>
                    <Unicode>Spiels mischte sich schon ein Tropfen Abschiedsschmerz.</Unicode>
                </TextEquiv>
            </TextLine>
            <TextLine id="tr_1_tl_46" custom="readingOrder {index:45;}">
                <Coords points="199,2712 1367,2684 1329,2645 201,2660"/>
                <Baseline points="208,2698 266,2697 324,2699 382,2698 440,2697 498,2695 556,2695 614,2695 672,2692 730,2691 789,2692 847,2689 905,2689 963,2686 1021,2686 1079,2686 1137,2684 1195,2680 1253,2683 1311,2683 1370,2680"/>
                <TextEquiv>
                    <Unicode>Das Famoseste an diesem vollkommenen Anatol¬</Unicode>
                </TextEquiv>
            </TextLine>
            <TextLine id="tr_1_tl_47" custom="readingOrder {index:46;}">
                <Coords points="208,2752 1312,2747 1367,2740 1368,2684 208,2710"/>
                <Baseline points="217,2740 274,2743 332,2741 389,2740 447,2740 505,2740 562,2740 620,2737 678,2735 735,2736 793,2734 851,2734 908,2732 966,2731 1024,2730 1081,2728 1139,2725 1197,2725 1254,2726 1312,2728 1370,2731"/>
                <TextEquiv>
                    <Unicode>Reigen war aber für die kunstbegeisterten Stollberg-Kunden,</Unicode>
                </TextEquiv>
            </TextLine>
            <TextLine id="tr_1_tl_48" custom="readingOrder {index:47;}">
                <Coords points="199,2793 1366,2783 1367,2738 1143,2731 201,2756"/>
                <Baseline points="208,2785 266,2788 324,2786 382,2785 440,2784 498,2782 556,2782 614,2782 672,2781 730,2779 789,2779 847,2779 905,2777 963,2776 1021,2773 1079,2771 1137,2770 1195,2773 1253,2770 1311,2770 1370,2773"/>
                <TextEquiv>
                    <Unicode>daß sie förmlich Parade über die sämtlichen Liebhaberinnen,</Unicode>
                </TextEquiv>
            </TextLine>
            <TextLine id="tr_1_tl_49" custom="readingOrder {index:48;}">
                <Coords points="199,2839 1364,2831 1377,2783 199,2799"/>
                <Baseline points="208,2829 266,2829 325,2829 383,2827 442,2823 500,2826 559,2824 617,2823 676,2823 734,2823 793,2823 852,2820 910,2820 969,2817 1027,2819 1086,2815 1144,2813 1203,2815 1261,2812 1320,2814 1379,2812"/>
                <TextEquiv>
                    <Unicode>des Hauses abnehmen konnten: in den fünf Einaktern</Unicode>
                </TextEquiv>
            </TextLine>
            <TextLine id="tr_1_tl_50" custom="readingOrder {index:49;}">
                <Coords points="205,2885 1215,2880 1374,2865 1376,2824 207,2842"/>
                <Baseline points="214,2874 272,2873 330,2869 388,2871 447,2871 505,2871 563,2869 621,2868 680,2867 738,2867 796,2865 854,2865 913,2865 971,2862 1029,2861 1087,2858 1146,2856 1204,2859 1262,2858 1320,2856 1379,2859"/>
                <TextEquiv>
                    <Unicode>tanzten der Reihe nach ihre ausgesuchtesten Spezialitäten</Unicode>
                </TextEquiv>
            </TextLine>
            <TextLine id="tr_1_tl_51" custom="readingOrder {index:50;}">
                <Coords points="202,2926 1376,2911 1376,2864 202,2886"/>
                <Baseline points="211,2919 269,2916 327,2916 386,2914 444,2913 503,2915 561,2913 619,2913 678,2911 736,2911 795,2910 853,2909 911,2905 970,2904 1028,2904 1087,2904 1145,2904 1203,2904 1262,2901 1320,2903 1379,2901"/>
                <TextEquiv>
                    <Unicode>vor die Damen Thea Steinbrecher, Eva Landing, Ottilie</Unicode>
                </TextEquiv>
            </TextLine>
            <TextLine id="tr_1_tl_52" custom="readingOrder {index:51;}">
                <Coords points="213,2976 1364,2961 1382,2914 214,2929"/>
                <Baseline points="220,2961 278,2961 336,2961 394,2958 453,2960 511,2958 569,2956 627,2955 686,2955 744,2955 802,2955 860,2952 919,2950 977,2946 1035,2949 1093,2949 1152,2944 1210,2943 1268,2941 1326,2945 1385,2943"/>
                <TextEquiv>
                    <Unicode>Gerhäuser, Lina Woiwode und Fritzi Schaffer. Die Kritik</Unicode>
                </TextEquiv>
            </TextLine>
            <TextLine id="tr_1_tl_53" custom="readingOrder {index:52;}">
                <Coords points="208,3022 1224,3015 1380,2998 1382,2958 208,2976"/>
                <Baseline points="217,3006 275,3006 333,3006 391,3003 450,3003 508,3003 566,3001 624,3003 683,3000 741,3000 799,2997 857,2997 916,2995 974,2994 1032,2992 1090,2993 1149,2989 1207,2988 1265,2989 1323,2989 1382,2991"/>
                <TextEquiv>
                    <Unicode>muß anerkennen, daß das Schauspielhaus im Punkte</Unicode>
                </TextEquiv>
            </TextLine>
            <TextLine id="tr_1_tl_54" custom="readingOrder {index:53;}">
                <Coords points="205,3059 1364,3050 1379,2998 205,3020"/>
                <Baseline points="214,3047 272,3050 330,3050 388,3050 447,3047 505,3046 563,3044 621,3044 680,3042 738,3042 796,3041 854,3040 913,3038 971,3038 1029,3037 1087,3035 1146,3033 1204,3032 1262,3032 1320,3032 1379,3032"/>
                <TextEquiv>
                    <Unicode>rassiger Weiblichkeit über mehr echtes Talent verfügt</Unicode>
                </TextEquiv>
            </TextLine>
            <TextLine id="tr_1_tl_55" custom="readingOrder {index:54;}">
                <Coords points="204,3105 1382,3082 1382,3043 1221,3034 205,3059"/>
                <Baseline points="214,3095 272,3095 331,3092 389,3090 448,3092 506,3089 565,3087 623,3086 682,3086 740,3086 799,3086 858,3082 916,3082 975,3080 1033,3080 1092,3079 1150,3077 1209,3077 1267,3074 1326,3074 1385,3071"/>
                <TextEquiv>
                    <Unicode>als ein anderes Münchener Theater. Dos Lustspiel¬</Unicode>
                </TextEquiv>
            </TextLine>
            <TextLine id="tr_1_tl_56" custom="readingOrder {index:55;}">
                <Coords points="213,3150 1382,3128 1370,3079 214,3105"/>
                <Baseline points="220,3140 278,3136 336,3134 394,3137 453,3134 511,3134 569,3132 627,3131 686,3131 744,3129 802,3131 860,3128 919,3126 977,3125 1035,3124 1093,3119 1152,3119 1210,3122 1268,3122 1326,3120 1385,3119"/>
                <TextEquiv>
                    <Unicode>haus des Herrn Robert (zum großen Wurstel) kann nur</Unicode>
                </TextEquiv>
            </TextLine>
            <TextLine id="tr_1_tl_57" custom="readingOrder {index:56;}">
                <Coords points="208,3195 1342,3178 1382,3130 208,3150"/>
                <Baseline points="217,3179 275,3181 333,3179 391,3176 450,3177 508,3179 566,3177 624,3178 683,3173 741,3173 799,3170 857,3169 916,3167 974,3170 1032,3167 1090,3167 1149,3167 1207,3164 1265,3164 1323,3164 1382,3161"/>
                <TextEquiv>
                    <Unicode>mit einem einzigen weiblichen Star aufwarten, mit</Unicode>
                </TextEquiv>
            </TextLine>
            <TextLine id="tr_1_tl_58" custom="readingOrder {index:57;}">
                <Coords points="217,3242 1379,3220 1379,3172 1299,3167 218,3190"/>
                <Baseline points="226,3223 283,3225 341,3223 399,3223 457,3221 515,3223 572,3220 630,3220 688,3218 746,3220 804,3218 861,3215 919,3213 977,3209 1035,3211 1093,3211 1150,3212 1208,3209 1266,3206 1324,3207 1382,3203"/>
                <TextEquiv>
                    <Unicode>Fräulein Roland, Diese Künstlerin hat im letzten Wurstel¬</Unicode>
                </TextEquiv>
            </TextLine>
            <TextLine id="tr_1_tl_59" custom="readingOrder {index:58;}">
                <Coords points="204,3299 974,3246 1349,3267 1380,3220 205,3240"/>
                <Baseline points="214,3271 272,3268 330,3268 389,3266 447,3265 506,3265 564,3265 622,3268 681,3264 739,3260 798,3262 856,3258 914,3253 973,3245 1031,3251 1090,3253 1148,3253 1206,3253 1265,3253 1323,3253 1382,3250"/>
                <TextEquiv>
                    <Unicode>Novitäten=Abend („Insulinde“ von Hartau und</Unicode>
                </TextEquiv>
            </TextLine>
            <TextLine id="tr_1_tl_60" custom="readingOrder {index:59;}">
                <Coords points="205,3333 1382,3304 1382,3263 982,3252 205,3299"/>
                <Baseline points="214,3319 272,3316 331,3313 389,3311 448,3310 506,3307 565,3307 623,3307 682,3301 740,3303 799,3304 858,3301 916,3301 975,3296 1033,3298 1092,3298 1150,3298 1209,3292 1267,3293 1326,3295 1385,3295"/>
                <TextEquiv>
                    <Unicode>„Die Unschuldige“ von Heinrich Mann) alle Gnaden</Unicode>
                </TextEquiv>
            </TextLine>
            <TextLine id="tr_1_tl_61" custom="readingOrder {index:60;}">
                <Coords points="218,3373 1379,3345 1337,3299 220,3330"/>
                <Baseline points="226,3364 283,3358 341,3356 399,3355 457,3354 515,3352 572,3352 630,3349 688,3349 746,3349 804,3349 861,3346 919,3344 977,3343 1035,3343 1093,3341 1150,3340 1208,3337 1266,3338 1324,3340 1382,3337"/>
                <TextEquiv>
                    <Unicode>genialer Menschendarstellung an das spärlich besetzte Haus</Unicode>
                </TextEquiv>
            </TextLine>
            <TextLine id="tr_1_tl_62" custom="readingOrder {index:61;}">
                <Coords points="213,3415 1385,3401 1386,3356 1271,3341 214,3370"/>
                <Baseline points="220,3406 278,3401 336,3401 395,3400 453,3397 512,3399 570,3397 628,3397 687,3394 745,3392 804,3391 862,3388 920,3390 979,3386 1037,3385 1096,3385 1154,3385 1212,3385 1271,3384 1329,3382 1388,3379"/>
                <TextEquiv>
                    <Unicode>gespendet. Das königliche Residenztheater hat mit der</Unicode>
                </TextEquiv>
            </TextLine>
            <TextLine id="tr_1_tl_63" custom="readingOrder {index:62;}">
                <Coords points="216,3454 1389,3441 1389,3392 217,3416"/>
                <Baseline points="223,3444 281,3444 339,3442 398,3441 456,3441 515,3439 573,3438 631,3435 690,3435 748,3435 807,3432 865,3432 923,3434 982,3432 1040,3428 1099,3426 1157,3424 1215,3423 1274,3424 1332,3426 1391,3426"/>
                <TextEquiv>
                    <Unicode>Erstaufführung des Schauspiels „Der Stier von</Unicode>
                </TextEquiv>
            </TextLine>
            <TextLine id="tr_1_tl_64" custom="readingOrder {index:63;}">
                <Coords points="216,3499 1395,3480 1395,3443 1324,3431 216,3454"/>
                <Baseline points="223,3492 281,3489 340,3488 399,3486 457,3483 516,3480 575,3480 633,3480 692,3480 751,3480 810,3480 868,3477 927,3477 986,3472 1044,3474 1103,3471 1162,3471 1220,3471 1279,3468 1338,3468 1397,3468"/>
                <TextEquiv>
                    <Unicode>Oliviera von Heinrich Lilienfein seinem männlichen</Unicode>
                </TextEquiv>
            </TextLine>
            <TextLine id="tr_1_tl_65" custom="readingOrder {index:64;}">
                <Coords points="216,3540 1314,3534 1382,3525 1383,3484 216,3499"/>
                <Baseline points="223,3534 281,3531 339,3531 397,3531 455,3527 513,3525 571,3527 629,3528 687,3525 745,3523 804,3522 862,3522 920,3520 978,3516 1036,3516 1094,3516 1152,3516 1210,3513 1268,3514 1326,3514 1385,3510"/>
                <TextEquiv>
                    <Unicode>Star, Herrn Steinrück, Gelegenheit gegeben, sich von seiner</Unicode>
                </TextEquiv>
            </TextLine>
            <TextLine id="tr_1_tl_66" custom="readingOrder {index:65;}">
                <Coords points="214,3590 1391,3568 1349,3521 216,3539"/>
                <Baseline points="223,3579 281,3579 340,3576 398,3576 457,3573 515,3571 574,3573 632,3570 691,3569 749,3567 808,3567 867,3564 925,3562 984,3561 1042,3561 1101,3561 1159,3559 1218,3558 1276,3558 1335,3558 1394,3555"/>
                <TextEquiv>
                    <Unicode>glänzenden Seite zu zeigen und alle Ehren des Abends für</Unicode>
                </TextEquiv>
            </TextLine>
            <TextLine id="tr_1_tl_67" custom="readingOrder {index:66;}">
                <Coords points="221,3636 1386,3617 1366,3564 223,3592"/>
                <Baseline points="229,3623 287,3620 345,3619 403,3618 461,3617 519,3613 577,3612 635,3612 693,3614 751,3612 810,3612 868,3609 926,3607 984,3606 1042,3606 1100,3604 1158,3603 1216,3603 1274,3604 1332,3604 1391,3600"/>
                <TextEquiv>
                    <Unicode>sich einzuheisen. Das figurenreiche Stück, das zur Zeit</Unicode>
                </TextEquiv>
            </TextLine>
            <TextLine id="tr_1_tl_68" custom="readingOrder {index:67;}">
                <Coords points="208,3677 1388,3652 1349,3609 208,3630"/>
                <Baseline points="217,3665 275,3662 334,3664 393,3662 451,3662 510,3659 569,3657 627,3659 686,3655 745,3653 804,3653 862,3653 921,3651 980,3650 1038,3650 1097,3649 1156,3647 1214,3647 1273,3647 1332,3647 1391,3647"/>
                <TextEquiv>
                    <Unicode>der napoleonischen Kämpfe in Spanien spielt und manche</Unicode>
                </TextEquiv>
            </TextLine>
            <TextLine id="tr_1_tl_69" custom="readingOrder {index:68;}">
                <Coords points="213,3726 1397,3689 1397,3649 214,3673"/>
                <Baseline points="220,3710 279,3707 338,3707 397,3707 456,3704 515,3703 574,3703 633,3701 692,3700 751,3698 810,3698 869,3698 928,3697 987,3695 1046,3695 1105,3694 1164,3692 1223,3689 1282,3689 1341,3689 1400,3689"/>
                <TextEquiv>
                    <Unicode>erschütternde Episode enthält, fand nur mäßigen Beifall.</Unicode>
                </TextEquiv>
            </TextLine>
            <TextLine id="tr_1_tl_70" custom="readingOrder {index:69;}">
                <Coords points="221,3773 1389,3754 1391,3694 223,3719"/>
                <Baseline points="229,3755 287,3752 345,3752 403,3752 462,3752 520,3752 578,3750 636,3746 695,3746 753,3746 811,3743 869,3745 928,3741 986,3737 1044,3739 1102,3737 1161,3735 1219,3734 1277,3733 1335,3733 1394,3737"/>
                <TextEquiv>
                    <Unicode>Aber alles rief nach dem Helden des Abends: Steinrück</Unicode>
                </TextEquiv>
            </TextLine>
            <TextLine id="tr_1_tl_71" custom="readingOrder {index:70;}">
                <Coords points="986,3816 1385,3818 1385,3759 1320,3741 1218,3751 1163,3733 1122,3753 1027,3742 986,3753"/>
                <Baseline points="994,3785 1020,3783 1046,3782 1072,3782 1099,3782 1125,3782 1151,3780 1177,3779 1204,3779 1230,3778 1256,3776 1282,3777 1309,3779 1335,3781 1361,3784 1388,3788"/>
                <TextEquiv>
                    <Unicode>M. G. Conrad</Unicode>
                </TextEquiv>
            </TextLine>
            <TextLine id="tr_1_tl_72" custom="readingOrder {index:71;}">
                <Coords points="233,3812 286,3803 366,3812 403,3800 453,3813 453,3756 443,3751 379,3764 344,3761 331,3773 295,3759 283,3769 233,3764"/>
                <Baseline points="241,3800 267,3800 294,3800 321,3800 348,3798 375,3797 402,3797 429,3797 456,3797"/>
                <TextEquiv>
                    <Unicode>Steinrück!!</Unicode>
                </TextEquiv>
            </TextLine>
            <TextEquiv>
                <Unicode></Unicode>
            </TextEquiv>
        </TextRegion>
        <TextRegion orientation="0.0" id="tr_2" custom="readingOrder {index:1;}">
            <Coords points="1277,120 1277,279 1638,279 1638,120"/>
            <TextLine id="tr_2_tl_1" custom="readingOrder {index:0;}">
                <Coords points="1268,251 1311,252 1333,236 1404,242 1439,224 1531,251 1634,232 1634,185 1596,168 1522,176 1479,159 1430,167 1399,190 1346,171 1323,182 1270,173"/>
                <Baseline points="1277,223 1302,225 1328,226 1354,226 1380,227 1405,229 1431,228 1457,226 1483,226 1509,225 1534,224 1560,222 1586,220 1612,221 1638,223"/>
                <TextEquiv>
                    <Unicode>box 8/6</Unicode>
                </TextEquiv>
            </TextLine>
            <TextEquiv>
                <Unicode></Unicode>
            </TextEquiv>
        </TextRegion>
        <TextRegion orientation="0.0" id="tr_3" custom="readingOrder {index:2;}">
            <Coords points="1704,1334 1704,2814 2874,2814 2874,1334"/>
            <TextLine id="tr_3_tl_1" custom="readingOrder {index:0;}">
                <Coords points="1801,1402 1856,1389 1875,1401 1890,1391 2083,1397 2082,1302 2039,1301 2002,1327 1959,1317 1909,1332 1859,1317 1839,1336 1801,1329"/>
                <Baseline points="1809,1361 1834,1363 1859,1364 1884,1364 1909,1364 1934,1364 1960,1365 1985,1367 2010,1367 2035,1367 2060,1365 2086,1364"/>
                <TextEquiv>
                    <Unicode>denden</Unicode>
                </TextEquiv>
            </TextLine>
            <TextLine id="tr_3_tl_2" custom="readingOrder {index:1;}">
                <Coords points="2316,1399 2349,1413 2452,1398 2659,1407 2668,1333 2628,1324 2548,1342 2455,1324 2406,1343 2315,1332"/>
                <Baseline points="2325,1367 2351,1370 2378,1373 2404,1373 2431,1374 2458,1376 2484,1376 2511,1376 2537,1376 2564,1376 2591,1376 2617,1376 2644,1375 2671,1373"/>
                <TextEquiv>
                    <Unicode>Telephon 122911.</Unicode>
                </TextEquiv>
            </TextLine>
            <TextLine id="tr_3_tl_3" custom="readingOrder {index:2;}">
                <Coords points="2548,1491 2578,1490 2603,1473 2619,1491 2641,1495 2657,1491 2662,1408 2640,1402 2628,1413 2614,1414 2589,1429 2573,1420 2551,1420"/>
                <Baseline points="2558,1471 2584,1467 2610,1465 2636,1465 2662,1465"/>
                <TextEquiv>
                    <Unicode>e</Unicode>
                </TextEquiv>
            </TextLine>
            <TextLine id="tr_3_tl_4" custom="readingOrder {index:3;}">
                <Coords points="2433,1501 2470,1500 2477,1491 2496,1494 2501,1487 2517,1490 2513,1398 2501,1398 2492,1405 2482,1401 2468,1414 2458,1408 2452,1413 2448,1408 2425,1405"/>
                <Baseline points="2438,1468 2466,1470 2494,1472 2522,1474"/>
                <TextEquiv>
                    <Unicode>E</Unicode>
                </TextEquiv>
            </TextLine>
            <TextLine id="tr_3_tl_5" custom="readingOrder {index:4;}">
                <Coords points="1789,1540 2389,1518 2464,1541 2582,1507 2526,1475 2458,1501 2238,1472 2095,1491 2033,1459 1963,1492 1788,1482"/>
                <Baseline points="1797,1522 1836,1514 1875,1509 1915,1504 1954,1504 1994,1504 2033,1504 2072,1504 2112,1504 2151,1505 2191,1507 2230,1507 2269,1507 2309,1515 2348,1507 2388,1508 2427,1510 2466,1513 2506,1513 2545,1515 2585,1519"/>
                <TextEquiv>
                    <Unicode>„OBSERVEN</Unicode>
                </TextEquiv>
            </TextLine>
            <TextLine id="tr_3_tl_6" custom="readingOrder {index:5;}">
                <Coords points="1848,1577 2592,1584 2592,1544 2545,1526 1848,1534"/>
                <Baseline points="1856,1567 1892,1567 1929,1567 1966,1567 2003,1567 2040,1567 2077,1567 2114,1569 2151,1570 2188,1570 2225,1571 2261,1573 2298,1573 2335,1573 2372,1573 2409,1573 2446,1574 2483,1576 2520,1576 2557,1576 2594,1576"/>
                <TextEquiv>
                    <Unicode>I. österr. behördl. konz. Unternehmen</Unicode>
                </TextEquiv>
            </TextLine>
            <TextLine id="tr_3_tl_7" custom="readingOrder {index:6;}">
                <Coords points="1783,1614 2012,1652 2344,1619 2482,1656 2659,1646 2657,1590 2600,1580 1783,1569"/>
                <Baseline points="1791,1603 1834,1606 1878,1606 1921,1609 1965,1611 2008,1611 2052,1609 2095,1609 2139,1611 2182,1611 2226,1611 2270,1611 2313,1613 2357,1612 2400,1613 2444,1616 2487,1617 2531,1617 2574,1618 2618,1620 2662,1623"/>
                <TextEquiv>
                    <Unicode>für Zeitungs-Ausschnitte und Bibliographien</Unicode>
                </TextEquiv>
            </TextLine>
            <TextLine id="tr_3_tl_8" custom="readingOrder {index:7;}">
                <Coords points="1834,1705 2397,1699 2610,1726 2620,1628 2424,1656 1832,1630"/>
                <Baseline points="1841,1680 1880,1680 1919,1682 1958,1685 1998,1686 2037,1686 2076,1686 2115,1686 2155,1686 2194,1686 2233,1686 2272,1686 2312,1688 2351,1689 2390,1689 2429,1689 2469,1692 2508,1692 2547,1692 2586,1694 2626,1695"/>
                <TextEquiv>
                    <Unicode>Wien, I. Concordiaplatz 4</Unicode>
                </TextEquiv>
            </TextLine>
            <TextLine id="tr_3_tl_9" custom="readingOrder {index:8;}">
                <Coords points="2053,1743 2126,1769 2163,1752 2219,1767 2266,1755 2310,1770 2359,1755 2396,1769 2393,1701 2256,1724 2052,1704"/>
                <Baseline points="2062,1737 2088,1740 2114,1743 2140,1745 2166,1746 2192,1746 2218,1746 2244,1746 2270,1748 2296,1748 2322,1747 2348,1748 2374,1752 2400,1755"/>
                <TextEquiv>
                    <Unicode>Vertretungen</Unicode>
                </TextEquiv>
            </TextLine>
            <TextLine id="tr_3_tl_10" custom="readingOrder {index:9;}">
                <Coords points="1780,1794 2657,1819 2657,1769 2006,1748 1974,1773 1866,1735 1779,1760"/>
                <Baseline points="1788,1791 1831,1791 1875,1791 1918,1791 1962,1791 2005,1794 2049,1794 2092,1794 2136,1794 2179,1794 2223,1796 2267,1797 2310,1797 2354,1799 2397,1800 2441,1800 2484,1802 2528,1801 2571,1801 2615,1804 2659,1806"/>
                <TextEquiv>
                    <Unicode>in Berlin, Budapest, Chicago, Christiania, Genf,</Unicode>
                </TextEquiv>
            </TextLine>
            <TextLine id="tr_3_tl_11" custom="readingOrder {index:10;}">
                <Coords points="1783,1844 2653,1860 2653,1822 1782,1798"/>
                <Baseline points="1791,1826 1834,1829 1877,1829 1920,1832 1964,1829 2007,1829 2050,1831 2093,1832 2137,1832 2180,1832 2223,1834 2266,1835 2310,1835 2353,1837 2396,1838 2439,1838 2483,1838 2526,1839 2569,1840 2612,1839 2656,1838"/>
                <TextEquiv>
                    <Unicode>Kopenhagen, London, Madrid, Mailand, Minne¬</Unicode>
                </TextEquiv>
            </TextLine>
            <TextLine id="tr_3_tl_12" custom="readingOrder {index:11;}">
                <Coords points="1786,1891 2657,1904 2656,1860 2518,1841 1786,1841"/>
                <Baseline points="1794,1871 1837,1871 1880,1871 1923,1871 1967,1868 2010,1868 2053,1870 2096,1871 2140,1873 2183,1874 2226,1874 2269,1874 2313,1876 2356,1875 2399,1876 2442,1877 2486,1878 2529,1880 2572,1880 2615,1882 2659,1889"/>
                <TextEquiv>
                    <Unicode>apolis, New-York, Paris, Rom, San Francisco,</Unicode>
                </TextEquiv>
            </TextLine>
            <TextLine id="tr_3_tl_13" custom="readingOrder {index:12;}">
                <Coords points="1974,1912 2087,1932 2194,1918 2248,1937 2270,1922 2369,1924 2420,1944 2459,1929 2459,1903 2371,1881 2327,1894 2012,1873 1972,1885"/>
                <Baseline points="1982,1907 2007,1909 2032,1910 2057,1912 2083,1913 2108,1913 2133,1913 2158,1913 2184,1913 2209,1913 2234,1913 2259,1914 2285,1915 2310,1916 2335,1916 2360,1916 2386,1916 2411,1918 2436,1920 2462,1922"/>
                <TextEquiv>
                    <Unicode>Stockholm, St. Petersburg.</Unicode>
                </TextEquiv>
            </TextLine>
            <TextLine id="tr_3_tl_14" custom="readingOrder {index:13;}">
                <Coords points="1986,1978 2040,1987 2071,1972 2117,1990 2139,1971 2315,2003 2369,1980 2442,1986 2440,1940 2369,1924 2301,1943 2266,1924 2177,1940 2141,1924 1984,1935"/>
                <Baseline points="1994,1964 2019,1964 2044,1964 2069,1964 2094,1964 2119,1964 2144,1965 2169,1967 2194,1967 2219,1967 2244,1967 2269,1967 2294,1967 2319,1968 2344,1969 2369,1970 2394,1970 2419,1970 2444,1970"/>
                <TextEquiv>
                    <Unicode>(Quellenangabe ohne Gewähr.)</Unicode>
                </TextEquiv>
            </TextLine>
            <TextLine id="tr_3_tl_15" custom="readingOrder {index:14;}">
                <Coords points="1779,2053 1829,2065 1904,2048 2002,2061 2036,2052 2055,2065 2144,2059 2142,2015 2123,2008 2024,2017 1999,1993 1960,2003 1937,1990 1913,2008 1814,1999 1777,2009"/>
                <Baseline points="1785,2038 1810,2038 1836,2038 1862,2040 1888,2041 1913,2041 1939,2041 1965,2041 1991,2043 2017,2044 2042,2044 2068,2044 2094,2044 2120,2043 2146,2041"/>
                <TextEquiv>
                    <Unicode>Ausschnitt aus:</Unicode>
                </TextEquiv>
            </TextLine>
            <TextLine id="tr_3_tl_16" custom="readingOrder {index:15;}">
                <Coords points="1791,2198 1841,2201 1847,2197 1900,2197 1896,2111 1881,2107 1876,2111 1845,2111 1808,2129 1786,2127"/>
                <Baseline points="1797,2158 1823,2160 1849,2162 1875,2163 1901,2164"/>
                <TextEquiv>
                    <Unicode>n</Unicode>
                </TextEquiv>
            </TextLine>
            <TextLine id="tr_3_tl_17" custom="readingOrder {index:16;}">
                <Coords points="2465,2183 2511,2203 2535,2200 2548,2210 2557,2206 2573,2213 2585,2203 2601,2208 2620,2192 2628,2194 2632,2121 2597,2114 2575,2118 2567,2111 2557,2117 2547,2104 2535,2107 2514,2096 2470,2096"/>
                <Baseline points="2474,2176 2500,2173 2527,2173 2554,2172 2581,2171 2608,2168 2635,2164"/>
                <TextEquiv>
                    <Unicode>in</Unicode>
                </TextEquiv>
            </TextLine>
            <TextLine id="tr_3_tl_18" custom="readingOrder {index:17;}">
                <Coords points="1984,2242 2086,2229 2179,2247 2281,2239 2304,2229 2300,2117 2237,2129 2093,2124 2043,2141 2020,2129 1980,2146"/>
                <Baseline points="1991,2194 2017,2196 2043,2198 2070,2202 2096,2202 2122,2200 2149,2202 2175,2203 2201,2203 2228,2204 2254,2206 2280,2207 2307,2209"/>
                <TextEquiv>
                    <Unicode></Unicode>
                </TextEquiv>
            </TextLine>
            <TextLine id="tr_3_tl_19" custom="readingOrder {index:18;}">
                <Coords points="1820,2458 2772,2454 2845,2440 2846,2374 1820,2402"/>
                <Baseline points="1829,2447 1879,2450 1930,2448 1981,2447 2032,2445 2083,2447 2134,2447 2185,2444 2236,2444 2287,2443 2338,2441 2388,2441 2439,2438 2490,2438 2541,2438 2592,2437 2643,2436 2694,2438 2745,2436 2796,2435 2847,2435"/>
                <TextEquiv>
                    <Unicode>Aus München wird uns berichtet: Im Münchener</Unicode>
                </TextEquiv>
            </TextLine>
            <TextLine id="tr_3_tl_20" custom="readingOrder {index:19;}">
                <Coords points="1696,2496 2870,2496 2839,2437 2006,2473 1696,2427"/>
                <Baseline points="1704,2489 1762,2493 1821,2497 1879,2495 1938,2492 1996,2490 2055,2488 2113,2489 2172,2488 2230,2486 2289,2486 2347,2486 2406,2484 2464,2483 2523,2483 2581,2481 2640,2483 2698,2480 2757,2480 2815,2482 2874,2486"/>
                <TextEquiv>
                    <Unicode>Schauspielhause kam heute abends Artur Schnitzler</Unicode>
                </TextEquiv>
            </TextLine>
            <TextLine id="tr_3_tl_21" custom="readingOrder {index:20;}">
                <Coords points="1714,2554 2673,2544 2837,2530 2839,2495 1714,2507"/>
                <Baseline points="1722,2537 1780,2539 1839,2539 1898,2537 1957,2533 2016,2533 2075,2531 2134,2530 2193,2530 2252,2528 2310,2528 2369,2528 2428,2528 2487,2528 2546,2527 2605,2523 2664,2522 2723,2522 2782,2522 2841,2522"/>
                <TextEquiv>
                    <Unicode>Anatole (fünf Einakter zusammengefaßt) zur Aufführung.</Unicode>
                </TextEquiv>
            </TextLine>
            <TextLine id="tr_3_tl_22" custom="readingOrder {index:21;}">
                <Coords points="1714,2592 2837,2572 2828,2529 1714,2554"/>
                <Baseline points="1722,2585 1780,2580 1839,2580 1898,2576 1957,2573 2016,2575 2075,2576 2134,2575 2193,2573 2252,2573 2310,2570 2369,2572 2428,2570 2487,2570 2546,2570 2605,2570 2664,2567 2723,2567 2782,2567 2841,2564"/>
                <TextEquiv>
                    <Unicode>In allen fünf Einaktern hatte Herr Waldau, der bekannt¬</Unicode>
                </TextEquiv>
            </TextLine>
            <TextLine id="tr_3_tl_23" custom="readingOrder {index:22;}">
                <Coords points="1714,2648 2837,2626 2828,2570 1715,2594"/>
                <Baseline points="1722,2626 1780,2624 1839,2622 1898,2623 1957,2619 2016,2617 2075,2617 2134,2617 2193,2614 2252,2614 2310,2614 2369,2614 2428,2612 2487,2612 2546,2613 2605,2610 2664,2612 2723,2609 2782,2607 2841,2606"/>
                <TextEquiv>
                    <Unicode>lich an das Burgtheater für Wien engagiert ist, die Haupt¬</Unicode>
                </TextEquiv>
            </TextLine>
            <TextLine id="tr_3_tl_24" custom="readingOrder {index:23;}">
                <Coords points="1714,2678 2802,2668 2836,2626 1714,2647"/>
                <Baseline points="1722,2668 1777,2668 1833,2666 1889,2667 1945,2665 2001,2662 2056,2662 2112,2662 2168,2659 2224,2659 2280,2659 2335,2661 2391,2659 2447,2659 2503,2659 2559,2657 2614,2656 2670,2656 2726,2655 2782,2653 2838,2653"/>
                <TextEquiv>
                    <Unicode>rollen inne. Hier hatte er Gelegenheit, seine Stärke in der</Unicode>
                </TextEquiv>
            </TextLine>
            <TextLine id="tr_3_tl_25" custom="readingOrder {index:24;}">
                <Coords points="1708,2725 2836,2703 2836,2662 2775,2654 1708,2672"/>
                <Baseline points="1716,2713 1772,2710 1828,2710 1884,2708 1940,2707 1996,2704 2052,2704 2108,2702 2164,2701 2220,2700 2277,2698 2333,2700 2389,2698 2445,2698 2501,2695 2557,2696 2613,2698 2669,2695 2725,2692 2781,2691 2838,2692"/>
                <TextEquiv>
                    <Unicode>Darstellung liebenswürdiger Schwerennöter zu zeigen. Das</Unicode>
                </TextEquiv>
            </TextLine>
            <TextLine id="tr_3_tl_26" custom="readingOrder {index:25;}">
                <Coords points="1704,2759 2842,2774 2843,2700 2790,2697 1705,2727"/>
                <Baseline points="1713,2752 1769,2755 1826,2754 1883,2753 1939,2753 1996,2749 2053,2749 2109,2747 2166,2746 2223,2746 2280,2743 2336,2743 2393,2743 2450,2743 2506,2742 2563,2742 2620,2740 2676,2739 2733,2737 2790,2737 2847,2734"/>
                <TextEquiv>
                    <Unicode>Haus spendete sowohl dem Autor als der Darstellung vielen</Unicode>
                </TextEquiv>
            </TextLine>
            <TextLine id="tr_3_tl_27" custom="readingOrder {index:26;}">
                <Coords points="1707,2840 1748,2836 1766,2828 1780,2836 1814,2824 1851,2828 1851,2769 1844,2771 1825,2755 1794,2768 1779,2762 1746,2765 1736,2772 1718,2759 1704,2765"/>
                <Baseline points="1713,2797 1741,2799 1770,2800 1798,2800 1827,2800 1856,2803"/>
                <TextEquiv>
                    <Unicode>Beifall.</Unicode>
                </TextEquiv>
            </TextLine>
            <TextEquiv>
                <Unicode></Unicode>
            </TextEquiv>
        </TextRegion>
    </Page>
</PcGts>
