3436 4256
1350 205 1709 311 box 9/3
243 217 1197 326 4.9. Anatol - Zyklus
1103 863 1678 1018 Klose & Seidel
1096 961 1686 1065 Bureau für Zeitungsausschnitte
1875 997 2165 1095 das Kommis¬
1059 1005 1741 1147 Von N. N. gegen
1871 1059 2169 1134 es auch hinter
1880 1106 2178 1178 Akte? Wo ein
1046 1073 1777 1256 the
1868 1155 2181 1233 nhardt drei bis
1881 1202 2189 1280 s der Situation
1051 1192 1753 1362 on Charlottenbur¬
1880 1251 2187 1329 derstehlich nach
1906 1305 2194 1376 ihn bescheiden
1062 1270 1518 1391 Datum: 26.
1893 1350 2194 1422 lin. Eine ein¬
1894 1399 2199 1481 ans? Zunächst
1909 1451 2199 1520 nd dann Puten¬
1925 1497 2199 1565 und gebackene
1909 1542 2209 1629 viar, grade weil
1902 1595 2210 1668 loch sonst alles
1907 1640 2210 1733 adt scheint un¬
1914 1691 2225 1766 en, daß heut an
1915 1733 2225 1823 liert? Und er¬
1940 1785 2230 1865 das den Einen
1919 1837 2230 1922 ffen ausgehalten
1928 1881 2233 1961 Seladons ihre
1927 1932 2233 2012 nidt darauf aus,
1933 1979 2241 2052 ren. Sein Erbe
1938 2029 2243 2101 füllen. Leichter
1938 2073 2248 2152 auspieler Louis
1943 2121 2256 2200 en würde, wenn
954 2174 2256 2318 ne peut pas sans de de
961 2284 1544 2412 Rudolph Lothar sich betätigte.
1047 2311 2267 2466 vom Komödienhaus zum Lustspielhaus ist ein einziger Schritt, der
966 2393 2274 2534 nämlich, den ein jüngerer und weniger gewissenloser Sproß der Familie
981 2445 2275 2572 Rudolph Lothar von der ausländischen Publikumsware zu der inlän¬
979 2485 2280 2647 dischen Unterhaltungsliteratur zu tun gedachte, von den Nachfahren
977 2533 2280 2671 der Veber und Hennequin und Feydeau zu Schmidtbonn und Haupt¬
982 2586 2293 2730 mann und Lautensack. Aber auch in der Kunst muß man das Recht
990 2627 2293 2769 zu seinem Ehrgeiz haben und nachweisen, und Apollen wird wohl¬
997 2674 2298 2828 gefälliger, wer einen Stiefel richtig beschlt und bei seinem Leisten
998 2722 2303 2863 bleibt, als wer sich einbildet, daß das gottgewollte Material für seine
995 2769 2295 2924 Meisterkaust Marmor sei. Herr Heinz Saltenburg, Schuster aus der
1010 2831 2308 2969 Wallnertheater-Straße, wo der Absatz bekanntlich immer groß war,
1010 2885 2313 3025 ist von der kostspieligen Förderung der geistesheitern Dichtung zu
1015 2925 2313 3065 der einträglichen Kitzlung des Massenzwerchfells, von der verwüsten¬
1015 2968 2310 3111 den Regieführung zu der neutralen Direktionsführung, von Carrara
1021 3033 2316 3168 zu Angelo Cana, von der schmerzbewegten deutschen Liebe zu roma¬
1024 3069 2324 3217 nisch handgreiflichen Amoritaten übergegangen — kurz: vom Hahnen¬
1034 3119 2334 3256 kampf mit tödlichem Ende zu dem Werwolf, der nachts die Weiber des
1036 3178 2336 3321 Dorfes rätselhaft heimsucht, bis die Damen des Schlosses sich die
