3248 4256
224 67 1101 120 leichten Biedermeier-Koteletten, hat er
221 108 1092 167 nichts, aber schon gar nichts vom leisen,
221 157 1092 215 hold närrischen Herzens= und Gesprächs¬
218 205 1095 259 charme des „leichtsinnigen Melancholikers".
227 258 1098 307 Er spielt einen nachsichtigen Pedanten des
221 300 1092 362 Liebesdialogs, der überdies erstaunlich
218 356 1092 408 unwienerisch, ja in seiner gemessen mitge¬
227 401 1092 474 launten Lustigkeit fast antiwienerisch wirkt.
302 454 1098 509 Brutal, aber ehrlich: Also kein Anatol.
218 506 1102 566 Außer Direktor Röbbeling überrascht das
230 558 1099 619 niemand. Der junge Hans Wengraf, schon
227 610 1101 656 in seiner noch locker begabten Volkstheater¬
227 657 1098 711 zeit, deutete eine ganz andere Entwicklung
227 697 1107 755 an. Keinesfalls die zum Bonvivant, wie ihn
221 752 1101 809 das Burgtheater jetzt trotz Herrn Bettacs
230 801 1104 864 persönder Zartheit und sanft verhaltener
227 849 1098 908 Kultur der Empfindung energisch rekla¬
230 899 1099 957 mieren zu müssen glaubt. Mit Recht, wenn
227 946 1107 1006 es einen in Tonfall und seelischem Akzent
227 995 1104 1050 österreichischen Parallelspieler sucht. Daß
227 1036 1104 1098 der nicht zu finden, ist auch eine der ge¬
227 1096 1098 1151 wissen leichtfertig parteiischen Behaup¬
224 1146 1082 1212 tungen des hochoffiziösen Theatermarkts.
321 1190 1104 1254 Röbbeling schätzt Herrn Wengraf auf
227 1254 1104 1309 Grund erprobter Hamburger Beziehungen.
239 1304 1098 1366 Man schätzt ihn selbst als einen im aktiv¬
236 1350 1105 1405 sten Sinn auch heute noch jungen Schau¬
239 1395 1105 1461 spieler von intensivem Ernst und unver¬
230 1446 1104 1511 kennbar regem Gewissen. Von seinem Ehr¬
230 1505 1104 1559 geiz wird man sich hoffentlich bald gegebe¬
230 1553 897 1631 nenfalls gern überraschen lassen.
326 1612 1101 1670 Nur die Bonvivant=Träume scheinen,
230 1658 1104 1724 loco, nach dieser Anatol-Kostprobe, gründ¬
239 1707 1108 1773 lich erledigt. Herr Wengraf hat jene un¬
233 1751 1112 1815 absichtlich beschattete Leichtigkeit, jene
239 1806 1108 1869 galant müde Anmut, jene unbiegsam weiche
239 1857 1110 1916 Mannessüße nicht, wie sie Kramer, Edt¬
228 1900 1114 1964 hofer, Waldau ihrem Anatol geschenkt
233 1961 1105 2021 haben, und Raoul Aslans kleiner Finger
236 2020 1114 2079 zaubert mehr fürstlich phlegmatischen
239 2058 1108 2115 Liebesgram hervor.... Es war eine
244 2108 1107 2180 Fehlbesetzung, aber auch des Fachs. Wen¬
239 2153 1115 2222 grafs kluge, diskret gesammelte Art, in
236 2212 1111 2282 Wort und Blick den Pointen unauffälliges
242 2261 1112 2322 Gewicht zu geben, spricht für eine Berufs¬
239 2313 1112 2376 kultur, die am Burgtheater gewiß Raum
242 2362 644 2431 und Aufgabe fände.
323 2418 1115 2477 Die Lösung der Bonvivantfrage ist
242 2468 1112 2522 das nicht. Unerläßlich, ja förderlich gerade
250 2516 1115 2579 für Herrn Wengrafs Burgtheatereignung,
236 2569 1115 2625 dies gleich festzustellen. Eleganz, auch der
247 2611 1118 2671 Seele, und namentlich diese ist in Wien
236 2661 1115 2720 kein Intelligenzprodukt. Der Typus des
242 2709 1111 2772 Causeurs selbstquälerischer Verführung hat
247 2758 1118 2825 sich auch hier gewandelt, seit Ernst Hart¬
787 2813 1115 2873 Esprit-Bäuchlein
242 2810 745 2875 mann noch ein richtiges
244 2854 1115 2913 trug. Aber jene Melancholie der Unwider¬
253 2900 1118 2968 stehlichkeit, jener Galgenhumor der Ab¬
250 2952 1112 3018 schiedsträne und jenes Spötterlächeln am
244 3009 1123 3071 offenen Grabe unentbehrlichster Illusionen
313 3043 1118 3115 nein damit ließ sich dieser düstere und
240 3099 1064 3175 bittere Anatol-Dozent gar nicht erst ein.
332 3194 1121 3279 Ein Wort, und ein sehr befriedigtes,
790 3260 1121 3323 Nebenbei über¬
242 3261 749 3327 der neubesetzten „Cora“.
242 3310 1123 3381 ragen die Frauen wie am Premierenabend,
247 3359 1121 3418 voran Alma Seidlers stürmisch köstliche
247 3412 1123 3472 Annie, Frau Marbergs parodistische Elite¬
253 3456 1124 3519 studie und Maria Mayens sanft flirrender
253 3503 1129 3594 Herzenston. Als Cora aber liefert die
250 3618 1124 3690 kleine Maria Kramer gar nicht mehr eine
263 3683 1121 3741 Talentprobe. Das ist schon ein freches,
266 3733 1126 3796 süßes, schmissiges Prachtgeschöpf, das volle
252 3778 1127 3848 und apart blühende schauspielerische Natur
258 3826 1121 3892 atmet. Knapp nach verdienstvoll revozier¬
263 3877 1152 3961 tem „Abbau erlebt man — eine weiter¬
1496 129 2133 227 4.9. Anatol-
2619 146 2966 239 box 9/4
2061 141 2355 253 Zykl
1928 205 2008 243 .
2062 485 2853 594 „OBSERVER
2155 580 2802 638 I. österr. behördl. konzessioniertes
2128 629 2844 692 Unternehmen für Zeitungs-Ausschnitte
2190 679 2768 749 WIEN, I., WOLLEILE 11
2260 747 2712 804 TELEPHON R-23-0-43
2073 862 2418 951 Ausschnitt aus:
2035 970 2752 1077 Neues Wiener Tagblatt,
2073 1107 2199 1172 vom
2341 1089 2641 1178 6.9.1932.
1989 1209 3065 1306 Akademietheater. Als Anatol in Schnitzlers
1898 1253 3061 1344 graziös melancholischer Szenenreihe debükierte ein neuer Dar¬
1894 1320 3068 1395 steller: Hans Wengraf. Man hat noch einen andern Anatol
1891 1372 3064 1442 in der Erinnerung, den vor ein paar Jahren ein Meister
1893 1413 3062 1481 mit reifer Sicherheit gestaltete: Waldau. Das war ein ganz
1885 1455 3061 1538 weicher, zarter, fast lyrischer Anatol, verwundbar durch jeden
1890 1512 3061 1594 schärferen Hauch des Lebens. Wengraf war härter, in der
1906 1569 2982 1636 Kontur stärker betont, aber auch
1918 1625 2945 1686 er war voll von Schwärmerei und
1912 1677 3042 1748 Liebessehnsucht voll Hingebung an
1907 1737 2935 1809 den schönen Augenblick und voll
1915 1796 3069 1860 eines gläubigen Staunens vor dem My
1918 1860 3023 1913 sterium Weib. Dazu war er ganz er¬
1915 1904 3001 1994 füllt von jener Liebenswürdigkeit
1915 1966 2967 2035 die heute entschwindet, die aber
1915 2035 2976 2093 in einer besseren Zeit als diese
1907 2079 2945 2147 kapriziöse Dichtung Schnitzlers
1915 2120 3040 2194 entstand, wirklich noch ein Besitz
1915 2190 3037 2244 wienerischer Menschen war. Mit ei-
1918 2250 3043 2317 nem Wort: Herr Wengraf führte sich
1904 2301 2968 2362 sehr gut ein, und man wird neu-
1907 2361 2998 2430 gierig sein dürfen auf seine wei-
1915 2414 2960 2485 teren Leistungen im Burgtheater.
1901 2472 2966 2545 Einsehr kluger, beherrscher, je¬
1907 2526 2882 2595 der Situation mit praktischem
1912 2585 2942 2646 Sinn gewachsener Max war wieder
1912 2641 2944 2706 Herr Emerich Reimers. Und ein
1915 2696 2911 2761 hübscher Reigen von Frauen um¬
1915 2753 2938 2818 tanzte Ansko: allen voren Alma
1907 2802 3001 2872 Seidler, die im Abschiedssouper
1907 2870 2982 2938 eine entzückende Leistung bot. Im
1915 2917 3055 2990 gerundesten Bild des Abends, "Weih¬
1900 2977 2951 3046 nachtseinkäufe, war Frau Mayen
1915 3039 3040 3105 vortrefflich. Und die Damen Kramer
1898 3096 3009 3173 Marberg und Johannsen fügten sich
1898 3157 2945 3217 mit Humor und Grazie ins Spiel
1912 3203 3023 3270 ein. Nicht vergessen darf die hüb¬
1901 3267 3023 3320 sche, sorgfältige Regie Herrn Her¬
1907 3323 2977 3390 terichs werden. Und so wurde das
1901 3378 2980 3454 alter Werk zu einem neuen Erfolg.
1161 3613 2023 3681 Bemerkung über die Lächerlichkeit solcher
1170 3677 2023 3734 Zustände erübrigt sich — das Wunder
1161 3721 2023 3778 dieser drolligen und rührenden Ueber¬
1164 3769 2029 3825 raschung. Und die Freude an solch schönem
1167 3831 1764 3910 Einzelfall Burgtheaterjugend.
1859 3848 1994 3939 L. U.
