3436 4224
1443 131 1798 221 box 8/5
322 135 1241 251 4.9. Anatol - Zyklu-
613 1396 1625 1457 Mathilde Sussin, längst von Ibsen her als eine
575 1453 1625 1515 schweigende Schwester wertvoll unsrem Gedenken ver¬
568 1494 1625 1556 haftet. Eine von den Schattengestalten dieses größten
571 1547 1626 1606 Theaters der Unscheinbarkeit, der Seelen. Jetzt
568 1593 1625 1652 war sie ein Bühnenfrauenzimmer; „Annie". Vor dem
571 1638 1633 1711 Abschied. Hundeschnauze. Rüdig; tonlos sicher. Ein
566 1695 1629 1755 unbeirrbares Stücke Pöbel. In dieser Unbeirrbar¬
578 1745 1633 1798 keit, in diesem stählern unverrücklichen Im Rahmen¬
578 1795 1053 1855 Bleiben: ersten Ranges.
619 1828 1632 1895 Und die tiefste Episode der Wurzen (die, welche sich
583 1887 1632 1951 seiner nicht mehr erinnert), die Bianka, so durch Reifen
575 1946 1408 2004 springt, das war Fräulein Hilde Herterich.
627 1975 1625 2057 Sie hat gewissermaßen eigentlich nicht mitgespielt
575 2034 1634 2097 aber sie ist dagewesen. (Mehr soll sie kaum.) Sonst
575 2092 1632 2159 ist sie regenfrisch und frühlingsfest und ein Elementar¬
578 2135 837 2203 geistmädel.
614 2180 1634 2244 Und zum Schlusse die Triesch, ein letzter Nachtgast
1281 2224 1632 2295 wie tief ulkig in
575 2227 1193 2290 am Morgen vor der Hochzeit
575 2275 1634 2327 dieser aufdringlichen Art, im falschen Lieblichsein, im
583 2321 1634 2387 Schmierenton... als spräche sie mit jedem Glied:
579 2370 1047 2448 „So ist das Kleben!..
622 2444 1637 2544 Jenseits von allen: der Max, der Freund, der
576 2527 1554 2585 Betrachterich, der Lächelnde, mit einem Wort:
580 2573 1556 2638 Reicher.... Ausgesehn hat er ja manchmal
579 2620 1636 2678 ein Cafetier — aber gesprochen, Dinge gebracht, Zu¬
595 2672 1634 2733 stimmungen geblinzt, Einwände geschwiegen... wie ein
583 2720 1197 2785 Meister... wie dieser Meister.
634 2811 1636 2890 Schnitzler kommt mit seinem späteren Schaffen, nehmt
583 2880 1638 2942 alles nur in allem, gleich hinter Hauptmann für unser
580 2934 742 2992 Drama.
627 2976 1642 3035 Und das Ganze dieses Anatol=Abends war: etwas
593 3029 1248 3084 Entzückendes. Ohne Weichlichkeit.
625 3060 1644 3126 Vorbildlich, was in dieser Darstellung alles heraus¬
580 3118 1649 3194 gearbei... nein herausgehoben worden ist. Wie
1684 1336 2758 1404 immer: alles vom Grunde. Wie bloß hier. Alles
1693 1398 2747 1474 Gerüst und alle Linien, mit allem schimmernd ver¬
1685 1442 2099 1510 dämmernden Fleisch.
1727 1478 2746 1549 Ohne Mumpitz. Ohne Ablenken. Ohne farbige Ver¬
1685 1538 2520 1605 kafferung. Ohne Mehlspeis à la Rizinus.
1729 1565 2758 1636 Mit dieser Menschen=Richtung sollt ihr es halten.
1693 1630 2755 1691 Hier liegt, laßt euch nicht dumm machen, die Zukunft.
1736 1689 2746 1736 Und ich wünsche nicht die erhebende Linie des
1691 1725 2755 1791 neuen, des von uns mitgeschaffenen neuen Menschen¬
1692 1775 2758 1840 kunstwerks — nicht einmal zeitweilig — im Panoramen¬
1691 1828 2754 1883 kitsch und in der Gefälligkeit enden zu sehn. Ihr auch
1693 1881 2235 1958 nicht? Haltet euch danach.
2536 1922 2724 1985 Alfred Kerr.
1858 2061 2580 2168 Nestroy: „Der Zerrissene".
1935 2152 2516 2238 Neues Schauspielhaus.
1697 2224 2755 2296 Die Figur des „Zerrissenen“ ist komplizierten Ursprungs.
1699 2282 2757 2350 Sie stammt von Raimund, und gehört trotzdem in jedem
1697 2331 2761 2397 Atemzug zu Nestroy. Sie kam aus der psychopathischen Re¬
1697 2383 2755 2444 gion, in welcher die Flottwells und Rappelköpfe sich aus¬
1705 2429 2758 2486 toben, und im Sanatorium des schärferen, lebensfrischen
1703 2481 2758 2541 Geistes genas sie. Herr v. Lips, der blasierte Millionär, hat
1703 2527 2761 2591 es nicht mehr nötig, mit Wald= und Wiesengeistern Kon¬
1712 2581 2757 2639 ferenzen abzuhalten oder sich von seinem Ebenbild be¬
1705 2615 2758 2687 ängstigen zu lassen, um über Glück und Geldeswert etwas
1705 2671 2751 2735 normaler zu denken. Nestroy läßt ihn Dummheiten machen
1703 2722 2755 2786 und durch höchst solide Kuren, wie einen unfreiwilligen Sturz
1703 2767 2758 2826 ins Wasser und seine tragikomischen Konsequenzen, wieder
1703 2821 2761 2881 gescheit werden. Alle geisterhaften Zustände finden ihre
1704 2865 2758 2937 höchst natürliche Erklärung, und wenn der angeblich er¬
1711 2909 2758 2981 soffene Herr v. Lips zum Entsetzen unwürdiger Erben das
1705 2964 2761 3027 Testament heimlich abändert, so spürt man es genau, daß
1705 3011 2758 3074 ein sentimentales Raimund=Gemüt nie auf diese Possen¬
1703 3063 2761 3128 diabolik verfallen wäre. Selbst Bühnenversenkungen, die
1705 3123 2765 3191 mit dem totgeglaubten Schlosser allerlei Spuk treiben, ge¬
2815 1335 3385 1387 winnen als glaubhaft motivierte
2815 1378 3258 1454 naturalistischen Anstrich.
2849 1431 3397 1506 Darum ist Nestroy noch kein
2815 1487 3401 1546 Momenten sieht man sogar ein
2813 1533 3400 1590 Theater, aber die schnurrigen Gest
2815 1584 3401 1636 verstand, sie agieren sehr bewußt
2823 1633 3405 1695 schöpfe eines Dichters, der bloß der
2813 1681 3407 1744 reißer zu sein. Herr v. Lips ka
2813 1731 3403 1788 klug reden. Er durchblitzt die Lu
2821 1776 3400 1842 aphoristische Wendungen, er könn
2815 1828 3403 1883 nähren, wenn ihm die braune K
2813 1877 3083 1942 geholfen hätte.
2858 1917 3401 1984 Die Peitsche Nestroyscher Satir
2818 1977 3405 2048 die Komik seiner Situationen ist
2815 2030 3404 2097 man sollte nach einem Jahrhund
2813 2073 3409 2144 und mühsam verworrener Ehel
2813 2123 3401 2183 Quell der Laune öfters zurückkel
2858 2168 3400 2242 Man hatte die Auffrischung
2817 2222 3403 2275 Halm nicht zu bedauern. Es wa
2825 2270 3404 2343 dort gespielt wurde, eher Bendix
2822 2323 3399 2383 in der Behäbigkeit präparierter
2830 2375 3407 2432 steller doch allmählich, wenn an
2818 2420 3395 2482 richtigen Stil, der eine wirkliche
2827 2469 3405 2532 grotesk aufgetragener Tonarten v.
2825 2510 3404 2572 Besetzung des Herrn v. Lips mi
2822 2571 3407 2628 des seelisch zerrissenen Biederme
2822 2617 3407 2683 Wortspiel schwer ausweichen, ger
2818 2656 3407 2720 Und er zerblies bei sachter B
2825 2706 3409 2774 während Willi Thaller z. B. selb
2822 2769 3400 2817 unerhört lustigen Zungengalopp
2822 2810 3407 2876 Madame Schleier der Ida Wüst
2834 2852 3403 2924 sich selbst zu parodieren und der
2827 2901 3411 2968 Vergnügen bereitete Herr Emil L
2837 2957 3412 3023 schen Bauern, der seine Unter¬
2827 2997 3405 3055 bringen will. Er spielte ihn w
2827 3044 3411 3116 Gestalt, älpisch verschmitzt und ver¬
2826 3094 3416 3185 stimme jedes Wort hervorwimmer
