3248 4256
77 155 681 253 4.9. Anatol-
575 166 992 265 Zyklus
287 807 1074 908 „OBSERVER
377 898 1030 959 I. österr. behördl. konzessioniertes
353 943 1061 1013 Unternehmen für Zeitungs-Ausschnitte
413 1006 995 1080 WIEN, I., WOLLZEILE 11
487 1058 943 1126 TELEPHON R-23-0-43
289 1180 644 1274 Ausschnitt aus:
905 1297 1165 1426 ten Wien
505 1361 854 1480 Wr. Neueste la
308 1406 428 1497 vom
726 1456 1077 1566 b. E. 1932
470 1598 987 1676 Ein neuer Anatol
550 1670 895 1735 Akademie heater
201 1701 1274 1772 Anatol, der Hypochonder der Liebe, mit der großen Sehn¬
162 1769 1283 1825 sucht nach dem Glück, mit der ständigen Einsicht in die
156 1799 1284 1866 Trughaftigkeit des Lebens, mit der argen Mitgift eines nach
159 1847 1283 1904 innen gewandten bösen Blickes ausgestattet, vor dem die
153 1891 1284 1955 besten Empfindungen dahinsichen — er ist eine tragische
156 1934 1280 1991 Gestalt. Hans Wengraf, der neue Bonvivant des Burg¬
156 1981 1291 2039 theaters, debitierte im Schnitzlerschen Frühzyklus. Elegante
156 2017 1285 2080 Erscheinung und saubere Sprachten dürfen wir an ihm
156 2074 1285 2118 rühmen. Aber er ist kein Anatol. Er spricht, sich nur strecken¬
156 2101 1283 2159 weise aufs Wienerische besinnend, die glatten Worte und
162 2147 1291 2205 hübschen Formeln, doch nicht die der „bösen Dinge“, von
156 2186 1284 2252 denen in Hofmannsthals Prolog die Rede ist. Herrn Wen¬
156 2233 1287 2296 graf fallen die Bonmots von den Lippen als seien sie nicht
153 2271 1287 2338 von Anatol, sondern von Schnitzler. Er ist eine Marionette
162 2317 1288 2378 in der Hand des Puppenspielers Schnitzler, statt es in
152 2355 1287 2435 den Händen eines Größeren, des Schicksals, zu sein. Nir¬
162 2403 1290 2470 gends reißt er die Hinterwelt auf, dringt er in die Zone
153 2443 1291 2507 vor, wo Wahrheit und Lüge, Wirklichkeit und Traum im Zwie¬
159 2486 1283 2555 licht ineinanderfließen, gibt er das Tragische dieser Ge¬
169 2525 1290 2595 stalt, die, ein Gemisch aus Leichtsinn und Melancholie, auch
165 2585 1295 2639 heute noch nichts von ihrer Gültigkeit verloren hat. Die
162 2616 1283 2677 einzelnen Stücke des Zyklus sind dahingeplauderte Schau¬
169 2672 1291 2725 spiele eines immer von neuem entzauberten Illusionen¬
165 2697 1288 2771 menschen (in der „Episode" muß man an E. Th. A. Hoff¬
159 2742 1287 2806 mann denken). All das blieb die Aufführung des Akademie¬
165 2786 1287 2850 theaters uns schuldig, wenn sich auch die Damen wacker
165 2832 1283 2887 hielten. Dafür sind in die feinen Dialogstücke Possenfremd¬
169 2874 1290 2945 körper eingedrungen. Die Ja's Wengrafs vor den Fragen
162 2914 1270 2969 an Cora, seine Ueberfeierlichkeit zu Beginn der „Episode
159 2965 1290 3029 die drei Glas Wasser am Hochzeitsmorgen: Wengraf wird
175 2996 1288 3096 seine schauspielerischen Fähigkeiten in einer anderen Rolle
1112 3045 1253 3103 Nr.
162 3055 531 3134 nachweisen müssen.
1185 155 1539 245 box 9/4
1681 1087 2479 1205 „OBSERVER
1771 1186 2433 1264 I. österr. behördl. konzessioniertes
1749 1231 2452 1308 Unternehmen für Zeitungs-Ausschnitte
1802 1284 2391 1383 WIEN, I., WOLLZEILE 11
1884 1353 2332 1429 TELEPHON R-23-0-43
1697 1493 2053 1579 Ausschnitt aus:
1748 1569 2337 1659 Neue Freie Presse
1958 1671 2242 1769 7.9.1932
1708 1725 1834 1796 vom
1714 1786 2647 1884 Theater= und Kunstnachrichten.
2645 1837 2733 1915 vom
1687 1853 2616 1927 (Akademietheater.) Herr Hans Wengre
1600 1894 2734 1962 Deutschen Schauspielhaus in Hamburg, dem Burgtheater nunmehr
1606 1959 2737 2006 verpflichtet, gibt jetzt im Akademietheater den Anatol in
1609 1989 2738 2049 Schnitzlers reizvoller Einakterreihe. Einen leichtsinnigen Melan¬
1615 2039 2735 2091 cholier, so nennt sich dieser täsonierende Analytiker selbst, der
1615 2074 2742 2135 die Mode eines schon gewesenen, eines schon entfernten Wien
1615 2118 2740 2179 trägt und in „halben, heimlichen Tönen" von Liebesagonien und
1609 2159 2733 2216 Episoden spricht. Den Leichtsinn im Melancholischen ließ Herr
1619 2199 2735 2266 Wengraf ein wenig vermissen, vielleicht lastet auch auf ihm diese
1622 2239 2741 2294 Zeit, die ganz andere Probleme bedrängen, als sie jene andere,
1615 2293 2740 2348 liebenswürdig verblaßte kannte. Ein eleganter Melancholier, das
1622 2318 2757 2393 ist Herr Wengraf. Elegant in der Haltung, in der Kunst des
1600 2430 2713 2487 Gespräches, nicht zu unterstreichen, nur leichthin zu pointieren.
1592 2480 2714 2527 Elegant ist er auch im Erfassen und Darbieten des Geistigen, das
1592 2527 2713 2574 hinter diesen Dialogen blitzt. Eine skeptische Philosophie in Liebes¬
1592 2561 2714 2610 dingen, dieser Anatol präsentiert sie mit leichter Schwermut ohne
1596 2603 2715 2660 Schwere, ob er der Mondänen bei den Weihnachtseinkäufen das
1600 2645 2713 2698 süße Mädel schildert oder sein Schicksal, verabschiedet zu werden,
1598 2686 2714 2747 statt den Abschied zu geben, im „Abschiedssouper mit Fassung
1590 2725 2718 2786 trägt. Delikat wie sein Empfinden, wie sein Lustspielten ist seine
1592 2774 2720 2829 Art, Verse zu distinguieren — er sprach den Hofmannsthalschen
1600 2812 2724 2869 Prolog mit verhangener Grazie. Herr Wengraf ist von Harry
1585 2855 2718 2910 Walden zuerst entdeckt und einer Wiener Bühne gewonnen
1592 2894 2714 2948 worden. Etwas von der seelischen und schauspielerischen Distanziert¬
1585 2940 2720 3002 heit des Unvergeßbaren ist in diesem Darsteller des Anatol. Eine
1588 2979 2711 3030 in den Tagen auch des derberen Theaters nicht eben häufige
1592 3019 2714 3070 Eigenheit — schon darum wurde er mit herzlichem und ver¬
2544 3060 2684 3118 P. W.
1588 3066 2059 3144 stehendem Beifall bedacht.
