3436 4352
1338 182 1705 273 box 9/5
230 184 1018 286 4.9. Anatol - Zy
545 1380 1594 1461 gleichen Weihnachtsfragen erfüllt, beisammen. Was lagen
539 1447 1599 1489 da für das Begehren jedes Büchernarren kitzelnde Herr¬
539 1474 1612 1530 lichkeiten! E. Tietze Conrats, Oesterreichische Barock¬
548 1518 1605 1573 plastik; die Abbildungen zumeist in weiteren Kreisen un¬
539 1562 1601 1610 bekanntes Material bringend; Dr. Lili Fröhlich Bums
545 1598 1602 1645 Buch über Parmigianino und den Manierismus, das alle
541 1640 1604 1696 erhaltenen Bilder des Künstlers, seine Radierungen, eine
537 1670 1595 1736 Fülle der wundervollsten Handzeichnungen, die in allen
541 1714 1602 1772 Sammlungen Europas verstreut sind und hier erstmals
548 1756 1598 1808 publiziert werden, bringt; Professor Dr. Julius Schlossers
539 1801 1590 1852 vortreffliche, sachkundige Beschreibungen der Sammlung
533 1840 1595 1903 alter Musikinstrumente im kaiserlichen Hofmuseum und
537 1877 1132 1924 der deutschen Reichskleinodien.
569 1897 1593 1970 Bücher und Büchlein, die nur der Schönheit, Anmut¬
533 1955 1595 2007 und des Geschmacks halber erworben werden wollen,
540 1990 1598 2043 legt der Artur Wolf-Verlag auf; da finden sich Raimunds
545 2032 1595 2082 Der Diamant des Geisterkönigs mit Bildern von Alfred
534 2069 1593 2130 Hagel, einem Illustrator von Stilgefühl, Phantasie und der
533 2118 1595 2159 naiven altwiener Zuckerbäckerphantasie der Raimundschen
529 2157 1597 2199 Zauberwelt. Shakespeares Sommernachtstraum hat
536 2187 1593 2237 Eduard Gartner mit Schattenrissen geschmückt, in denen
533 2232 1598 2281 trotz ihrer Zierlichkeit die Charakteristik der Personen
536 2270 1590 2316 getroffen ist, Phantasie zum Ausdruck kommt. Eines der
533 2313 1589 2361 schönsten lyrischen Werke der Weltliteratur „Die Nächte
533 2349 1590 2395 von Alfred de Musset erscheint zum erstenmal in vor¬
529 2395 1590 2445 züglicher deutscher Uebertragung von Irene Kafka mit
536 2424 1587 2481 Radierungen von Chr. I.. Martin, einem jungen Künstler,
533 2464 1587 2511 dem jüngst der höchste Preis für Graphik der Ber¬
536 2504 1591 2556 liner Akademie der bildenden Künste verliehen wurde.
539 2540 1587 2598 Unter den Luxusausgaben ist Prinzessin Brambilla¬
536 2580 1593 2632 von E. T. A. Hoffmann mit Bildern und Vignetten
536 2630 1590 2681 von Eduard Gartner ein Buch von graphisch und
528 2660 1593 2722 buchtechnischer Vollendung. In der Uebertragung von
534 2701 1590 2761 Voltaires »Prinzessin von Babylon, hat der Verlag
533 2749 1590 2791 mit Rolf Schott bekannt gemacht, der entzückende
533 2779 1591 2840 Radierungen zu diesem Buche geschaffen hat. Hugo
537 2815 1599 2882 Renyi hat ein indisches Märchen „Ein Quell von
532 2856 1598 2918 Trug und Seligkeiten reizvoll illustriert. Außer diesen
536 2896 1593 2948 illustrierten Büchern bringt der Verlag auch Mappenwerke
526 2942 1598 2985 mit hervorragenden Reproduktionen; als ein Denkmal
526 2985 1597 3047 österreichischer Reproduktionskunst sind die Meister¬
1990 1372 3049 1451 werke der Graphik des XVIII. Jahrhunderts¬
1990 1442 3052 1507 hervorzuheben, eine Sammlung nach den schönsten
1991 1485 3053 1539 Kupferstichen aller Techniken des XVIII. Jahrhunderts,
1995 1526 3047 1577 in Reliefgravure wiedergegeben. Die Auswahl der Blätter
1995 1563 3052 1617 ist derart, daß die Graphik des XVIII. Jahrhunderts nicht
1995 1612 3047 1654 nur in ihren besten, sondern auch in vielen seltenen
1988 1645 3049 1700 Werken zugänglich gemacht wird. Das Werk ist von
1991 1684 3047 1736 einer Vollendung und einem Reichtum, daß sich ihm nur
1995 1729 3048 1773 wenige Publikationen an die Seite stellen können. In
1995 1763 3047 1816 gleicher Vollendung sind auch Callots Balli di Sfessania
1986 1799 2193 1844 erschienen.
2024 1828 3047 1888 Theodor, sagte die Hofrätin und zog ihren Mann in
1986 1881 3047 1932 eine Ecke des Ladens, da sind diese Kunstbücher, von
1983 1919 3051 1967 denen Alfred immer spricht. Wenn man von dem
1991 1963 3047 2011 Oesterreichischen Buch überhaupt reden darf, so gilt
1988 1994 3047 2052 dies mindestens auf kunsthistorischem Gebiete, ohne Ein¬
1983 2043 3037 2083 wendung für die Oesterreichischen Kunstbücher¬
1986 2071 3044 2127 der Verlagsbuchhandlung. Ed. Hölzel, Sie dienen der
1986 2113 3048 2167 literarischen Darstellung der Heimatskunst, bieten in
1984 2157 3047 2209 schmuckem Gewande, in volkstümlicher Art und Stili¬
1986 2193 3049 2242 sierung, fachmännische Einführungen in die österreichische
1986 2234 3035 2288 Kunst. Die Bändchen sind der Beschreibung der haupt¬
1978 2276 3041 2337 sächlichsten Kunststätten und deren Schätze gewidmet
1983 2318 2838 2356 und bringen jedes zehn scharfe Kupferdrucke
2012 2349 3036 2409 Anatol besah sich mittlerweile die gebundenen Bände der
1991 2381 3043 2449 Collection Manz. Diese bringt im Original Werke
1979 2436 3041 2488 von Balzac, Dumas, Hugo, Flaubert, Fromentin, Gobineau,
1983 2472 3041 2517 Merimée, Musset. Alle sorgfältig redigiert! Ja, die Bücher
1983 2513 3044 2566 präsentieren sich, im Gegensatz zu manchen französischen
1983 2552 3041 2595 Originalausgaben, durch Qualität des Materials und Drucks
1976 2595 3044 2642 sowie geschmackvolle Einbände in vorteilhaftester Weise.
1984 2627 3040 2687 Unberührt vom tollen Tanze der Valuten kann der
1986 2668 3041 2725 Wiener sein Lese= und Bildungsbedürfnis französischer
1983 2699 3037 2761 Literatur mit verhältnismäßig geringen Kosten befriedigen.
1979 2747 3035 2801 Ein Kabinettstück erlesener Art legt Manz dem biblio¬
1986 2791 3041 2840 philen Feinschmecker jetzt auf den Weihnachtstisch mit dem
1979 2829 3036 2881 Memoirenwerk Der Fürst von Ligne (Erinnerungen
1974 2869 3035 2918 und Briefe). Eine Leistung, die dem Können des Wiener
1975 2904 3037 2952 Buchgewerbes ein leuchtendes Zeugnis ausstellt. Zum
1979 2944 3037 2995 ersten Male in deutscher Sprache, erzählt hier der Fürst
1975 2983 3044 3048 von Ligne, einer der liebenswürdigsten Geister, dem unsere
