3344 4256
724 181 1129 312 Zyklus
208 200 640 309 4.9. Anat
112 1315 905 1432 nakter aus der Reihen die „Perusteine,
114 1408 967 1509 und die vander voll eigene Kirche von
123 1487 971 1590 r Episode sagt Mag zu dem von einer Zirkus¬
118 1569 969 1657 klar, schwärmenden Anatol: „Du saht, wo¬
122 1614 965 1696 hr war. Aus dem reichen und schönen
122 1672 972 1750 nier Seele hast du heine phantastische Jugend
133 1711 976 1793 in ihr nüchtiges Herz hineinempfunden, und
129 1758 976 1840 uitgegenglänzte wie Licht von deinem Lichte."
137 1810 982 1883 de Anatol, den sein (bei Schnitzler) geistvoller
133 1868 984 1935 charakterisiert, gibt im Abschüssen er vom
114 1920 984 1993 del mit den „erstochenen Finger“, das
118 1973 978 2036 Stadt geliebt und in der Vorstadt geheiratet
120 2020 976 2115 gende feinsinnige auch innige Charakteristi¬
127 2070 991 2149 siert mich so an einen getragenen Wiener Walzer
122 2122 982 2186 mentale Heiterkeit lächelnde, schla¬
138 2169 999 2248 das ist so ihr Wesens in
127 2231 598 2300 zufrieden bei ihr.
133 2238 997 2345 es eigentlich Wienerische; die Mischung von
133 2336 993 2401 it und Wehmut fehlte bei dieser Aufführung
122 2386 993 2450 ol=Auslese. Dafür wurde das Wienerische in
122 2425 997 2491 wart zu energisch beint. Das Original is
127 2468 1000 2551 geschrieben; eine Warnung, über eine leicht
123 2523 898 2611 liche Färbung hinauszugehen! Anatol
133 2584 1002 2648 den durch übertreibungen geistig und gesellschaft
127 2624 881 2702 herabgedrückt. Die außerordentliche An¬
123 2680 864 2755 wird eben entstellt nach vernichtet,
123 2728 847 2811 des Max (Herr Wehr¬
125 2792 806 2852 , wenn er für herein, ein
137 2833 763 2900 sagt, und wenn er wohl nur üb¬
122 2876 731 2955 isses) den düstigen, seine
122 2942 705 3007 Einakters durch ein faltiges,
123 2975 699 3057 teressante Wortgruppe, die
127 3026 671 3097 sch nicht vorkommt, abschloß
122 3082 722 3172 on in der „Frage an das
168 3130 608 3207 Tod Anatols eine
125 3170 634 3258 natol des Herrn Neher
116 3235 617 3316 Bewußtsein um die
129 3284 559 3387 intelligenter Men¬
1330 174 1666 286 box 9/11
2094 1298 3115 1376 Am besten gelang das „Abschiedssouper", die tolle
1021 1328 2053 1388 ästhetischen Gefühl die Komödie der Liebe der nackten
2091 1346 3114 1429 Kehrausstimmung bei Champagner: schmerzlose Tren¬
1030 1376 2057 1442 Lüge, die Illusion der Wahrheit vorzieht, keiner, der
2091 1406 3114 1477 nung von der alten Geliebten bei schon gesichertem Besitz
1025 1417 2051 1485 in ehrlichem Bangen vor einem häßlichen Geständnis
2094 1459 3115 1518 eines neuen „Ideals. Fräulein Weiser, ausgezeichnet
1030 1487 2059 1543 die hypnotisierte Geliebte nicht fragen will, ob sie ihm
2102 1513 3125 1573 in der sorglos-egoistischen Verabschiedung des gleich¬
1028 1524 2057 1591 treu sei, das war bloß ein etwas beschränkter und dadurch
2091 1565 3129 1636 gültig gewordenen Mannes, ausgezeichnet dann im Her¬
1034 1582 2059 1644 allerdings recht komischer Herr, der höchstens aus Eitel¬
2094 1614 3123 1674 vorbrechen der derben weiblichen Instinkte bei der Er¬
1034 1625 2053 1694 keit von einer seelischen Entkleidung der Geliebten absicht.
2096 1657 3119 1720 kenntnis, daß eine andere schon Besitz ergriffen hat.
1034 1681 2055 1745 Hofmannsthal muß Schnitzlers Anatol schlecht ver¬
2102 1705 3123 1776 Wie mit der köstlichen Oberflächlichkeit der Annie wurde
1043 1724 2055 1805 standen haben, als er dem Buche die verträumten Verse
2100 1762 3129 1825 die Darstellerin auch mit der temperamentvollen Ilona
1043 1791 1202 1864 vorsetzte:
2100 1810 3127 1885 im letzten Spiel glänzend fertig. Hier konnte Fräulein
1230 1806 1689 1898 „Also spielen wir Theater,
2100 1857 3121 1928 Weiser auch wieder die besondere Kunst ihres Mienen¬
1225 1870 1748 1924 Spielen unsere eigenen Stücke,
1236 1896 1863 2003 Früh gereift und zart und traurig,
2102 1922 3121 1984 spiels zeigen, wie Mut und Trotz in ihrem Gesicht augen¬
1230 1950 1730 2018 Die Komödie unsrer Seele,
2096 1965 3127 2033 blicklich vor der Aussicht verlöschen, die frisch angetraute
1230 1975 1898 2061 Unseres Fühlens heut und gestern....
2106 2008 3129 2078 Gattin des Geliebten betrügen zu können, wie sich das
1234 2038 1780 2109 Halbes, heimliches Empfinden:
2109 2061 3136 2124 Belebende dieser Lebensaufgabe in ihrem Antlitz aus¬
1234 2083 1657 2145 Agonien, Episoden.
2115 2122 3127 2186 sprach, das war eine kleine Pantomime von hinreißen¬
1135 2124 2063 2194 Auch in den „Weihnachtseinkäufen", einem wunder¬
2109 2164 2844 2233 der und dabei höchst maßvoller Komik.
1040 2177 2059 2244 voll feinen, pastellhaft weichen Stimmungsbildchen, blieb
2792 2208 2988 2278 Darsteller,
2192 2218 2723 2278 Wenn die männlichen
1049 2225 2061 2298 von dem feinnervigen, schmerzlich=blasierten, „leicht¬
2111 2263 3134 2330 Herren Neher und Wehle, den geistigen Werten
1055 2280 2068 2356 sinnigen Melancholiker Anatol der Melancholiker
2106 2323 3136 2375 des Dialogs ebenso feinsinnig nachgehen wollten wie
1043 2330 2066 2401 durchaus hinter den Kulissen. Vielleicht verführt durch
2111 2360 3132 2431 es Fräulein Gerald und Fräulein Weiser getan haben,
1055 2395 2074 2452 die äußerst pauvere Ausstattung der sichtbaren Geschäfts¬
2117 2410 3138 2489 so würde zwar mancher drastische, derb-komische Effekt
1055 2435 2066 2506 läden (mehr Schottwien als Wien) vergröberte auch hier
2109 2468 3138 2539 entfallen, aber die wunderbare, bei leichterer Betonung
1058 2491 2072 2560 Anatol den Ton und von der schmerzlichen Entsagung,
2111 2524 3140 2588 umso reizvollere, seine Fronie der Szenen würde in
1058 2530 2068 2601 von dem nur durch Sarkasmus (nicht mit platter Lustig¬
2115 2564 3132 2663 vollem Licht oder besser gesagt: überhaupt erst er¬
1060 2582 2079 2659 keit) kunstvoll gewürzten Dialog blieb, soweit Anatol
2122 2627 2278 2695 scheinen.
1058 2627 2078 2702 in Betracht kam, wenig, sehr wenig übrig. Fräulein
2197 2654 3142 2732 Auch der Gegensatz zwischen dem verzärtelten,
1060 2689 2072 2747 Gerald dagegen war ganz vornehme, mit Geist plaudernde
2117 2723 3136 2779 blasierten, immer mit Illusionen arbeitenden unver¬
1064 2734 2072 2799 Dame, die alle prickelnden Spitzen des Dialogs graziös
2117 2758 3140 2835 besserlichen Idealisten Anatol und dem scharfsinnigen,
1064 2779 2072 2852 fühlbar machte und die die leise Wehmut,
2117 2812 3140 2876 kaltherzigen, überlegenen Spötter Max, der von der
1060 2827 2072 2897 den verhaltenen Unterton der schmerzlichen
2121 2865 3147 2936 Lerchenfelder Linie allerdings sehr weit in die innere
1066 2882 2078 2951 Sehnsucht, den stillen Ernst des Entsagens, wundervoll
2121 2927 3149 2977 Stadt hereinkommen mußte, würde dann erst, ebenso wie
1070 2938 2079 2996 durch Gespräch und Abschied klingen ließ. Auch diese
2121 2971 3142 3041 die reizenden Paradoxe des Dialogs voll hervortreten.
1066 2979 2083 3061 Szene durfte, übrigens nicht, wie es der Dichter will,
2122 3013 3140 3078 So zeigte nur das von Haus aus auf einen derberen
1066 3028 2087 3099 ausschwingen. Auch sie wurde mit einem „Applaus¬
2121 3065 3138 3138 Ton abgestimmte Abschiedssouper hübsche Rundung. Wie
1060 3091 2093 3160 drücker“ geschlossen, wenn auch mit keinem so derben
2121 3117 3140 3201 gesagt: im ganzen war es recht lustig, aber eine Artur
1062 3130 2085 3198 wie die Frage an das Schicksal. Immerhin war auch
2126 3179 2687 3258 Schnitzler-Feier war es nicht.
1066 3190 2087 3250 hier das Zuviel schmerzlicher als das Zuwenig der
2631 3201 3100 3276 Dr. Alfred Möller.
1058 3233 2087 3302 Wagen, der durch einen bis dahin diskret verborgenen
2788 3261 3130 3366 112
1066 3235 2569 3390 vierten Diener erset wurde, war leicher zu entlegen, ge¬
1259 3347 1388 3400 —
