3436 4352
300 129 772 250 4.9. Anato
818 145 1227 259 Zyklu-
1423 157 1785 244 box 9/4
741 1288 1928 1436 actions shown on
1159 1971 1738 2054 HEMSTREET
1177 2044 1712 2110 96 WARREN STREET
1218 2098 1671 2165 NEW YORK CITY
1431 2146 1745 2254 213
1313 2215 1578 2279 NY Sun
1235 2283 1658 2365 A New Director.
1128 2332 1786 2396 When Bela Blau was first consid¬
1105 2393 1783 2430 ering making the production of Ar¬
1105 2430 1786 2470 thur Schnitzlers Anatol with Jo¬
1105 2467 1786 2512 seph Schildkraut, which he will pre¬
1105 2505 1786 2543 sent at the Lyceum Theater on Fri¬
1105 2539 1785 2594 day evening, he said the whole mat¬
1111 2580 1789 2623 ter depended on finding a director
1108 2616 1786 2656 who had a feeling for the gay and
1108 2650 1789 2694 careless spirit of Vienna embodied
1113 2690 1785 2733 in the play. Schildkraut replied that
1111 2724 1789 2786 he knew the very man for the job
1111 2764 1545 2811 Gabriel Beer Hofmann.
1134 2783 1791 2839 Schildkraut had met him in Holly-
1116 2832 1792 2884 wood while both were in the talking
1113 2875 1789 2919 pictures, the former acting in Show
1111 2904 1797 2956 Boat" and other pictures, and the
1113 2949 1792 2997 latter assisting F. W. Murnau in di¬
1111 2983 1797 3027 rection. And it is Mr. Beer-Hof¬
1113 3020 1777 3080 mann who has now staged "Anatol.
1145 3058 1794 3099 The Schnitzler play will be his in¬
1111 3088 1789 3142 troduction to New York as a direc¬
1113 3133 1789 3172 tor, though he has staged a number
1111 3166 1792 3212 of plays in Vienna. A son of Richard
1116 3204 1788 3246 Beer-Hofmann, Austrian playright,
1111 3240 1789 3289 he was brought up in the midst of
1116 3280 1792 3317 the theatrical life of Vienna. His
1111 3315 1792 3357 father is a close friend of Schnitzler
1113 3352 1800 3400 and both father and son have staged
1119 3392 1736 3438 a number of plays for Reinhardt.
1128 3410 1792 3466 Last summer while in Vienna he
1119 3468 1795 3506 prepared a successful production of
1131 3500 1789 3548 Outward Bound" and began making
1119 3537 1801 3580 a dramatization of the novel, "The
1122 3567 1794 3611 Valiant. Once before he has had
1119 3604 1776 3658 his hand in a production of "Anatol
1119 3650 1801 3694 when he staged the "Christmas Shop¬
1122 3684 1794 3726 ping" scene for Reinhardt. In Hol¬
1125 3719 1804 3760 lywood, he assisted in the making of
1125 3758 1783 3797 Sunrise" and "The Four Devils.
1119 3793 1801 3836 He is now special dramatic corre¬
1116 3831 1803 3891 spondent in New York for the Vienna
1119 3864 1482 3919 Neue Freie Presse.
2072 784 2666 868 HEMSTREET
2101 853 2638 926 96 WARREN STRENT
2138 906 2609 997 NEW YORK CITY
2172 1022 2609 1116 NY American
1970 1263 2845 1443 the Broadw.
2162 1460 2620 1637 CHTER P.
2165 1670 2758 1774 ANATOL TROUGUE
2194 1817 2762 1919 STOLEN STADT
2168 1931 2759 1999 Bela Blau, Inc., presented Jo¬
2135 1977 2750 2036 seph Schildkraut in Arthur
2135 2017 2752 2072 Schnitzler's comedy of Viennese
2141 2061 2752 2112 life, "Anatol, at the Lyceum
2147 2095 2749 2146 Theatre, las evening. Walter
2141 2131 2765 2192 Connolly is featured in support
2141 2171 2755 2226 of Mr. Schildkraut, as are also
2138 2209 2759 2276 Miriam Hopins, Patricia Col¬
2135 2254 2601 2308 linge and Anne Forrest.
2189 2268 2758 2341 Others in the cast include
2141 2322 2758 2388 Ruthelma Stevens, Elena Mira¬
2147 2366 2765 2421 mova, Denne More and Oswald
2153 2407 2761 2458 Yorke. The play has been di¬
2147 2452 2761 2499 rected by Gabriel Beer-Hof¬
2147 2483 2764 2533 mann, son of the famous Vien-
2150 2520 2764 2567 nese playwright and impressario,
2153 2570 2767 2613 Richard Beer-Hofmann. The
2147 2601 2764 2677 settings have been designed by
2153 2638 2393 2691 Jo Mielziner
2192 2665 2767 2740 The English version is by
2150 2708 2492 2777 Granville Barker.
