3296 4224
1256 186 1616 267 box 8/6
148 189 653 287 4.9. Anatol
1795 1391 3217 1471 Nüancen=Tünche. Anatol ist so ein sonderbarer Schwärzen dem guten Abgan
2844 1456 3217 1505 Stimmgefistele als A¬
1795 1458 2810 1510 mer, der jeder seiner Amouren, ob sie nun im Hinter¬
1803 1497 3217 1544 stüchen des Vorstadthauses sich mühsam den kärglichen Akt mißfiel mir im
2839 1536 3227 1585 korrigieren. Von den
1803 1536 2813 1580 Lebensunterhalt erstichelt, oder als lebenslustiges
1800 1564 3219 1614 Balletenschen uneingeengt von moralischen Hemmungen Frl. Jauck, die and
2841 1603 3217 1658 rinnen in den Dam
1797 1614 2813 1655 durchs Dasein tänzelt, oder schließlich als wohlerzogene
2849 1639 3222 1691 (Bianca) und Fabr.
1797 1650 2813 1689 Mondaine nur geschmackvoll und heimlich sündigt, eine
1795 1678 3219 1725 individuelle Seele andichtet; sein Auge haftet am faden meinen gut mit ihren
2916 1715 3212 1764 Alles in allem:
1797 1720 2821 1779 dünnen Nüancenschleier und ist blind dafür, daß überall
559 1715 1593 1803 Bitte Rückseite beachten!
2841 1740 3217 1800 Ansehens wohl wert
1797 1759 2730 1813 ein und dasselbe Wesen dahintersteht: das Weibchen.
2844 1795 3219 1841 das Breslauer Publi¬
1878 1787 2813 1844 Anatol gegenübergestellt finden wir den anderen Ge¬
1171 1787 1572 1878 Telephon 12.801.
2849 1829 3214 1875 Wege geht, wie der
1795 1834 2815 1880 nießerty, seinen Freund Max. Eine Petronius Natur,
2844 1860 3225 1919 Schauspiels hinlänglich
1800 1875 2813 1917 kühl und skeptisch veranlagt; die guten Geistesgaben zu
2844 1901 3217 1950 sante, dramatisierte
1797 1914 2813 1966 fein ironisierenden Spott verspielend; mit nur einen
2839 1935 3214 1994 (con variacione). D.
1797 1945 2813 1992 anerkannten Gott: dem guten Geschmack. „Leichtsinnigen
1795 1971 3222 2023 Melancholiker charakterisiert sich Anatol in einem der liche für die Inssen
756 1971 1406 2069 OBSERVER
1800 2007 3222 2064 (nicht aufgeführten) Einakter („Weihnachtseinkäufe"), aber nehmen, daß der er
1795 2046 3217 2098 mit dem Substantiv hat er Unrecht, seine Melancholie ist theater Sonnabendu
549 2051 1601 2139 I. österr. behördl. konz. Unternehmen für
2844 2082 3217 2139 längere Zeit treu ble
1785 2095 2818 2139 ausgeklügelte Pose, raffiniert erdacht zur Genußerhöhung
860 2111 1318 2181 Zeitungsausschnitte
1797 2132 2821 2173 des im Grunde banalen Genießers, weit eher haftet der
1797 2170 2821 2214 Seelenruhe (im Sinne der Ataraxie der antiken Skeptiker)
575 2157 1603 2240 Wien, I., Konkordiaplatz 4.
1803 2204 2823 2251 seines Freundes Max Melancholie an. Trotz des lachenden
958 2225 1217 2279 Vertretungen
1795 2243 2821 2284 Spottes! — Und die Charaktere der vier Frauen? Nun,
559 2243 1601 2313 in Berlin, Basel, Budapest, Chicago, Cleveland, Christiania
1795 2274 2821 2326 eben: Weibchen! Man erlasse mir die Nüancenschilderung.
567 2310 1603 2354 Genf, Kopenhagen, London, Madrid, Mailand, Minneapolis,
1873 2315 2823 2359 Gut ausgewählt sind die vier Einakter: „Frage
559 2344 1606 2393 New-York, Paris, Rom, San Francisco, Stockholm, Peters¬
1805 2352 2821 2398 an das Schicksal", „Abschiedssouper", „Episode", „Anatols
951 2385 1228 2448 burg, Toronto.
1800 2393 2821 2437 Hochzeitsmorgen". Sie genügen vollauf zur Charakter¬
1803 2424 2823 2473 analyse der zwei Männer. Am besten gefiel der zweite
805 2427 1373 2507 (Quellenangabe ohne Gewähr).
1800 2468 2821 2505 Einakter „Abschiedssouper"; auch weil er weitaus am
559 2427 1531 2606 Ausschnitt aus
1797 2499 2823 2543 besten gespielt wurde. Die Jauck war hier unübertreff¬
1800 2541 2821 2587 lich in der Darstellung des Theatermädel Annte:
1800 2574 2821 2618 Famos offenherzig, allerliebst beschwist, wundervoll ver¬
912 2559 1184 2647 1911
1800 2613 2821 2657 fressen (der einzig prägnante Ausdruck) und reizend bös¬
1678 2585 1777 2678 4
562 2600 694 2686 un
1795 2650 2821 2696 artig, als ihr Anatol klar macht, daß auch er bereits Er¬
1163 2639 1388 2707 betheuer.
1805 2686 2815 2730 satz für sie in petto hat. Weit kühler ließ die „Frage an
844 2673 1774 2748 „Anatol. Von Arthur Schnitzler. Als
767 2720 2823 2776 eins ist Schnitzler zum mindesten in seinen jeden Ein¬ das Schicksal, die der mit Hypnotiseurfähigkeiten begabte
1803 2766 2823 2808 Anatol — nicht tut, obwohl es ihm ein Leichtes wäre,
767 2779 1777 2818 aktern, von denen am Sonnabend vier in Szene girgen,
767 2797 2826 2854 gelungen: der Nachweis nämlich, daß es Lebemännchen von der hypnotisierten augenblicklichen Coeurdame zu er¬
1805 2836 2815 2890 fahren, ob sie ihm wirklich treu ist. „Episode" und „Hoch¬
764 2852 1774 2896 gibt, die das Weib (bitte, den Typus: Weibchen!) noch
1803 2870 2668 2922 zeitsmorgen" sind amusant und fanden Beifall.
767 2885 1779 2929 ernst nehmen. Sie lassen sich durch Nüancen täuschen, von
1875 2901 2813 2958 Müller als Max war wieder voll auf der Höhe
767 2924 1777 2963 denen sich jede Frau meinetwegen eine besondere zum
1805 2947 2826 2997 sein lächelnder Spott war so echt wie sein ästhetischer
767 2960 1782 2999 Eigengebrauch zurecht gemacht hat; aber, du lieber Himmel,
1803 2994 2823 3035 Widerwillen gegen Maxens Geschmacklosigkeit, den er am
767 2989 1777 3035 der Fliederbusch dort bleibt doch nun mal „Der Flieder¬
767 3025 2823 3069 busch, ob ich ihn nun in knospender, zartgrüner Früh¬ „Hochzeitsmorgen" mühsam aus den Armen der letzten
774 3056 2821 3108 lingspracht, oder in voller duftender Blüte, oder als Flamme entwinden muß. Skodas Anatol dagegen war
772 3100 2823 3147 mählich entlaubender Herbststrauch betrachte, und keineswegs überall einwandfrei, arg übertrieben war unter
749 3129 2831 3206 Weibchen“ bleibt „Weibchen“ trotz noch so geschickter anderem z. B. der Abgang in der Episode (im Gegensatz
