3484 4256
1390 259 1746 356 box 9/3
276 274 1229 374 4.9. Anatol - Zyklus
489 584 1173 715 Klose & Seidel
556 684 1119 776 Bureau für Zeitungsauschnitte
499 749 1170 848 Berlin NO. 43, Georgenkirchplatz 21
475 895 670 982 Zeitung:
952 937 1238 1037 Tageblatt
487 970 596 1036 Ort:
483 1030 662 1119 Datum:
1119 1058 1264 1164 1922
755 1229 1322 1354 Kammerspiele.
720 1335 1354 1417 „Anatol“ von Arthur Schnitzler.
493 1405 1627 1466 Diese fünfgliederige Kette ist der Erstling aus Schnitzler
440 1444 1621 1508 Geschmeidewerkstatt. Fünf Spielchen, flirende Anekdotchen. Einst¬
440 1494 1624 1548 mals galten sie für teck, für gewagt, geradezu für unerlaubt. Die
440 1521 1623 1590 Welt hat sich gewöhnt, die Dinge anders zu sehen. Sie ist deutlich
432 1584 1629 1633 massig und etwas pöbelhaft geworden. Sie will lachen, brüllen,
440 1612 1627 1684 kreischen. Hat sie ganz verlernt, zu lächeln? Wie schön ist das
443 1649 1626 1718 Lächeln, das feinschmeckerische, auskostende, ahnende und nach¬
443 1693 1623 1763 blickende Lächeln! Bei Schnitzler kann sie es immer wieder lernen.
454 1740 1626 1800 Sie kann sich die wohlgeformte, weiße, fast frauenhafte Hand vor¬
454 1776 1632 1846 stellen, die den Text dieser Einakter niederschrieb, und darüber, im
446 1816 1630 1894 Zigarettendampf, das Antlitz des Dichters, wie es selber lächelt
443 1871 1286 1931 und manchmal in eine verschleierte Weite späht.
499 1886 1632 1968 Das dann ist erst echter Schnitzler: so wie in dem Stückchen
443 1953 1632 2014 „Weihnachtseinkäufe kundbar wird. Hier ist Anatol, dem
454 1988 1627 2055 sonst allemal die Stichworte zugetragen werden, selbst nur Zubringer,
451 2031 1629 2090 Er spricht, um Gabriele sprechen zu machen, die Dame der korrekten
446 2071 1632 2137 Welt, die sich mit keuschem Seufzer in die inkorrekte sehnt. Skizze
451 2120 1633 2178 nur, aber entzückende. Embryo von Dramen, die später entstiegen, ein
451 2160 1630 2214 leises Anschlagen von Konflikten, ein feiner Klang von Schmerz, der
451 2201 1635 2263 sich nicht zur Tat vorwagt. Und Lina Lossen, die vornehme
471 2242 1633 2307 deuterin und Deuterin, spielte, wie schon vor zehn Jahren im
448 2292 934 2359 Lessing=Theater, die Frau.
505 2317 1633 2385 Um die nachdenkliche Anmut reiht sich Betonteres: „Die
456 2366 1629 2433 Frage an das Schicksal, das hundertmal gespielte Ab¬
454 2408 1636 2478 schieds souper, dann „Episode, wo Schnitzlers Melancholie
457 2453 1629 2526 sich ins Ironische dreht. Und schließlich „Anatols Hochzeits¬
448 2496 1633 2560 morgen. Das ist schon etwas für Leute, die einen Puff wollen
448 2539 1640 2613 und vertragen, und wenn vom Erfolg des Abends zu sprechen ist,
451 2584 1353 2651 so knüpfte er besonders an diese stramme Szene an.
501 2608 1635 2700 Bis hierher hatte sich auch der Regisseur, Iwan Schmith, auf
443 2667 1638 2722 die Künste des Theaters besonnen. Vorher war er etwas zaghaft;
451 2710 1633 2777 auch vort, wo er es nicht hätte sein sollen. Er durfte Margarete
457 2748 1642 2807 Christians, die im übrigen sehr nett war, stärker entfesseln. Wir
451 2792 1636 2855 haben so viele Annies gesehen, die Niese und die Sandrock, jawohl,
448 2837 1640 2907 ihre Majestät die Sandrock, und sie waren ausgelassener. Sie tranken
450 2876 1533 2941 nicht nur Sekt, sie zeigten auch, daß sie ihn getrunken hatten.
502 2919 1639 2984 Man spielte zuerst auf Charakterdarstellung, nicht auf liebens¬
451 2962 1638 3028 würdiges Spiel. Man zog vor Schnitzler den Hut, statt diesen Hut
457 3005 1638 3069 sich ein wenig schief aufs Ohr zu setzen. Auch Anton Edthofer,
451 3049 1636 3128 Anatol, schwebte nicht genug. Am Schluß freilich, am Hochzeits¬
2205 797 2315 864 au
2263 1445 2658 1520 Kammerspiele.
2202 1502 2724 1584 „Anatol“ von Schnitzler.
1991 1557 2974 1632 Ich bin der Typus: leichtsinniger Melancholiker," sagt
1946 1618 2973 1663 fol zu Gabriele in den „Weihnachtseinkäufen", dem
1952 1655 2971 1709 nächsten Bild dem Buch nach, dem stärksten Dialog auf
1943 1699 2974 1740 der Bühne dant Lina Gossen. Und der seine Analytiker in
1949 1734 2977 1785 ihm, der sich nur absichtlich täuschen läßt, um in seinen
1940 1775 2974 1818 Stimmungen träumen zu können, kennt sich genau. Ihm
1938 1815 2955 1864 wäre nie die Idee gekommen, die Frage an das Schicksal
1949 1852 2977 1900 zu stellen. Er braucht die Ungewißheit über die Treue der
1961 1888 2973 1933 ora, um melancholisch sein zu können. Das Geständnis
1961 1931 2973 1982 er Gabriele entflammt seinen Leichtsinn zu gauklerischen
1949 1964 2965 2025 Bildern und veranlaßt ihn zu dem hoffnungsvollen:
1949 2004 2956 2050 „Gnädige Frau Gnädige Frau.“ Das „Abschiedssouper
1943 2047 2971 2096 ist ein Durchbruch der beleidigten Eitelkeit, die das inner¬
1943 2083 2970 2135 lich schlumernde bißchen Gemeinheit auf die Oberfläche
1940 2119 2968 2168 bringt. Ihn schmerzt der zerbrochene Traum in der
1940 2163 2953 2211 „Episode". Und die Resignation des „Hochzeitsmorgens
1940 2204 2573 2250 krönt den Reigen der Stimmungen.
2012 2229 2971 2284 Edthofer glaubte nicht seinen eigenen Worten. Nur
1952 2256 2974 2323 Knick durch den zerbrochenen Traum in der „Episode
1928 2301 2971 2371 war „der Anatol“. Sonst sah man bei ihm weder Stim¬
1937 2359 2968 2402 nungen noch Melancholie als den Untergrund seiner
1937 2396 2973 2442 Liebeleien. Der Leichtsinn lag in dem Schnitzlerschen
1934 2438 2965 2485 Dialog. Nicht einmal das Nachrufen, der, alle Skala der
1934 2473 2962 2521 Empfindungen in wenigen Minuten durchlebenden Lossen¬
1930 2517 2968 2569 Gabriele, verriet, daß er sie verstanden hatte. Die ihm vom
1928 2548 2962 2597 Max aufgedrungene Frage an Coras Treue blieb durch¬
1930 2590 2959 2645 aus nicht deshalb unausgesprochen, weil sie der Anatol¬
1934 2625 2962 2673 Natur zuwider ist, sondern weil er gerade im Augenblick
1943 2672 2962 2718 sich anders entschloß. Im „Abschiedssouper war er ein
1936 2715 2959 2764 eifersüchtiger Haustyrann, der, als er seine Macht ver¬
1934 2746 2961 2795 fliegen sieht, gemein wird. Nur die „Episode" war Stim¬
1937 2789 2964 2834 mung. Für den „Hochzeitsmorgen mache ich den Regisseur
1934 2828 2961 2870 Iwan Schmith verantwortlich. Er hatte hier durch das
1928 2862 2959 2910 grotesk jagende Tempo alle Stimmung zerrissen.
1928 2907 2965 2949 Die etwas auf Oesta hinausspielende Stella
1931 2938 2958 2992 Arbening wäre viel besser, hätte man ihr nicht durch
1928 2981 2955 3031 Kürzungen statt des ironischen „Auf Wiedersehen das
1925 3017 2956 3065 drohende aufgezwungen. Hermann Thimigs Max wer
1922 3063 2958 3116 bei diesem Anatol eigentlich der einzige mögliche, obgleich
1922 3102 2956 3147 er nicht der Schnitzlersche war. Aber der ironische, trockene,
1922 3138 2950 3178 prosaische Max von Schnitzler, der sowohl die Melancholie
1922 3177 2952 3224 wie den schwärmerichen Leichtsinn seines Anatol liebt,
1922 3211 2959 3263 weil sie ihm so kontrar sind, hätte für Edthofer keine
1931 3251 2950 3294 Sympathie übrig. Er konnte nur den grenzenlos gut¬
1925 3288 2952 3333 mütigen, ein wenig witzenden, treuherzigen Burschen, wie
1922 3317 2950 3378 Thimig, neben sich haben. Von den Mitspielerinnen muß
1931 3366 2950 3411 noch ganz in der Zirkusreiterin Bianca aufgehende
1922 3396 2953 3448 Margarethe von Bukovics genannt werden. Margrethe
1927 3437 2950 3487 Christians wollte zu sehr das „naive“ Ballettmädchen
1931 3478 2950 3531 sein. John Heartfield schuf stimmungsvolle Dekora¬
1925 3518 2047 3580 tionen.
1994 3525 2947 3606 Die Kostüme der Damen Gossen, Arbenina, von Theil¬
1916 3595 2950 3662 mann und von Bukovics sind aus dem Modellhaus....
1925 3637 2949 3685 ..... straße... Die Hüte der Damen sind von ......
1916 3671 2949 3747 damm .... (Die Frauen müssen ja auf ihre Rechnung
1921 3707 2089 3774 kommen.)
2686 3713 2879 3779 M. Charl.
