3344 4224
133 139 1061 239 4.9. Anatol - Zyklus
45 1011 714 1089 er der
39 1189 509 1280 liches Hoftheater
43 1268 202 1355 Anatol
45 1323 399 1407 zur Schnitzler
45 1386 698 1456 os eine der markantesten Erschein¬
42 1430 698 1485 atur, ist an unserem Hoftheater
48 1474 707 1533 " und mit dem der Anatol-Gruppe
45 1510 708 1561 inter „Das Abschiedssouper" zu
42 1549 698 1600 nahm sich auch die Freie literarisch¬
45 1598 701 1646 er an und widmete dieser Szenen¬
45 1625 708 1686 selben 5 Werke brachte, wie am
42 1677 702 1724 tel. Schon bei diesen Gelegen¬
42 1718 707 1767 nsiveren Pflege der Kunst des jetzt
45 1758 701 1804 das Wort geredet, und es scheint,
42 1798 695 1845 füllung gekommen sei. General¬
42 1837 692 1887 ja gerade bei Schnitzler zahlreiche
54 1881 702 1931 Regisseur sie reizvoller und dank¬
42 1916 701 1960 und auch, im Publikum scheint der
45 1958 701 2009 Am Samstag wenigstens war der
42 1997 695 2042 und Zuschauern sehr bald gefun¬
42 2040 690 2085 gen will, als gerade der „Anatol“
42 2079 692 2123 ng an beide Teile recht erhebliche
42 2114 692 2166 rend einige der gewählten fünf
45 2161 693 2202 mittelbar sicher sind, wie etwa das
72 2194 692 2251 freilich etwas derbe Abschluß,
66 2241 692 2285 verlangen die „Weihnachtsein¬
43 2269 698 2329 de Frage an das Schicksal, wenn
42 2318 698 2368 tigen Stimmung verlustig gehen
40 2360 695 2411 ne ungemein delikate Behandlung
45 2396 686 2447 Beweglichkeit der Auffassung und
45 2438 689 2478 sychologische und dialogische Ent¬
33 2477 695 2530 cht jedermanns Sache sind. Wenn
39 2520 696 2565 ken Anklang fanden, so ist dies der
45 2556 690 2608 eiche Qualität der Wiedergabe,
31 2599 692 2648 Spleiter, Dr. Eger, zu danken
33 2630 704 2680 Sicherheit und erlesenem Geschmack
36 2675 695 2726 gearteten Einakter äußerlich und
42 2713 701 2760 ihrer Stimmung fast restlos zu
45 2753 701 2798 standen ihm zwei der kultivier¬
45 2795 695 2855 steller des Ensembles zur Seite:
42 2832 698 2878 ächtigen Anatol abgab, und Kurt
45 2871 693 2923 Max die erforderliche Bedeutung
33 2914 692 2958 natlich undankbareren Episoden der
43 2955 689 3007 ils, die sich damit als Mitglied
31 2988 692 3041 te, Frl. Berka, Frl. Gothe,
33 3026 696 3077 und Frl. Alsen feingesehene
33 3067 689 3120 verschiedenen Arten von Weiblich¬
36 3108 695 3152 de nach zu Füßen liegt; ihrem fein¬
33 3147 692 3197 gelang es, dem immerhin etwas
33 3186 689 3232 eschmack des Peinlichen oder An¬
21 3222 692 3270 ten, so daß das künstlerische Wesen
33 3267 692 3313 lauter zutage treten konnte und
18 3301 696 3373 Eklat erwartet hatten, nicht auf ihre
535 3380 663 3461 P. S.
1256 139 1607 235 box 9/5
1341 1582 2539 1672 altera
1352 1803 2368 1902 Großherzogliches Hoftheater
1540 1887 2215 1991 Samstag, den 8. Februar.
1695 1961 2067 2042 Zum ersten Male:
1761 2020 1994 2103 „Anatole
1615 2091 2148 2158 von Arthur Schnitzler.
1412 2129 2429 2205 W. „Ich möchte gern einmal etwas aus dieser Welt
1335 2196 2417 2251 erfahren. Wie sieht es aus in dieser kleinen Welt?"
1341 2232 2430 2287 so spricht Frau Gabriele im ersten Stück. Denselben
1335 2272 2430 2327 Wunsch mögen wohl manche Theaterbesucher auch gehabt
1328 2303 2426 2369 haben, die heute die Schilderungen Schnitzlers aus der
1328 2342 2426 2408 Wiener Demimonde, in deren Mittelpunkt die der freien
1334 2384 2420 2441 Liebe huldigenden Dämchen Bianca, Annie, Cora und
1344 2423 2426 2481 Ilona stehen, kennen lernen wollten. Ob sie auf ihre
1335 2453 2429 2518 Rechnung gekommen sind? Sensationen gab es nicht, und,
1335 2498 2420 2550 sofern nicht Langeweile sich des Publikums bemächtigte,
1335 2538 2424 2595 lösten sich die einzelnen Erfolge in Heiterkeitserfolge auf.
1409 2574 2426 2628 Bei dem Anatol=Zyklus handelt es sich nicht eigentlich
1326 2617 2420 2671 um Bühnenstücke, sondern um geistreiche Plaudereien, um
1329 2648 2426 2707 Stimmungsbilder, die wohl ganz hübsch zu lesen sind,
1329 2690 2426 2737 bei einer Aufführung aber den intimen Reiz einbüßen und
1329 2725 2420 2775 den Mangel an Handlung zu sehr empfinden lassen. Aus¬
1329 2766 2423 2813 genommen hiervon sind etwa nur das Abschiedssouper
1326 2801 2423 2855 und der Hochzeitsmorgen. Wenn es auch eine kleine Ge¬
1328 2844 2426 2890 meinde geben mag, deren Anhänger sich gegenseitig die
1332 2877 2423 2926 Ansicht suggerieren, daß solchen novellistischen Tändeleien
1329 2914 2424 2970 eine literarische Bedeutung beizumessen ist, so ist dies
1332 2953 2423 2999 nicht neu, beweist aber auch für die Allgemeinheit nichts.
1332 2993 2426 3043 Das erste der Stücke, „Weihnachtseinkäufe, ist lediglich
1332 3031 2421 3076 ein Dialog zwischen Anatol und einer von ihm verehrten
1332 3067 2421 3120 Frau über die Liebeleien des ersteren, der insofern noch auf
1332 3111 2423 3162 ein höheres Maß von Interesse rechnen könnte, als man in
1329 3143 2429 3216 Anatol noch eine Art von Märtyrer seines Charakters ver¬
