3436 4224
1376 174 1734 270 box 9/2
258 178 697 279 4.9. Anat
760 177 1171 290 Zyklu-
501 422 1429 549 Ausschnitt ausblatt, Wien
510 530 656 588 vom
572 570 1305 732 Theater und Kunst.
468 705 1530 789 (Deutsches Volkstheater.) Diese kleinen prickelnden
339 756 1530 845 Szenen von Schnitzlers Anatolkomödien wirken ganz durch
346 800 1531 890 sich selbst und jede für sich allein. Gleichen einander wie ein
347 851 1527 934 Ei dem anderen, obwohl sie doch so verschiedenen Eindruck
335 904 1528 987 hinterlassen. Eine lustige Maskerade voll sprudelnder Ori¬
333 951 1530 1033 ginalität. Trotz ihrer scheinbaren Gewagtheit sind die Dia¬
333 987 1513 1083 loge und Triloge, sind die Situationen zwischen dem „Er
327 1038 1528 1135 und der „Sie“ von graziöser Zartheit und beinahe ängstlicher
326 1088 1521 1177 Zurückhaltung. Eben diese Zurückhaltung, die Vermeidung
333 1133 1534 1231 grober Effekte und äußerlicher Theatermotive erzeugen jenes
336 1189 1521 1273 seltsame Gemisch von Stimmung und Dämmerung, das den
327 1221 1522 1322 stärksten Reiz des bei der Aufführung stets willkürlich um
315 1287 1519 1367 zwei Einakter verkürzten Zyklus ausmacht. Der Anatol
315 1326 1518 1417 Kramers ist gewiß sorgsam durchdacht, bemüht dem
315 1364 1492 1463 Dichter gerecht zu werden, jener „leichtsinnige Melancholiker
318 1423 1513 1513 zu sein, als den er sich selbst kennzeichnet. Kramers Anatol
309 1468 1512 1562 ist blasiert geistreich, wird immer von halben Gefühlen auf
312 1504 1509 1608 und ab geschaukelt, verbirgt hinter gemachter Frivolität die
312 1562 1515 1651 Sehnsucht des Schwärmers, wird zum Spiegelbild des mo¬
306 1604 1509 1705 dernen Menschen, der ein ewiges Sehnen in sich trägt, alles
303 1658 1516 1746 nur in Farben empfindet und eine „kranke" Seele hat. Aber
303 1697 1501 1800 Kramers Anatol ist kein Wiener, ein Mangel, der seine
309 1753 1509 1847 Leistung wesentlich beeinträchtigt. Einen überaus glücklichen
303 1791 1506 1877 Abend hatte Herr Lackner als Mar. Er war — als Gegen¬
308 1838 1507 1942 stück zu Anatol — der genußfrohe Viveur ohne Skrupel, der
306 1892 1501 1990 die Wirklichkeit mit gesunder Bonhommie an sich herantreten
308 1942 1497 2041 läßt. Kein Grübler, frei von überspannter Sentimentali¬
297 1987 1501 2076 tät, mit einem Worte, er verkörperte den leichtlebigen Hu¬
300 2034 1495 2139 moristen, und verstand es, in seinen Max ganz eigene sym¬
306 2085 1497 2170 pathische Nuancen zu legen. Eine in der Tat herzerfreu¬
297 2145 1492 2225 ende Annie im „Abschiedssouper, war Fräulein Hedwig
291 2180 1491 2278 Keller, deren urwüchsige Natürlichkeit, deren frisches
294 2222 1485 2313 Spiel und deren aparte Auffassung der Rolle entschieden
291 2274 1489 2376 Aufmerksamkeit verdienen. In der undankbaren Partie
291 2328 1488 2417 der Bianka in „Episode" war Fräulein Waldow
291 2376 1482 2468 prächtig. Die Regie bekundete viel Geschmack, doch müßte
284 2420 1485 2509 auf den zweiten Einakter sicherlich größere Sorgfalt ver¬
279 2465 608 2538 wendet werden.
1344 2506 1462 2569 n
685 2763 1427 2865 Oesterr. Volks-Zeitung, Wien
371 2842 783 2927 Ausschnitt aus
842 2858 1281 2953 (kleine Ausgabe)
386 2933 545 3007 vom
513 2965 1400 3082 esse aller. This
413 3048 1400 3144 tol“ ist ein Jugendwerk von immanenter Jugend¬
430 3099 1399 3173 lichkeit. Dieses Feuerwerk von Geist und Humor
424 3143 1399 3221 erleuchtet dem sehenden Auge unvergängliche Anmut
430 3199 1399 3256 und bleibende Werte. Daran mag in unserer großen
432 3235 1402 3310 zu kritischen Revisionen geneigten Gegenwart
439 3274 1405 3351 erinnert werden. Die Darstellung brachte alle
435 3328 1406 3393 Feinheiten der Dichtung zur Geltung. Leopold
432 3361 1405 3443 Kramer spielte den Anatol mit deli¬
428 3405 1409 3475 kater Noblesse und liebenswürdiger Eleganz.
439 3451 1412 3527 Hans Lackner war ihm in der Rolle des Max
433 3494 1414 3568 ein vorzüglicher Partner. Das weibliche Quintett
436 3543 1411 3609 war glänzend besetzt. Nelly Hochwald war
441 3582 1417 3662 eine charmante Cora, Annemarie Steinsteck
445 3632 1426 3698 eine reizvolle Gabriele, Charlotte Waldow eine
448 3666 1417 3740 köstlich oberflächliche Bianca und Mizzi Pellar
448 3710 1424 3781 eine überaus leidenschaftliche Ilona. Als Annie
442 3758 1423 3834 debitierte Hedwig Keller in vielversprechender
451 3802 1426 3871 Weise. Sie spielte das leichtfertige Mädl mit
451 3852 1424 3915 entzückender Unverfrorenheit und hinreißendem
1254 3885 1390 3948 L. R.
451 3906 726 3989 Temperament
2022 226 2986 376 Ausschnitt Die Noue, Zeitung, Wien
2423 312 2600 379 20
2031 323 2176 425 vom
2231 371 2805 468 Deutsches Volkstheater.
2070 448 2298 504 „Anatol¬
2352 457 3040 528 der Schnitzlersche Einakter=Zyklus
1975 492 3054 558 wird sehr hübsch gespielt, die kapriziösen Stücke mit
1981 528 3060 597 Eleganz und Stimmung, die keckeren in flottem Lust¬
1976 567 3052 629 spielgalopp. Herrn Kramer liegt der Anatol ausge¬
1976 614 3048 664 zeichnet. Man glaubt ihm diese leichten Krisen und amü¬
1976 649 3048 703 santen Katastrophen der Seele. Und was vor allem ver¬
1975 693 3046 750 merkt sei: er meidet falsche Gefühlstönne. Entzückend lustig
1978 723 3052 788 ist der Mar des Herrn Lackner. Einen reizend wehmütigen
1973 760 3049 833 Ton hat Fräulein Steinsteck als Gabriele. Fesch und keck
1969 801 3048 861 zugreifend ist die Annie des Fräulein Keller im
1987 843 3046 910 Abschiedssouper". Die Bianka in „Episode" gibt Fräulein
1964 883 3052 940 Waldow in ihrer scharf charakterisierenden Art. Die präch¬
1963 913 3081 999 tigen Einakter wurden mit lebhaftem Beifall und kräf¬
1966 958 2527 1012 tiger Heiterkeit aufgenommen.
2378 1224 2876 1331 REICHSPOST, WIEN
1978 1237 2375 1316 Ausschnitt aus
1976 1313 2437 1399 vom 20. 1916
1966 1451 3007 1519 Im „Deutschen Volkstheater" hat man als vierte
1881 1494 3005 1556 Vorstellung im neuen Spieljahr unter der neuen Direktion
1878 1556 3001 1605 Schnitzlers „Anatol“ gespielt. Wir wollen annehmen,
1881 1592 3004 1639 daß der neue Direktor noch nicht über einen genügend aus¬
1884 1631 3019 1682 gebauten selbstgeschaffenen Spielplan verfügt, um all das
1881 1682 3005 1735 Wertlose, ja Unwürdige entbehren zu können, womit sein
1875 1726 3002 1779 Vorgänger den Wochenspielplan füllte. Erster Abend:
1878 1762 3002 1820 Raimund; zweiter Abend: Anzengruber; dritter Abend:
1875 1812 3002 1860 Leo Feld; vierter Abend: Artur Schnitzler. Diese Linie
1887 1853 2996 1909 sinkt denn doch ein wenig zu rapid. „Anatol“, dieses
1892 1898 3008 1951 schmierige Reigengeschwätz rund um die Liebe, könnten
1875 1943 2999 1992 wir im dritten Kriegsjahr wirklich entbehren. Besser noch:
1887 1981 3005 2037 Den ganzen Schnitzler könnten wir entbehren und diese
1887 2023 3019 2093 Entbehrung wäre ein unerhört glücklicher Gewinn. Wie
1889 2073 3004 2126 gesagt: Vielleicht ist der neue Direktor noch nicht genug ge¬
1895 2117 3010 2167 festigt, um die bisherigen Stützen des Volkstheaterpro¬
1887 2161 3004 2206 grammes abreißen und ins alte Eisen werfen zu können,
1889 2207 2996 2251 vie sie es verdienen. Wir sind in unserer Hoffnung auf
1889 2239 3008 2289 ihn vorläufig noch nicht irre geworden, möchten aber schon
1881 2286 3004 2345 bald den neuen Geist zu spüren bekommen, der doch
1884 2331 3001 2406 hoffentlich mit dem neuen Mann ins alte Haus einge¬
1878 2373 2085 2450 zogen ist.
1986 2683 2935 2818 Ausschnitt aus: digkeits-Velblatt, Wien
1998 2790 2645 2879 vom
2029 2853 2998 2957 Putsches Wiener Ehe und
2001 2930 2996 3030 „Anatol" wurde gestern aufgeführt und brachte im
2005 2980 3002 3057 „Abschiedssouper eine neue Annie. Das war früher eine
2005 3027 3001 3119 Glanzrolle der Glöckner. Jetzt wird sie von Frl. Keller
2008 3070 3004 3146 gespielt. Resch, munter und keck, mit gutem Humor und
2011 3134 3007 3193 lachenmachender Komik. Besonders zu loben ist die Zurück¬
2016 3183 3007 3245 haltung vor Uebertreibungen und die Beobachtung einer
2010 3218 2996 3298 gewissen Linie, deren Ueberschreiten dieses „süße Mädel
2013 3260 3010 3345 ins Gemeine rücken würde. Frl. Keller gefiel sehr und
2014 3313 3010 3395 wurde mit ihren Partnern Kramer und Lackner
2011 3371 3008 3437 wiederholt hervorgerufen. Die beiden letztgenannten errangen
2026 3426 3016 3488 sich auch in den andern Stückchen wohlverdienten Beifall.
2016 3464 3007 3540 Soll Lackner wirklich das Volkstheater verlassen? Nach
2017 3505 3013 3580 dem gestrigen Abend sollte man es nicht für möglich halten.
2020 3570 3016 3642 Von den mitwirkenden Damen war Frl. Steinsteck in
2019 3600 3016 3699 „Weihnachtseinkäufe sehr lieb, Frl. Waldow in
2023 3653 3016 3734 „Episode" von einer prickelnden Originalität, und Fräulein
2016 3709 2903 3807 Pellar im „Hochzeitsmorgen" voll Temperament.
2841 3755 2962 3807 treu¬
