3436 4256
1417 214 1777 313 box 8/5
296 217 1251 334 4.9. Anatol - Zyklus
1502 822 1860 899 Telephon 2.801
1010 896 1610 1057 OBSERVE
794 1027 1853 1110 1. österr. beh. konz. Unternehmen für Zeitungs¬
996 1086 1637 1153 Ausschnitte und Bibliographie.
966 1128 1693 1212 Wien, I., Concordiaplatz 4.
1188 1203 1476 1274 Vertretungen
782 1233 1853 1318 in Berlin, Brüssel, Budapest, Chicago, Cleveland, Christiania,
802 1306 1853 1353 Genf, Kopenhagen, London, Madrid, Mailand, Minneapolis,
797 1335 1853 1403 New-York, Paris, Rom, San Francisco, Stockholm, St. Peters¬
1188 1370 1461 1429 burg, Toronto.
1141 1411 1501 1467 (Quellenangabe ohne Gewöhr.
1514 1426 1873 1525 TABAT
784 1444 1460 1564 Ausschnitt BERLINE
759 1596 940 1651 vom
1074 1566 1572 1706 1
963 1730 1466 1841 Lessingtheater.
603 1804 1804 1886 Zum erstenmal: Anatol. Fünf Einakter von Arthur Schnitzler
659 1862 1815 1932 I. E. Im Lessingtheater fand Schnitzler gestern abend ein sehr
609 1900 1810 1979 dankbares Publikum besonders in der Mitte des Abends war der
612 1941 1806 2023 Beifall stark. Einige Stückchen aus diesem fünffingrigen Zyklus, der
611 1979 1813 2056 das Leben eines Wiener Viveurs mit lauter Heiterkeit und leisem
603 2029 1809 2105 Ernst umspannt, sind uns schon bekannt, und es gibt kaum eine reisende
606 2053 1806 2141 Künstlerin, die sich nicht aus dem Abschiedssuper einen
603 2099 1806 2187 leichten Erfolg geholt hätte. Alle zusammen, diese fünf Bijouterien,
606 2155 1807 2231 geben eine zu gleichmäßige und darum ermüdende Wirkung. Man
600 2190 1809 2284 kann schließlich selbst den schönsten Walzer nicht fünfmal hinter¬
597 2228 1806 2302 einander hören. Die beiden letzten zudem Episode und
601 2272 1812 2333 Anatols Hochzeitsmorgen, haben nicht mehr ursprüng¬
600 2305 1809 2406 lichen Glanz. Sie haben ihn von den ersten Stücken geborgt, und
592 2346 1586 2421 die Frauengestalten kommen zu keiner bestimmten Farbe.
642 2398 1791 2477 Aber in den ersten drei Stücken. Die Frage an das Schick¬
603 2428 1775 2510 sal. Weihnachtseinkauf und Abschiedssouper
592 2469 1789 2561 ist der Gestalter Arthur Schnitzler sehr liebenswert, wie hoch er auch
592 2514 1794 2588 inzwischen über diese Nebenspiele hinausgestiegen ist. In diesem
577 2556 1792 2630 die Dinge nehmen, wie sie sind gleicht auch er wie sein Landsmann
583 2586 1785 2678 Hermann Bahr dem Franzosen Capus, ein freiheitsseliger Geist des
586 2624 1780 2714 Widerspruchs gegen alles Philisterium ist, ohne Worte ganz heimlich
577 2662 1777 2753 diesen Szenen eingeschlossen, und die ungemachte Grazie seiner Keck¬
579 2712 1791 2788 heit kommt aus einer sehr vornehmen und sehr gütigen Natur. Man
577 2755 1778 2834 hat die Empfindung, die von anderen Arbeiten Schnitzlers sehr be¬
580 2794 1774 2893 glaubigt wird, daß die Dichterhände, die hier das sogenannte „Unehr¬
582 2834 1467 2902 bare ausstellen, ganz reine und edle Hände sind.
636 2872 1777 2946 So begleiten wir den melancholisch-heiteren, lässig unter¬
571 2913 1772 3000 nehmungslustigen, oft enttäuschten, nie abgeschreckten Anatol durch
573 2962 1774 3034 mannigfaltige Abenteuer. Wir sehen ihn immer wieder am füßen
566 2996 1763 3075 Wiener Mädel haften, mag sie nun Cora, Gabriele, Annie, Bianca
571 3048 1768 3115 oder Ilona heißen. Noch bis in den Morgen seines Hochzeitstages
571 3074 1778 3156 hinein lebt er sein bei Nacht sehr geschäftiges Mäßiggängerleben, und
571 3116 1780 3191 obschon es an fünf Stücken nun schon genug ist, wünschten wir fast
566 3156 1762 3243 noch ein sechstes, weil wir wissen möchten, was für ein Ehemann aus
560 3195 1097 3255 diesem allzu Erfahrenen wird.
621 3241 1766 3322 Der Darsteller des Anatol hat es nicht leicht, die Wirkungen zu
568 3274 1763 3356 steigern und dennoch in Grenzen zu bleiben. Heinz Konnard
560 3317 1759 3399 kam am Schluß nicht ganz um die Gefahr des schlotterig Burlesken
563 3361 1759 3441 herum. In den ersten drei Stücken war er ausgezeichnet. Man
563 3399 1757 3482 kann den schleppenden Ton des eners im allgemeinen und die
559 3440 1762 3525 müde, dann wieder schnell erregte Anmut dieses besonderen Wieners
562 3481 1759 3563 Anatol nicht besser spielen. Emanuel Reicher gab der Freun¬
557 3517 1775 3659 Mar sehr wisia, nur etwas zu angefahrt bequem in der Haltung.
1851 1757 3047 1833 Paula Somary, Lina Jussen, diese auffallend den kräftige
1850 1807 3051 1891 Schauspielerin, Hilde Herterich und Irene Triesch, die
1845 1851 3041 1920 keine Aufgabe hatte, spielten vier der Wiener Mädels, und
1845 1889 3050 1971 Mathilde Sussin die fünfte. Das war die Annie im Ab¬
1854 1932 3047 2015 schiedssouper, die immer gefällt, denn sie hat eine Schwipsszene,
1845 1980 2603 2037 und die auch gestern außerordentlich gefiel.
