3436 4224
1384 159 1746 269 box 8/5
269 173 672 292 4.9. Ana
557 177 1126 299 Zykl
1133 506 1502 613 Telephon 12.801.
1270 605 1362 690 .
598 546 1211 786 OBSERVE
436 731 1499 845 1. österr. beh. konz. Unternehmen für Zeitungs
646 801 1299 875 Ausschnitte und Bibliographie.
620 849 1351 960 Wien, I., Concordiaplatz 4.
842 923 1126 993 Vertretungen
447 923 1517 1048 in Berlin, Brüssel, Budapest, Chicago, Cleveland, Christiania,
450 1004 1517 1074 Genf, Kopenhagen, London, Madrid, Mailand, Minneapolis,
450 1052 1513 1141 New-York, Paris, Rom, San Francisco, Stockholm, St. Peters¬
842 1096 1126 1148 burg, Toronto.
794 1122 1181 1211 (Quellenangabe ohne Gewähr.)
945 1141 1465 1288 Dann eben
447 1170 834 1292 Ausschnitt aus:
1096 1248 1340 1381 Garten
454 1296 956 1425 41
432 1432 1757 1539 Direktor Brahm hat mit dem Schnitzler=Abend im Lessing¬
317 1502 1757 1580 Theater sein Publikum in die angeregterkeit versetzt. Die
336 1558 1757 1632 fünf Anatol-Einakter, von denen das „Abschiedssouper der bekannteste
321 1609 1757 1680 und auch wirkungskräftigste ist, weckten die wohligste und behaglichste
332 1657 1757 1724 Stimmung. Heinz Monnard, Emanuel Reicher, sowie die Damen
321 1698 1750 1790 Triesch, Herterich, Sussin, Lossen und Somary spielten die liebens¬
325 1757 1133 1827 würdigen Plaudereien in bester Laune.
417 1790 1753 1875 Mit Nestroys alter Posse „Der Zerrissene" hat das Neue
329 1827 1753 1919 Schauspielhaus einen so fröhlichen Erfolg errungen, daß Direktor
321 1905 1746 1975 Halm davon wohl selbst überrascht gewesen sein mag. Das aus¬
321 1956 1746 2023 gelassen lustige und dabei doch auch nachdenkliche Werk wurde be¬
325 1997 1753 2108 sonders von Ida Wüst, Emil Lind und Eugen Burg ganz aus¬
321 2041 705 2134 gezeichnet gespielt.
2329 2274 3234 2370 Episode als die Zirkusdame Bianca, die
1285 2266 2296 2381 Anatols Hochzeitsmorgen. Die
2318 2351 3211 2410 ihre Verehrer ein so kurzes Gedächtnis hat.
1292 2337 2289 2425 niedliche Szene: „Die geandas Schick
2318 2370 3304 2466 „Anatols Hochzeitsmorgen endlich verkörper¬
443 2241 1133 2495 Feuilleton.
1292 2407 2292 2469 sal konnte trotz deren dramatischen Ge¬
2314 2451 3311 2510 Irene Triesch die temperamentvolle Ilona, die
1292 2455 2285 2514 halts als Ouvertüre zu ganzen Zyklus angehen
365 2469 860 2584 de
2311 2499 3311 2558 dem hoffnungsvollen Bräutigam vor seiner Trau¬
1296 2510 2281 2569 so daß eigentlich nur der vierte der fünf Einakter
2311 2547 3311 2602 ung mit Skandal droht und sich erst beim Ge¬
1288 2558 2015 2643 die „Episode", wirklich abfiel.
491 2543 1200 2665 Berliner Theater.
1366 2591 3318 2658 Den echt wienerischen Helden dieser fünf danken an ihren künftigen Triumph über die
2314 2639 3315 2698 Gattin Anatols beruhigt. Aber selbst dieser an¬
351 2624 1270 2724 Berlin, 5. Dez. Austern und Kaviar sind
1299 2636 2292 2713 Stücke, den „leichtsinnigen Melancholiker Anatol
2314 2698 3315 2776 mutige Frauenreigen der verschiedenen „Einzig¬
277 2695 1270 2768 gewiß schöne Dinge; aber in fünf Gängen hinter
1299 2698 2292 2765 gab Heinz Monnard, trotzdem ihn seine äußer¬
1307 2720 3315 2809 Erscheinung wenig zu dieser Rolle prädestinierte, geliebten Anatols ermöchte den Eindruck nicht
273 2746 1266 2846 einander serviert, werden sie denn doch zu einen
1303 2787 3318 2853 recht glaubwürdig in seinem trottelhaften und wesentlich abzuschwichen, daß diese geistreichen
277 2802 875 2879 etwas fragwürdigen Genuß.
351 2835 3311 2912 Diese Betrachtung drängte sich gestern dem doch nie unliebenswürdigen Weiberheldentum. Variationen über das Thema „Weib etwas mit
2325 2883 3318 2942 Vorsicht genossen sein wollen, wenn sie sich nicht
277 2890 2303 2968 Besucher des Lessing=Theaters auf, wo Sein Gegenstück, der skeptische Freund Max, fand
2325 2931 3322 3016 gegenseitig in der Wirkung beeinträchtigen
1303 2938 2296 3001 in Emanuel Reicher eine bis auf wenige Züg¬
284 2946 1277 3019 Artur Schnitzlers bekannter Einakterzyklus
2322 2990 2466 3056 sollen.
1303 2986 2296 3056 entsprechende Verkörperung. In den Damen¬
539 2997 1273 3079 er verhältnismäßig später
284 3012 487 3071 „Ana¬
2381 2990 3322 3090 Liegt nicht eine tiefere Bedeutung in dem Um¬
1299 3038 2292 3093 rollen hatten fast sämtliche weiblichen Hauptkräft
284 3045 1277 3108 Erstaufführung — das Werk ist nämlich bereit¬
2329 3071 3315 3134 stand, daß im Neuen Schauspielhaus am
1303 3086 2296 3145 des Lessing=Theaters Gelegenheit, irgend einer
281 3101 1277 3167 17 Jahre alt — dem Berliner Publikum vorge
1303 3115 3318 3189 Sondertypus des Wiener „Süßen Mädels" auf Nollendorf=Platz, wo vor einer Woche die Neu¬
288 3141 1281 3226 führt wurde. Aber nicht das Alter hat diesen
2322 3174 3315 3241 einstudierung von Hebbels „Genoveva“ kühl ab¬
1303 3186 2296 3241 die Bühne zu stellen. So war Paula Somari
269 3189 1273 3282 graziösen Stücken geschadet — sie wirken vielmeh
2325 3219 3318 3285 gelehnt worden ist, acht Tage später die vieraktige
284 3230 2296 3307 heute noch so frisch wie am ersten Tag —, sondern im ersten Stück eine so allerliebste Cora, daß man
2333 3274 3330 3330 Posse „Der Zerrissene von Johann
281 3285 2300 3352 ihr eigener delikater Gehalt, der gewissermaßen es dem verliebten Anatol beinahe nachfühlen
1307 3311 3326 3392 konnte, wenn er es nicht wagt, seiner hypnotisier= Nestroy einen großen Heiterkeitserfolg erlebte
284 3341 1270 3403 löffelweise genossen werden will und in der An
2333 3363 3318 3425 — von demselben Nestroy, der schon zu Lebzeiten
1303 3374 2314 3437 ten Geliebten gegenüber „die Frage an das Schick¬
284 3392 1281 3455 häufung nur abgeschwächt wird. Dazu kommt
1318 3411 3326 3481 sal", das heißt die Frage nach ihrer Treue, zu Hebbels auf dessen Kosten die Lacher auf seiner
284 3437 1281 3503 daß einzelne dieser Einakter, vor allem die etwas
2329 3459 3326 3521 Seite hatte. Da es nun aber einmal so ist und
1318 3470 2300 3529 stellen. Lina Lossen gab in den „Weihnachtsein¬
288 3477 1281 3551 stilleren „Weihnachtseinkäufe", sich an
1303 3503 3333 3584 käufen die elegante Mondäne Gabriele, die nicht wohl auch so bleiben wird, daß das Publikum
288 3533 1281 3603 besten zur Lektüre eignen und durch eine Verkör
1310 3558 3326 3636 den Mut hat, so zu lieben wie ihre Geschlechts lieber lacht, als daß es zum ernsten Denken an¬
284 3588 1288 3647 perung auf der Bühne, selbst bei einer so dezenten
2329 3606 3322 3680 geregt wird, so kann man der Direktion des Neuen
1307 3617 2300 3688 genossinnen in der kleinen Welt, von der Anato
281 3632 1277 3695 Darstellung, wie sie ihnen im Lessing=Theater zu
2333 3654 3326 3710 Schauspielhauses bei dem jetzigen Stand der
1318 3665 2314 3739 ihr vorschwärmt. Die dankbare Rolle der Annie
281 3673 1285 3761 teil wurde, nicht gewinnen können, sondern eher
2333 3706 3330 3761 Lustspiel- und Schwankliteratur gewiß keinen
1310 3706 2303 3769 vom Ballett im „Abschiedsfouper", das un¬
284 3721 1285 3791 vergröbert werden. Umso stärker wirkten ander¬
2329 3747 3322 3809 Vorwurf daraus machen, wenn es zu diesem alten
1307 3754 2303 3817 Anatol so köstlich in der Situation des betrogener
288 3772 1281 3839 wie das „Abschiedssouper, das der Dar¬
1310 3791 3330 3868 Betrügers zeigt, fiel Mathilde Sussin zu, die man Stück zurückgreift, das seine Zugkraft bereits vor
303 3817 1285 3894 stellerin der Heldin die dankbare Gelegenheit gibt
2333 3846 3330 3902 ein paar Jahren wieder in Berlin bewährt hat.
292 3850 2303 3931 auf graziöse Art einen Schwips zu mimen, und bisher hauptsächlich als Darstellerin schwerblütigen
2333 3894 3330 3950 Und es scheint auch diesmal in seiner neuen Aus¬
1314 3902 2307 3972 Ibsenscher Frauentypen gekannt hat. Eine weni¬
288 3909 1285 4001 deshalb sehr beliebt ist, oder das bei der Auffüh¬
295 3946 3097 4079 run getwas aufs Derbe gestimmte Schlußstück: ger lohnende Aufgabe hatte Hilde Herterich in der staffierung das Neue Schauspielhau¬
