3436 4352
968 226 1178 317 yklus
249 220 764 333 4.9. Anatol
726 522 1050 615 OBSERVER
669 583 1101 681 I. österr. behördl.
724 656 1047 729 konzessionirtes
807 714 970 775 Bureau
686 745 1072 841 für Zeitungsnachrichten
809 822 970 884 Wien, I.
711 874 1060 938 Konkordiaplatz 4
706 1091 1399 1187 WIENER ZEITUNG
1058 1187 1456 1277 4. 1910
512 1480 1479 1607 Heute abend wurde der „Anatole-Zyklus
546 1526 1223 1649 fünf Einakter — von Artur
1121 1590 1446 1660 chnitzlei
448 1572 1460 1710 das Jugendwerk, in dem so viel ge¬
439 1617 1463 1755 und schon der ganze Schnitzer ist aufgeführt.
440 1669 1453 1813 die ersten Ersche. Wir sahen, die Frage
436 1723 1447 1859 an das Schicksal, „Weihnachtsein¬
430 1765 1434 1903 kaufe, Abschiedssouper, Episode¬
423 1835 1447 1959 und Anatols Hochzeitsmorgen. Die
423 1856 1444 2012 Darstellung war auf den her erforderten leichte¬
418 1923 1426 2055 sten von den und in der vorge¬
409 1965 1421 2114 Die Herren Kramer Anatol und Lackner,
409 2026 1419 2155 waren das Bleibende im reizvollen Wechsel, in holden
398 2062 1409 2208 Reigen der süßen Schnitzer Mädeln: Cor
400 2121 1406 2255 Erl. Hannemann), Gabriele (Frl. Reina,
392 2168 1400 2307 Annie Frau Glöckner), Biana Erl, Müller
385 2225 1401 2357 und Flona (Frau Calafrés). Von einzelne wird
382 2261 990 2380 noch einzelnes zu berichten sein.
398 2668 749 2776 „OBSERVER
370 2744 804 2853 1. österr. behördl.
409 2804 746 2884 konzessionirtes
493 2863 665 2946 Bureau
369 2917 762 3009 für Leitungsnachrichten
482 2973 658 3042 Wien, I.
385 3023 739 3096 Konkordiaplatz 4
615 3152 1522 3315 rager Tag
562 3378 1443 3508 Anatol im Wiener Volkstheater.
635 3461 1504 3554 Wien, 3. Dez. (Priv.) Im Deutschen Volks¬
559 3518 1496 3601 theater wurde heute der „Anatol“=Zyklus von
556 3554 1499 3668 Artur Schnitzler zum erstenmale aufgeführt.
561 3608 1499 3697 Die fünf einzelnen Einakter hatte man bisher
565 3639 1506 3734 an verschiedenen Bühnen gesehen. Diesmal sah
573 3694 1502 3778 man den Zyklus zusammen. Für Dichter und
569 3738 1406 3837 Darsteller gab es lebhaften, großen Beifall.
1358 209 1716 306 box 8/4
2876 612 3069 681 -
2234 626 2843 678 Den. konz. Unter
2224 678 2874 729 Ausschnitte und Bibliographie.
2191 719 2923 811 Wien, I., Concordiaplatz 4.
2421 795 2694 858 Vertretungen
2021 832 3080 902 in Berlin, Brüssel, Budapest, Chicago, Cleveland, Christiania,
2031 874 3082 932 Genf, Kopenhagen, London, Madrid, Mailand, Minneapolis,
2026 914 3079 981 New-York, Paris, Rom, San Francisco, Stockholm, St. Peters¬
2418 960 2691 1015 burg, Toronto.
2377 997 2737 1064 Quellenangabe ohne Gewähr.)
2023 1044 3173 1127 Ausschnitt aus: Illustriertes Wie
2241 1118 2505 1210 12. 1910
2740 1125 2884 1220 Wien
2036 1170 2178 1260 um
2108 1248 2980 1306 Deutsches Volkstheater. Ein sehr glücklicher
2009 1290 2977 1338 Gedanke, gerade jetzt den „Anatol“ von Artur
2003 1334 2969 1383 Schnitzler die fünf Einakter, zusammen herauszu¬
2006 1371 2972 1423 bringen. Von „Anatol“ zu „Medardus — ein weiter,
2006 1401 2972 1456 aber geräder Weg. Den Literaturprofessoren der Zu¬
1999 1444 2969 1496 kunft bleibe es vorbehalten, im „Anatol“ die Keime
2003 1481 2974 1536 und Spuren des „Medardus, nachzuweisen und im
2006 1530 2976 1576 „Medardus die Rudimente und Verkümmerungen
2009 1564 2977 1607 des seligen Anatol. Für heute genüge es, den
2011 1604 2972 1647 schönen Erfolg festzustellen und vor allem zu sagen,
2009 1636 2974 1683 daß sich die Leute auf geistreiche Weise amüsiert
2015 1670 2979 1727 fühlten und daß die Anatoliaden noch lange
2009 1707 2977 1760 nicht verstaubt und verblüht anmuten. Sie sind noch
2015 1746 2969 1799 duftiger Blumengarten und keineswegs Herbarium,
2006 1788 2972 1833 Und es sind doch immerhin schon einige Jährchen,
2006 1826 2970 1875 seit Schnitzler das süße Mädel entdeckt oder erfunden
2006 1862 2974 1912 hat. Unser Deutsches Volkstheater — welche andere
2012 1902 2969 1952 Bühne wäre so reich an anmutigen, jungen und ver¬
2012 1936 2977 1986 anlagten Künstlerinnen — ist in der angenehmen
2006 1979 2974 2021 Lage, fünf süße Mädchen ins Liebesfeuer schicken zu
2015 2015 2974 2066 können — und sogar die „zweite Garnitur, könnte
2009 2049 2973 2104 noch an anderen guten Theatern Figur machen.
2015 2086 2979 2145 Anatol war natürlich Herr Kramer. Wer sonst
2009 2126 2963 2176 auch Nummer Eins: „Die Frage an das Schicksal.
2015 2168 2983 2216 Man hat das feine Stückchen in letzter Zeit öfters
2019 2205 2974 2258 gesehen. Hier hatte es Duft und Stimmungsreiz
2015 2244 2974 2288 und die ironischen Pointen wurden nicht unter¬
2012 2281 2977 2327 strichen. Herr Lackner war der Stichworte bringende,
2011 2319 2983 2372 das Hölzel werfende Freund. Er hat jetzt einen an¬
2023 2358 2980 2405 genehmen Konversationston. Fräulein Hannemann
2013 2392 2983 2445 träumte die Cora sehr lieblich. In den „Weihnachts¬
2015 2432 2980 2478 einkäufen", Straßenszene im Schneegestöber, plauderte
2012 2468 2983 2513 das entzückende Fräulein Reinau sehr graziös mit
2015 2508 2983 2555 Herrn Kramer, der hier eine flüchtige Aehnlichkeit mit
2021 2544 2984 2594 dem Pfarrer von Kirchfeld aufwies. Dafür war
2012 2591 2982 2638 Herr Kramer im „Abschiedssouper von geradezu ent¬
2021 2618 2986 2674 fernt an Hartmann anklingender Eleganz der Rede,
2018 2658 2986 2703 auch der Bewegung. Frau Glöckner stellte als
2018 2698 2986 2747 Annie ein fesches Wiener Ballettmädel hin, die sich
2018 2731 2983 2783 auskennt. In „Episode sahen wir Paula Müller,
2012 2773 2986 2821 Zirkusdame ohne Liebesgedächtnis. Es war ganz
2012 2804 2993 2857 besonders reizend. Wieder waren Kramer und Lackner
2012 2850 2986 2901 ein glücklich auf einander eingestimmtes Freundes¬
2018 2884 2990 2933 paar. In „Anatols Hochzeitsmorgen" trat Frau
2021 2927 2993 2972 Galafrés als temperamentvolle erregte Ilona ins
2018 2969 2994 3010 Vordertreffen und siegte gewohntermaßen. Artur
2021 2997 2992 3049 Schnitzler wurde nach jedem der drei letzten Stücke
2012 3033 2983 3083 wiederholt und lebhaft gerufen. Die fünf liebens¬
2015 3072 2990 3122 würdigen Stückchen wirkten wie eine gute Novität.
2108 3110 2983 3165 ist echte poetische Heiterkeit in ihnen und
2018 3150 2990 3199 echte Jugend. Und man ersieht wieder einmal, daß
2015 3187 2993 3235 von allen Deutschen die Wiener von den Franzosen
2018 3226 2993 3278 am meisten profitiert haben, profitieren konnten. Seit
2018 3260 2999 3316 den Proverbes von Musset — die man gelegentlich
2023 3300 2999 3348 wieder einmal versuchen könnte. — ist nichts in dieser
2022 3339 2994 3385 Art erschienen, das an Schnitzler reichte. Ja, wenn die
2028 3376 2992 3423 Dichter von der Liebe plaudern und von den ach so
2023 3412 2994 3466 süßen Mädeln, dann werden auch die Grämlichsten
2021 3461 3003 3518 und moralisch Verdrossensten wieder jung und leicht¬
2028 3491 2999 3566 sinnig — wenigstens für so lange, als sie ihnen
2028 3534 2191 3591 lauschen.
