3248 4256
21 181 958 313 9. Anatol Zyklus
1079 159 1431 281 box 9/4
1471 142 2274 202 schehnisse zusammenbindet. Die
1476 194 2311 270 Grundidee schien mir im Theater de
1474 251 2301 322 l'Avenue nicht mit der Aufmerksam¬
1471 308 2308 374 keit bedacht worden zu sein, wie es
1476 360 2298 410 wohl wünschenswert gewesen wäre.
1467 402 2316 470 Die Mehrzahl der Besucher dachte an
1467 467 2304 532 dem Sinn des Werkes vorbei. Man
1465 513 2308 580 hatte seine Freude an dem Witz, an
1471 567 2301 629 der spitzigen, treffenden Ironie einzel¬
1465 621 2304 688 ner Szenen. Wer aber darüber hinaus
1469 678 2304 735 menschliche, seelische Erhebung er¬
1461 716 2304 781 hoffte und das ist doch nun einmal
1467 778 2304 840 der eigentliche Zweck einer jeden
1471 823 2301 916 Kunsthandlung — der ging leider leer
1469 887 1564 946 aus.
1516 906 2283 994 Die beste Leistung des Abends bo
1467 987 2287 1043 ohne Zweifel Yvette Andreyer, die di¬
1471 1040 2280 1099 Rolle der Anne im Abschieds¬
1467 1088 2274 1150 per übernommen hatte. Die Darste
1466 1145 2274 1218 lung einer zynischen Ironie, mit de
1465 1195 2280 1261 die Schauspielerin Anatole von de
1461 1243 2280 1300 Notwendigkeit einer Trennung z
1467 1294 2280 1354 überzeugen sucht, da sie sich in eine
1467 1351 2283 1415 anderen verliebt hätte, reicht na
1465 1408 2283 1469 hezu an Vollendung heran. Sprache
1467 1461 2287 1525 Mimik und Inhalt der Worte verban
1461 1508 2283 1580 den sich hier zu einer Einheit, wie man
1459 1558 2292 1619 sie auch bei den anderen Darsteller
1461 1616 2295 1681 mehr oder weniger gewünscht hätte.
1461 1669 2295 1733 Die Reserviertheit eines Hagestolzes,
1461 1721 2298 1776 mit der Louis Raymond seiner Rolle
1460 1766 2304 1848 als Anatole gerecht zu werden suchte,
1467 1825 2301 1887 mag wohl für manche Situationen
1467 1877 2301 1934 treffend am Platze sein und wirkte
1461 1927 2301 1988 auch dort, wo sie im Einklang zu der
1459 1983 2292 2043 seelischen Verfassung des Titelhel¬
1465 2033 2298 2102 den » stand, ausserordentlich überzeu¬
1461 2088 2309 2147 gend und eindrucksvoll, hat aber dann
1459 2142 2298 2212 ihre Berechtigung verloren, wenn es
1461 2184 2298 2258 sich darum handelt, die melancholi¬
1461 2244 2304 2296 sche Seite des Menschen Anatole ins
1461 2301 2295 2349 rechte Licht zu rücken. Das Geheim¬
1461 2346 2298 2413 nis der Wirkung des Schauspielers Al¬
1461 2399 2298 2463 fred Penay liegt in der Natürlichkeit
1461 2455 2289 2512 seiner Darstellungsweise Vera Scher¬
1461 2506 2298 2568 bane zeichnete die Greundin Anatols
1461 2563 2292 2630 Cora wie vom Dichter beabsichtigt,
1455 2612 2292 2689 mit leichter Hand und ohne unwirkli¬
1461 2660 2292 2723 che Tiefe. Irene Hupka, nervös verhal¬
1464 2717 2295 2787 ten, eine ansehnliche Leistung. Frl.
1454 2775 2295 2855 Dagman begann als Ilona et¬
