3484 4256
415 153 837 277 4.9. Ana¬
985 181 1099 242 —
1191 176 1348 290 klu-
1538 181 1898 278 box 8/5
1243 1183 2549 1273 deklamiert, wo Schweigen innerlichst geboten; und wird weitläufig
1247 1255 2547 1307 und eloquent, wo Kürze und Einsilbigkeit das Selbstverständliche.
1247 1305 2544 1359 Auch der Sattlermeister Eschenbacher, sonst eine so menschlich liebevoll
1250 1354 2544 1408 gesehene und gezeichnete Figur des Dramas, hat Hang zu sublimen
1256 1401 2537 1463 Wendungen. Er schaut in die Frühlingslandschaft hinaus und kon¬
1256 1448 2544 1505 statiert: „Die Säfte quellen. Man hat die Empfindung: innere
1245 1501 2541 1556 Poesie einer guten Seele schwitzt, harzgleich, nach außen durch. Der
1258 1551 2544 1608 Totengräber meint: „Mir ist noch keiner auskommen. Totengräber
1247 1588 2544 1657 im (dichterisch=qualifizierten) Schauspiel haben immer so was jovial
1256 1649 2549 1715 Tristes. Ein Hauch gutmütiger Verwesung ist um sie. Dann erscheint
1250 1696 2547 1758 in der Dichtung: ein uralter Herr mit einem kleinen Mäderl. Der
1250 1748 2547 1798 alte Herr mokiert sich übers Sterben. Gleich hat man die peinliche
1247 1797 2547 1849 Gewißheit, daß ganz bestimmt das kleine Mäderl früher wird daran
1250 1849 2547 1912 glauben müssen als der Greis. Richtig. In der Bastei=Szene wird,
1250 1893 2547 1943 als einzige Person, das Kind erschossen. Der Tod (im dichterisch¬
1253 1945 2547 2002 qualifizierten Schauspiel, hat immer so säuerlich wohlschmeckend
1256 1990 2544 2051 ironische Pointen. Da ist ein alter Arzt, der plötzlich ein wild=weh¬
1250 2041 2554 2095 mütiges, schneidend humorvolles Hadern mit Gott beginnt, weil der,
1247 2091 2547 2147 kommt ihm die Laune, Kinder vor den Eltern sterben läßt, und weil
1247 2139 2541 2199 überhaupt das Leben eine Senkgrube ist, voll von mephitischem Jammer
1253 2187 2550 2252 bis an den Rand ... Die Ballade mit ihren vielen Einlagen
1250 2236 2550 2296 übers Sterben scheint mir nicht die wertvollste Substanz des Schnitzler¬
1258 2283 1512 2353 schen Werkes.
1351 2329 2547 2397 Im Theatralischen, in der Komödie voll Spannung, Aufregung,
1253 2386 2550 2438 Ueberraschung liegt meines Erachtens der Hauptwert des „Jungen
1253 2435 2547 2495 Medardus. Szenen von kräftigster Konzentration (die erste Fried¬
1250 2484 2550 2537 hofsszene, die Zähmung des wilden Medardus durch die Prinzessin,
1253 2534 2550 2588 die Schlußszene, die letzte Szene des Eschenbacher und manches andre)
1253 2578 2554 2645 bannen immer wieder das erst affende Interesse. Mit erlesenem
1256 2628 2554 2689 Geschick sind die dramatischen ege der Hauptakteure verschlungen,
1256 2680 2562 2733 mit der äußersten Straffheit, gewissermaßen in der Luftlinie, spannen
1260 2726 2554 2785 sich die Fäden von Schicksal zu Schicksal. Ausgezeichnet der kleine
1253 2780 2550 2842 Auftritt zwischen Prinzessin und Arzt in seiner Ruhe, Klugheit und
1261 2827 2555 2882 Noblesse, die blanke, schimmernde Einfachheit der Szene zu Beginn
1253 2876 2555 2933 des Stückes, die bunte Szene vor dem Schönbrunner Schloß, fast
1260 2925 2554 2988 überquellend von Aktion und Affekt. Alles, was „Theater im Jungen
1261 2980 1943 3035 Medardus, scheint hoch qualifiziert.
1343 3013 2555 3082 Minder glücklich ist die Historie geraten. Sie wird breit, aber
1253 3069 2555 3141 ganz in der Fläche entfaltet. Ein künstlich bewegter Binnensee von
1260 3118 2552 3177 Menschen ohne natürliche Strömung, ohne Wellenschlag. Die Bastei¬
1261 3169 2550 3221 Szene ist ganz armselig. Man kommt und geht, benimmt sich furcht¬
1268 3216 2560 3289 sam oder lächerlich oder heldenhaft; aber alles so gleichgültig-typisch,
1256 3271 2554 3327 ohne Lebhaftigkeit in der Farbe. Der hier gesprochene Text ist
1253 3312 2558 3387 durchaus belanglos; er könnte ruhig wegbleiben. In der bildhaften
1250 3416 1378 3501 1266
