3296 4224
104 224 382 335 4.9.
410 221 622 302 nato
1213 214 1579 320 box 8/6
827 221 914 309 y
1301 594 1649 697 Telephon 11441.
1407 683 1513 770 4.
745 676 1303 839 OBSERV
587 822 1645 898 1. österr. beh. konz. Unternehmen für Zeitungs¬
794 867 1447 938 Ausschnitte und Bibliographie.
759 895 1492 1027 Wien, I., Concordiaplatz 4.
987 978 1258 1063 Vertretungen
589 999 1645 1105 in Berlin, Brüssel, Budapest, Chicago, Cleveland, Christiania,
587 1089 1640 1140 Genf, Kopenhagen, London, Madrid, Mailand, Minneapolis,
584 1126 1635 1204 New-York, Paris, Rom, San Francisco, Stockholm, St. Peters¬
985 1166 1254 1218 burg, Toronto.
945 1204 1301 1275 les dont
577 1235 848 1322 Ausschnitt
573 1310 829 1390 29.
877 1362 1541 1482 Mährisches Tagblatt, Olmütz
959 1557 1539 1685 Kgl. städt. Theater.
938 1647 1567 1737 Arthur Schnitzlers „Anatol."
834 1697 1729 1795 nen Schmerzen mach ich
780 1755 1725 1828 die kleinen Lieder," — so plaudent Heinrick
799 1824 1715 1927 Heine eine Intimität aus seiner poetische
792 1861 1645 1942 Werkstätte aus. Schnitzler könnte ähnlich
799 1899 2688 2017 von sich sagen. Die Kunstart, aus einem tiefen rechnete Salon=Ton des Sprechens prädestine¬
1772 1993 2688 2071 ren ihn ausdrücklich für das Konversationsstück.
808 2008 1737 2076 ethischen Probleme, ein kleines, — ungemein
1781 2045 2693 2128 Er war eine klare Verkörperung Anatols, die¬
808 2057 1739 2125 graziles, literarisches Ding, sei es eine Novel¬
1779 2090 2700 2165 ses Idealtyp's des männlichen Exotikers von
808 2106 1748 2168 lette, sei es einen Einakter oder nur einen
803 2137 2688 2227 Dialog, zu machen, ist seine ureigentliche Do= Heute: immer nur Sünde, niemals Zote,
1774 2198 2696 2262 Ausdruck der wunderbarsten Kraft des Le¬
803 2208 1746 2276 mäne. Von allen diesen Schnitzler'schen Bi¬
813 2246 2698 2326 joutterien könnte man sagen, was Marie von bens: sonniger Geschlechtsfreudigkeit. Aber
1772 2300 2696 2368 auch alle anderen Darsteller hatten das volle
813 2309 1737 2368 Ebner=Eschenbach von dem „kleinen Liede
820 2342 2705 2432 sagt: „Es liegt darin ein wenig Klang, ein Gewicht. Herr Trimbacher nivellierte die
1772 2415 2707 2481 Schwere seines tragenden Organes durch Ele¬
811 2410 1741 2491 wenig Wohllaut und Gesang und eine ganze
1774 2448 2696 2526 ganz des stummen Spieles und Elastizität des
813 2460 1746 2526 Seele." Dieses Genre ist die künstlerische Her¬
1779 2500 2698 2571 Dialogisierens. Überhaupt der Dialog. Endlich
803 2514 1744 2590 mat des Dichters. Wenn er sie, wie z. B. im
1781 2552 2698 2627 hörte man gestern wieder, wie der richtige Kon¬
1244 2561 1741 2639 gar im jungen Meder¬
811 2568 1204 2639 „Zwischenspiel oder
1772 2606 2696 2688 versationsdialog sich zu vollziehen hat, Na¬
808 2620 1741 2686 dus, verläßt, um sich auf ein Gebiet zu be¬
1779 2660 2608 2726 mentlich in den Weihnachtseinkäufen",
813 2670 1746 2731 geben, das für ihn ein künstlerisches Ausland.
1781 2696 2700 2778 Fräulein Olga Grünwald, eine sehr sym¬
811 2724 1256 2792 die Fremde, ist: dann
1284 2717 1741 2785 stellt sich paradoxerweise
1774 2754 2703 2823 pathische Salondame, mit so vielem vornehmen
808 2773 1748 2832 nicht bei Schnitzler selbst, sondern bei dem, der
1781 2811 2698 2872 Parfume, manchmal in den anmutigen Zwi¬
803 2823 1322 2901 diesen Dichter liebt, das
1393 2825 1744 2889 Heimweh ein.
1786 2860 2705 2926 scherlauten des richtigen weiblichen Sprechers,
811 2872 1746 2934 ja, auch das künstlerische Ausland Schnitzlers
1781 2917 2705 2983 zu sprechen wußte. Marianne Karina er¬
813 2917 1737 2985 hat seine Regie. Aber „dahoam is dahoam
1793 2967 2710 3023 füllte sowohl die Rolle der Cora wie die der
811 2976 1741 3035 Diese kleinen Sachen sind halt doch viel en¬
1779 3011 2698 3077 Bianca in der „Episode" mit allem Duste na¬
808 3030 1753 3091 zückender als die monumentalen Werke, durch
1784 3063 2707 3129 türlicher Mädchenhaftigkeit. Im „Abschiedsson¬
811 3082 1209 3148 die Schnitzler die
1268 3075 1748 3136 reichische Literatur berei¬
1781 3117 2710 3183 per war die Anni des Fris. Mela Münzer
820 3129 1185 3197 chert hat. „Anatol
1272 3131 1741 3205 d „Lebendige Stunden
1779 3169 2710 3235 ein niedliches Kabinettsstückchen temperament¬
811 3176 1188 3249 bleiben das eigent
1263 3181 1746 3254 Typische an Schnitzler.
1772 3216 2707 3289 voller Darstellungs = Plastik. Die Ilona des
815 3230 1145 3294 Daß die fünf
1258 3228 1746 3289 atol-Einakter für das
1786 3266 2703 3329 Frls. Liebwalt war sehr tief erfaßt in der
813 3278 1164 3353 Olmützer Theater
1270 3282 1746 3348 Novität waren, ist ein
1781 3311 2710 3384 ganzen Anlage sowohl, wie in der Erfassung
811 3334 1145 3400 Tatsache, die de
1249 3334 1753 3407 erenten in den Zustand
1781 3369 2710 3431 hysterischer Affektationen. Die Regie des Herrn
815 3384 1131 3450 einer Art kritisch
1237 3381 1753 3452 elancholie versetzt. Längst
1784 3417 2707 3485 Paulmann sorgte für Eleganz und mög¬
822 3433 1103 3499 Gesagtes noch
1272 3431 1744 3499 sagen! In eine Zeitung
1784 3471 2618 3544 lichst gute Ausstattung der Szenenbilder,
813 3485 1112 3549 zu setzen, was
1246 3473 1744 3551 lange in der Literaturge¬
1779 3513 2710 3582 von gewissen Wiener Geschäfts=Auslagen na¬
825 3530 1140 3600 schichte steht
1277 3527 1746 3600 sehr neuartig auch heu¬
1786 3579 2712 3633 türlich vollständig abgesehen. Alles in allem:
820 3574 1124 3650 noch diese für
1192 3584 1758 3652 Akte anmuten, so überholt
1784 3622 2705 3678 ein tadelloser Abend, auf den wir das Publi¬
815 3638 1758 3711 müßte ein Restat klingen, das sich darin ge¬
1784 3673 2707 3732 kun, aufmerksam machen. Publikum? Das
825 3685 1748 3754 fiele, „Anatol“ heute als eine „Novität" auszu
1786 3723 2707 3786 Haus war ja nicht gerade schlecht besucht. Aber
822 3735 1699 3798 fassen. Hier fünf literarische Immortellen,
1791 3768 2712 3831 dieser Abend hätte eben einen noch besseren
820 3784 1748 3848 und da eine Zeitung von — gestern Nein
1791 3831 2707 3893 Besuch verdient. Jetzt hat das Publikum au¬
825 3836 1753 3921 Es war mir peinlich genug, als ich hier vor
1791 3871 2710 3933 genscheinlich ein gutes Schauspiel. Warum
832 3885 1678 3968 drei Jahren über Ibsens „Rosmersholm"
1784 3935 2714 3991 kommt es also nicht in hellen Scharen? Wo
836 3942 1616 4017 22 Jahre nach der Ur=Aufführung!
1793 3977 2594 4039 steckt es denn? Hinter dem Ofen?
2625 3973 2707 4032 Der
822 3989 1656 4060 schreiben mußte. Es ist ja klar, warum
2575 4020 2672 4098 ch.
1791 4022 2238 4109 Teufel soll es holen!
815 4041 1755 4109 diese fünf Akte so spät in das Repertoire eines
825 4090 1706 4161 Provinztheaters eingliedern: sie erheischen ei
803 4156 3296 4223 ausgesuchte Darstellergruppe von einer ganz
