3436 4256
1389 214 1754 318 box 8/5
278 226 1356 321 4.9. Anatol - Zyklus
396 464 560 547 „OB.
376 534 562 615 ter
414 597 534 660 kon¬
389 707 488 790 für
997 754 1485 856 4
424 796 726 874 Konkordate
748 872 1498 970 Berliner Börsen Zeitung,
969 954 1377 1041 Morgenausgabe
631 1118 1291 1210 Kunst und Wissenschaft.
621 1187 1418 1245 Das Lessing=Theater kam gestern mit
507 1236 1400 1288 Arthur Schnitzlers Einakterzyklus „Anatol
507 1276 1417 1322 heraus. Es brachte natürlich nicht den ganzen
507 1318 1411 1362 Zyklus, der aus ungefähr zehn Stücken besteht,
518 1359 1408 1405 sondern nur die fünf: „Frage an das Schicksal
515 1387 1415 1449 „Weihnachtseinkäufe", „Abschiedssouper", „Episode
507 1437 1417 1479 und „Anatols Hochzeitsmorgen“. Und das war
507 1474 1420 1529 eine gute Auswahl, die es zu einem schönen, starken
518 1519 784 1570 Erfolge brachte.
550 1535 1426 1606 Drei dieser Einakter, „Episode", „Weihnachts¬
507 1596 1423 1638 einkäufe" und „Hochzeitsmorgen", sind in Berlin
507 1635 1417 1687 noch nicht gegeben worden, waren also gestern so
515 1672 1426 1724 etwas wie Novitäten. Aber sehr neu muteten sie
507 1715 1426 1763 nicht an und aufregendes ist nicht über sie zu ver¬
515 1749 1424 1806 melden, denn genauer besehen, ist ja einer dieser
523 1789 1424 1848 Schnitzlerschen Einakter immer genau so wie der
523 1834 643 1884 andere.
559 1848 1423 1919 Der gute Anatol hat ein Rendezvous oder eine
523 1908 1424 1961 Begegnung oder er plaudert mit seinem klugen
523 1946 1424 1995 Freunde Max über die Liebe mit wehmütiger Ironie.
523 1992 1426 2039 Oder mit ironischer Wehmut, je nachdem und
515 2027 716 2088 wie's treft.
556 2042 1427 2115 Die Stücke sind alle meisterhaft leicht und heiter
515 2110 1426 2156 hingestellt mit jener an Heine erinnernden Selbstver¬
523 2147 1424 2199 ständlichkeit, hinter der sich doch feinster künstlerischer
515 2187 1423 2237 Bedacht und eine erstaunlich vorsichtig abge¬
515 2224 1423 2268 wogene Oekonomie verbirgt. Unaufdringlich und
515 2265 1426 2311 vornehm lässig wird im Dämmer eleganter
523 2304 1420 2350 Herrenzimmer geplandert: von jener Passion, für die
515 2339 1426 2387 das Wort Liebe viel zu ernst und schwer ist; von
515 2378 1423 2428 der Treue, die keiner hat vom Vergessen, und wie
518 2422 1423 2478 heiter das Leben ist und wie traurig trotzdem immer
523 2456 716 2511 unser Herz.
562 2472 1423 2552 Ein bißchen viel Wienertum. Uns, die wir nicht in
523 2535 1417 2582 Capua geboren sind, geht's doch auf die Nerven,
526 2580 1423 2620 wenn da die beiden eleganten jungen Herrchen
526 2616 1428 2665 immer um das Kanapee stehen und von ihren
529 2659 1430 2703 schwächlichen Abenteuern seufzen und witzeln. Da
523 2694 1428 2740 draußen braust die Well, da brechen die Speere in
523 2736 1426 2796 größten Geisterschlachten. Habt ihr Waschlappen
521 2777 1099 2826 nichts als eure Coras im Kopfe?
559 2793 1430 2869 Aber ein feinster Künstler hat das mit leisen Händen
526 2855 1427 2898 gemeistert und wir haben uns seinem Willen zu
521 2891 1423 2944 fügen. Außerdem wird im Leising=Theater stark der
521 2941 1430 2999 Akzent auf das Lustspielhafte der Werke gelegt, sodaß
526 2984 1428 3049 die etwas verdrießliche Stimmung, die sich bei der
525 3033 1288 3101 Lektüre meldet, auszukommen nie Zeit findet.
565 3052 1430 3142 Den schauspielerischen Ehrenpreis des Abends holte
535 3105 1430 3167 sich zu allgemeiner Ueberraschung Mathilde
525 3147 1430 3206 Sussin. Sie war im „Abschiedssouper“ von
526 3182 1430 3243 einem Uebermut und in all ihrer tollen Laune von
535 3222 1437 3277 einem Charme, den man der strengen Meisterin
538 3258 1427 3323 Ibsenscher Frauen nicht zugetraut hätte. Die anderen
531 3299 1439 3367 Darstellerinnen der durch Schnitzlers Stücke huschenden
541 3345 1436 3407 süßen Mädels traten hinter dieser starken Wirkung
540 3375 1431 3440 zurück. Auch Irene Triesch, die als Ilona sich
535 3411 1431 3477 die Komik ihrer Rolle durch eine herausfordernd über¬
535 3460 976 3525 moderne Toilette verdarb.
571 3469 1436 3549 Den Anatol gab Heinz Moissard mit einer
538 3530 1433 3598 Glatze, die von Stück zu Stück wuchs wie der Mond
540 3573 1436 3641 in seinen ersten Vierteln. Er war ganz vortrefflich
577 3613 1443 3676 sehr drollig und es schadete nicht viel, daß er sich
550 3657 1445 3713 durch den Beifall des Publikums in den letzten
541 3692 1445 3750 Stücken verleiten ließ, seine Drolligkeit etwas allzu
541 3741 905 3802 sehr zu unterstreichen.
574 3774 1448 3840 In der brillanten Rolle des Max fiel Reicher
537 3812 1445 3883 ziemlich ab; schon weil er sich eine herzlich unbedeutende
537 3848 1329 3916 und unvornehme Maske zurecht gemacht hatte.
1297 3883 1412 3938 V. A.
1911 745 2573 819 in Berlin, Brüssel, Budapest,
1911 807 2968 862 Genf, Kopenhagen, London, Madrid, Mailand, Minneapolis,
1911 833 2959 912 New-York, Paris, Rom, San Francisco, Stockholm, St. Peters¬
2298 881 2569 938 burg. Toronto.
2257 921 2619 982 lange das Genie,
1900 954 2750 1131 Annehat aus gleich
1894 1077 2067 1145 vom
2036 1211 2708 1316 Aus dem Kunstleben.
2175 1287 2554 1365 Lessing-Theater.
2121 1341 2644 1418 Schnitzlers „Anatol.
1874 1384 2953 1468 Wir waren bedeutend jünger, als Artur Schnitzlers
1789 1437 2959 1513 elegant melancholische Szenenreihe aus dem abenteuerreichen
1791 1491 2958 1554 Dasein eines Wiener Don Juanito erschien. Aber grade darum
1786 1533 2958 1604 dachten wir heut abend recht vergnügt die nachdenklichen
1789 1575 2958 1643 Witze und heiteren Problemchen des fein unterhaltenden
1785 1627 2956 1680 Buches im Theater zu genießen — zumal es noch immer
1782 1670 2956 1742 eine Ausnahme ist, wenn Brahm die moderne Dramatik
1782 1717 2342 1760 auf die leichte Achsel nimmt.
1869 1740 2829 1822 Es war auch zunächst sehr vergnüglich,
2872 1763 2963 1820 den
1774 1797 2953 1868 wegnerischen Lebenskünstler und Selbstbetrüger, seinen
1774 1835 2959 1909 trockenen Freund und Szenenfüller Max und das eine oder
1779 1897 2956 1948 andere Wegner Madl beisammen zu sehen und plauschen
1774 1939 2953 1999 zu hören. Doch ließ die Freude bald nach, da die Geschichte
1774 1987 2953 2041 im wesentlichen sich nur um sich selbst drehte, statt sich vor¬
1782 2021 2947 2067 wärts zu bewegen. Der Horizont ist zu eng, das psycho¬
1776 2060 2944 2143 logisch Fesselnde zu zersplitternd fein für eine regelrechte
1774 2098 2053 2163 Abendfüllung.
1860 2125 2956 2208 Dazu kommt wohl auch, daß die zwei bühnenwirksamsten
1772 2187 2950 2262 der fünf Stücklein („Die Frage an das Schicksal" und „Das
1769 2233 2952 2304 Abschiedssouper") längst, zusammen oder getrennt, über
1779 2286 2947 2342 viele Bühnen gegangen sind. „Weihnachtseinkäufe und
1777 2328 2946 2394 „Episode sind doch gar zu dünn und handlungs¬
1779 2372 2947 2427 los, um als dramatische Werke noch so kleinen
1774 2418 2950 2474 Stils betrachtet werden zu können. Und zu Ehren
1767 2459 2950 2517 des Dichters muß festgestellt werden, daß er das offenbar
1774 2501 2944 2566 auch gar nicht beabsichtigte, als er in lyrisch-humoristisch¬
1774 2545 2949 2609 sentimentalen Stunden der sachte schwindenden Jugend diese
1766 2598 2950 2654 zarten Skizzen hinwarf. Im selben Maße, in dem sie dem
1776 2638 2944 2697 derberen Wesen des Dramas oder dem lauten des Theaters
1782 2678 2956 2734 sich nähern, im selben Maße müssen sie an ihrem eigensten
1766 2719 2220 2786 Reiz Einbuße erleiden.
1857 2761 2938 2824 Trotzdem eines ins andere gerechnet, ein recht unter¬
1766 2810 2601 2876 haltsamer Abend ward es doch noch.
2672 2808 2955 2875 An drolligen
1767 2847 2944 2907 Situationen und witzigen „Prägungen" blieb genug, um
1767 2891 2938 2959 über matte Stellen immer wieder hinwegzukommen.
1767 2944 2943 3005 Das Lessing=Theater hatte auch keine künstlerischen
1764 2983 2938 3040 Kosten gescheut, um den „Anatol“ für die Bühne
1767 3027 2941 3088 zu gewinnen. Die Regie Emil Lessings half tunlichst
1770 3074 2941 3126 nach, allzu Schmächtiges durch Mimenkünste kräftiger
1764 3122 2938 3169 erscheinen zu lassen. Heinz Monnard war im Wieneri¬
1770 3159 2938 3219 schen wie im Selbstironischen des Lebemanns gelegent¬
1761 3206 2943 3264 lich ein bißchen zu besorgt um deutliche Kund¬
1769 3259 2941 3308 gebung der künstlerischen Absichten, hatte aber viele
1757 3287 2940 3349 köstliche Momente und war der Verlebendigung
1766 3330 2938 3397 des blassen Buch=Anatols im ganzen äußerst nützlich. Aus
1769 3377 2937 3448 Max, dem Mann im Schatten, machte Emil Reichers
1767 3422 2934 3475 launige Mimik erstaunlich viel. Und die Damen
1764 3468 2935 3525 Somary, Lossen, Sussin, Herterich
1761 3515 2935 3561 und Triesch waren jede auf ihrem Posten ebenso reizend
1761 3546 2937 3614 wie vortrefflich. Die beste Gelegenheit, sich auszuzeichnen,
1764 3590 2932 3653 hatten dabei Mathilde Sussin und Irene Triesch, beide
1755 3644 2941 3721 nutzten die Gelegenheit mit glücklicher Mischung von Können
1758 3681 1993 3752 und Laune.
2515 3685 2858 3755 Willy Rath.
