3436 4352
1244 155 2615 231 Blau production, Herr Beer-Hoffmann, worked, although for the most part he
1282 193 2618 269 Richard Beer-Hoffmann, a major poet wrote standing up before a little old¬
1250 241 2620 312 in the German language and father of fashioned slant desk that stood before
1246 272 2618 349 the present director of "Anatol," is a a broad bay window looking out into
1948 315 2618 365 his gardens, from which he seemed to
1253 324 1917 403 neighbor of Dr. Arthur Schnitzler, liv¬
1246 353 2627 434 ing in the outskirts of Vienna. One derive no end of inspiration both from
1253 406 2621 477 day when I was taking tea with the working in them and looking down
1955 444 2162 504 upon them.
1257 442 1926 525 Beer-Hoffmanns I was asked if I had
1981 463 2618 534 I asked him to explain how he could
1255 491 1935 559 met Schnitzler. I said "No," but I
1253 513 2587 599 would like to meet him, although I had write more than one thing at a time.
2007 565 2566 637 Writes Play and Novel Together
1253 575 1924 640 been told generally that that was im¬
1981 608 2625 683 "I like to write a play and a novel at
1248 613 1931 695 possible. Herr Beer-Hoffmann assured
1246 642 2630 714 me that it was not difficult at all. He same time. By that I mean when
1262 701 2625 756 went to the telephone and called up of writing the
1265 744 2625 816 the doctor. A ten minute tal followed the
1255 783 2628 850 and he returned saying he was sorry the two are so very different.
1253 830 2630 883 but Dr. Schnitzler was averse to meet¬
1957 862 2628 917 feel the dead weight of it after I have
1257 873 1499 936 ing strangers.
1293 892 1928 971 A few weeks later I told this anec¬
1961 911 2632 971 been writing steadily for some time;
1258 943 1926 1010 dote to the late Hugo von Hoffmanns¬
1957 950 2630 1005 whereas playwriting is always ex¬
1262 981 1935 1052 thal (writer of the scores of many of
1961 990 2632 1043 citing and I pause when it has ex¬
1258 1024 2628 1107 Richard Strauss's famous operas), also
1258 1072 2634 1131 an intimate of Schnitzler. He sat down
1258 1100 1938 1174 and wrote a letter to him and arranged
1955 1114 2637 1165 play one off against the other and find
1267 1155 1930 1212 to make an appointment for me by
1966 1152 2634 1220 that many problems that seemed im¬
1263 1191 1931 1267 telephone after the letter had been re¬
1964 1195 2632 1257 possible yesterday come with less di¬
1265 1231 1938 1305 ceived. This led to an appointment to
1967 1236 2634 1303 culty when I turn back to the after
1267 1269 1938 1332 see Schnitzler that was broken three
1967 1277 2639 1343 a days exercise in a quite different field
1267 1317 1935 1375 times, as though he repented of it, be¬
1262 1324 2640 1446 fore I was finally invit à to come post creation. My last two books and
1962 1363 2637 1425 play I wrote in this mannerall at
1262 1411 1375 1461 tively.
1967 1410 2642 1473 once, so to speak. And I finished them
1303 1405 1940 1492 Through a most regrettable circum¬
1967 1461 2350 1516 all at one time nearly,
1265 1477 1936 1544 stance I mislaid the precious address¬
1998 1456 2647 1549 My critics sometimes say that I am
1274 1523 1938 1580 that does not appear in any directory
1265 1523 2637 1625 or telephone book. I trusted to me always concerned in some way with the
1269 1565 2646 1663 ory and rang the bell or nearly every virtue of women. I suppose that is
1967 1602 2647 1668 true, since I find that most of the
1274 1642 1940 1706 villa on Sternwartestrasse before I hit
1971 1659 2639 1713 passionately dramatic things of life
1263 1682 1943 1740 upon the Schnitzler menage. Every one
1967 1687 2639 1752 especially its tragedies are concerned
1974 1737 2646 1800 with the virtue or lack of it of
1967 1768 2649 1825 women. There are some who say that
1964 1825 2649 1874 the virtue of women has altered since
1969 1850 2661 1904 the war. But I do not think so. The
1969 1893 2654 1957 change is really not so great as we read.
1964 1931 2654 1986 People are much the same; surely human
1967 1973 2649 2038 nature has not altered. The human
1971 2019 2656 2078 boundaries only are changed more
1967 2062 2656 2110 freedom is given to go out, which, alas,
1971 2095 2661 2157 has its corollary, implying there is
1971 2140 2658 2191 more freedom to invade the private
1969 2176 2654 2245 life and person. There are chain and
1969 2220 2642 2315 penates of freedom as well as et im¬
1971 2272 2191 2331 prisonment.
2009 2286 2649 2368 The great thing is that women in
1971 2344 2651 2411 ever increasing numbers are no longer
1974 2387 2651 2441 in the home, but are out working, and
1974 2425 2652 2477 that I find in itself is a very excellent
1974 2463 2652 2520 change. If it gives the woman freedom
1978 2510 2654 2578 it also equips her with independence.
1974 2546 2654 2620 She earns her own money and can
1974 2596 2654 2658 choose her own friends, loyers if she
1979 2621 2654 2687 will, like a man. Of course there is
1974 2666 2654 2730 always danger of her losing the in¬
1979 2713 2623 2787 dispensable qualities of womanhood.
2017 2733 2656 2813 Between the lines and words, we
1981 2792 2652 2857 may discern Schnitzlers attitude to¬
1986 2833 2661 2900 ward The Affairs of Anatol." Written
1985 2874 2649 2943 in those days of gay Vienna, before
1981 2928 2661 2985 the war, any romantic adventures were
1990 2962 2661 3021 possible nay, probable, according to
1990 3000 2661 3057 Schnitzler, Only Schnitzler would have
1985 3038 2658 3095 dared to write and try to produce the
1986 3086 2661 3136 most audacious play of its period¬
1990 3119 2659 3176 Reigen" that was variously acclaimed
1985 3165 2658 3226 and obbed even in liberal Vienne
1993 3202 2663 3260 and finally proscribed even in the
1986 3258 2663 3312 printing. The gloomiest tragedy stalks
1986 3288 2666 3346 through his mind rubbing elbows or
1995 3324 2666 3389 wings with oasis comedy and elfish
1990 3374 2666 3436 fantasy. Always tinged and pierced
1986 3420 2572 3482 with the flaming spear of virtue.
2100 3448 2558 3529 Refuses to Visit America
2029 3506 2664 3565 The next time I saw Schnitzler, he
1993 3542 2664 3603 had finished "Spiel im Morgengrau
1991 3591 2663 3649 but three days before and had selected
1991 3632 2664 3690 this title after many changes. He was
1990 3678 2663 3730 as happy as a child over it. His
1993 3714 2666 3770 Traum Novelle" was running in Van-
1998 3756 2664 3804 ity Fair at the time. His novels were
1997 3795 2654 3849 all being published regularly in Eng¬
1993 3840 2666 3899 lish and his plays were being spoken
1998 3887 2518 3940 of frequently for our stage.
2035 3912 2666 3971 "Why don't you come to America¬
2004 3964 2666 4026 you would create a vogue, like so many
1997 4002 2594 4062 other foreigners?" I asked him.
2035 4041 2680 4110 "Oh, no, I am afraid of many things.
2115 4095 2601 4176 Continued on page four)
