3436 4352
372 116 1379 167 die Wiener Lebejünglings Jugend von vor zwanzig
380 156 1380 221 Jahren. Er ist beinahe ehrwürdig geworden. Wer ist
380 207 1373 277 denn dieser Anatole eigentlich? Ein wohlerzogener
380 257 1372 318 wohlgekleideter, wie es scheint auch wohlgestellter Herr
377 306 1372 366 der zwischen Poesie und Musik herumflaniert
397 360 1383 420 Anatole lebt nur, um zu lieben — ein Teil seiner
377 413 1379 474 Freundinnen liebt, um zu leben. Anatole ist einer,
377 458 1386 526 der holden Illusionen nacheilt, um sie zu haschen
383 512 1389 575 den Schmetterlingen und den Seifenblasen der Liebe.
377 560 1386 621 Er ist klug genug, um einzusehen, wie dumm das ist
448 610 1386 677 aber nicht klug genug, aufzuhören. Neben ihm
387 665 1388 726 schreitet sein Freund Max durchs Liebesleben, wie
389 709 1383 766 Mephisto neben Faust oder wie Carlos neben Clavigo.
386 766 1386 829 So ungefähr bloß. Max ist die personifizierte ironische
375 817 1393 880 Vernunft, die Weltmannsweisheit, der den Dingen
419 912 1424 969 überlegene, ihnen bis auf den doppelten Boden
427 969 1426 1024 schauende, sie durch Erkennen aufhebende Geist. Dabei
421 1017 1423 1078 ein sehr liebenswürdiger Gesellschafter. Anatoles
417 1077 1423 1132 romantischen Phantasien setzt er seine kühle Beobach¬
424 1122 1426 1183 tung des Tatsächlichen diskret entgegen und wartet
424 1165 1426 1224 sein ab, bis alles schön ausgebraust und bis zu
427 1217 1426 1273 Ende geliebt ist. Dann zieht er die unmoralischen
419 1267 1424 1331 Schlußfolgerungen und überflüssigen Nutzanwendun¬
424 1322 1423 1383 gen. Oft nur mit einer wegwerfenden Geste, was ja ge¬
413 1373 1426 1434 nügt. In der „Frage an das Schicksal soll
421 1417 1416 1473 ein in hypnotischen Schlaf versenktes „süßes Mädel
420 1468 1423 1529 um ihre Treue befragt werden. Anatole wagt es nicht,
419 1525 1426 1582 die Frage an die holde Schläferin zu richten, er weckt
426 1571 1419 1630 sie lieber unbefragt auf. Aber wie erschrickt die holde
424 1629 1427 1693 Schläferin nachher, da sie glaubt, sie wäre befragt
413 1671 1416 1725 worden! — In den „Weihnachtseinkäufen
419 1721 1424 1779 beneidet eine mondäne Frau, die nicht den Mut fin¬
413 1769 1419 1833 det, zu lieben, wie und wo sie gerne möchte, dass
413 1829 1419 1887 süße Mädel" um ihr kleines Vorstadtglück und schickt
419 1880 1419 1944 ihr ein paar Veilchen. — „Abschiedssouper ist
424 1928 1423 1979 schon öfters gespielt worden. Die kleine Ballerine im
417 1981 1424 2046 Séparée. Drolliges Auseinandergehen. Man erzählt
423 2023 1423 2090 sich zum Abschied, als Dessert der Liebe, daß und
413 2080 1423 2134 wie man einander betrog. — „Episode". Feinste
416 2121 1414 2186 Tragikomödie. Anatole bewahrt die zärtlichsten Erinne
413 2183 1423 2239 rungen an eine träumerische Stunde, und sie, die
413 2216 1426 2293 Bianka aus der Zirkusmanège, hat alles total ver¬
419 2283 1417 2337 gessen — den Freund, die Stunde, das Klavier mit
420 2332 1416 2384 samt der Ampel. Wie weggewischt! — „Anatoles
411 2385 1423 2450 Hochzeitsmorgen". Ilona will ihn nicht zur
407 2433 1423 2497 Trauung lassen. Sie entläßt ihn zuletzt doch in die
416 2474 1419 2545 Ehe, weil er ihr ja dann noch viel gewisser und sicherer
406 2535 1412 2605 ist als unvermählt. Anatole heiratet also. Anatoles
411 2575 1416 2652 Glück und tragisches Ende. Der Junggeselle Anatole
416 2637 1405 2687 stirbt. Anatole, der Ehemann, ist nur der verbreitert.
413 2686 1413 2734 Schatten, das verfettete Gespenst des so seligen Ana¬
406 2727 1412 2789 tole. Es ist, als ob Don Quixote oder Hamlet oder
416 2779 1409 2840 irgend sonst ein Held heiratete. Das ist sein besiegelten
409 2835 1405 2894 Untergang. Das Ja am Traualtar bedeutet die Ver¬
409 2887 1414 2951 neinung seiner ästhetischen Möglichkeit, die Vernichtung
416 2938 1405 3009 seiner künstlerischen Existenz. Deshalb schließt auch
406 2988 1405 3043 der Zyklus damit, er muß folgerichtig damit schließen
409 3038 1410 3094 Herr Kramer war ein sehr liebenswürdiger und
409 3091 1410 3151 glaubhafter Anatole. Herr Lackner überraschte durch
409 3144 1410 3202 einen leichten, hübschen Konversationston. Auch das
400 3189 1410 3252 Deutsche Volkstheater ist ein Klein=Paris und bildet
404 3240 1405 3306 seine Leute ! Die Damen Hannemann, Reinau,
409 3292 1410 3358 Glöckner, Müller und Galafrés boten fünf
409 3347 1414 3409 reizvolle Charakterbilder en miniature. Eines davon
402 3389 1413 3460 besonders herausloben, hieße den anderen vier
406 3435 1412 3509 kränkendes Unrecht tun. Alle fünf Stückchen wurden
400 3497 1410 3560 munter und beweglichen Geistes heruntergespielt.
403 3550 1414 3604 Völlig schwerelos, ohne plumpe Nachdrücklichkeiten und
402 3604 1416 3665 lästige Unterstreichungen. Der junge Schnitzler ist im
400 3650 1136 3736 Deutschen Volkstheater gut aufgehoben.
2806 175 3168 274 box 8/4
1700 187 2208 271 4.9. Anatol
2344 183 2608 288 Zyklu-
2652 1325 3013 1427 Telephon 12.801.
2772 1422 2869 1487 4
2147 1392 2653 1554 OBSERV
1949 1544 3008 1640 1. österr. beh. konz. Unternehmen für Zeitungs¬
2159 1603 2795 1671 Ausschnitte und Bibliographie.
2118 1640 2843 1738 Wien, I., Concordiaplatz 4.
2340 1711 2619 1786 Vertretungen
1945 1759 2998 1830 in Berlin, Brüssel, Budapest, Chicago, Cleveland, Christiania,
1945 1809 3005 1868 Genf, Kopenhagen, London, Madrid, Mailand, Minneapolis,
1951 1840 2996 1904 New-York, Paris, Rom, San Francisco, Stockholm, St. Peters¬
2335 1884 2608 1939 burg, Toronto.
2294 1924 2653 1992 lange aus der
1934 1975 2991 2121 Ausschnitt aus: Wiener Mittags=Zeitun¬
2061 2057 2311 2142 5. 12. 1910
1937 2091 2088 2186 um
2003 2147 2999 2274 wenigen Vorrathener Ehe
1868 2178 3008 2315 nant, in alhier an= und Benz,
1880 2242 2994 2366 Eine hübsche Laune des Zufalls (oder absichtlicher Ver¬
1866 2293 2988 2418 kettung?), dieses leichtbeschwingte, sentimentalisch flatternde
1870 2338 2975 2463 Liebesspiel, diese graziösen, amüsant fragilen Dialogszenen,
1866 2386 2978 2511 hart an den Schlußpunkt der Schnitzlerschen Muse zu rücken,
1864 2447 2969 2555 Meißner Porzellanfigürchen neben das Monstermonument des
1861 2493 2972 2605 „Medardus mit den Haubitzen, Fahnen und Hellebarden.
1857 2537 2971 2643 Fünf Einakter, von den sieben des Buches, bringt der
1849 2582 2965 2691 „Anatol=Abend im Deutschen Volkstheater: „Eine Frage an
1844 2640 2961 2750 das Schicksal", „Weihnachtseinkäufe", „Abschiedssouper,
1844 2690 2962 2803 „Episode", „Anatols Hochzeitsmorgen". Herr Kramer
1850 2730 2960 2833 schreitet mit seiner anmutigen Liebelust, immer ein bißchen
1847 2781 2950 2881 Schwermut im Freudenkelch des Schwerenters, immer ein
1846 2815 2951 2942 bißchen anders gemischt, auf leichten Sohlen durch alle fünf
1847 2874 2954 2989 Anekdoten. Herr Lackner geleitet ihn, mit einer knappen,
1834 2933 2950 3033 kurz zupackenden Manier, ganz vorzüglich als nüchterner
1832 2968 2948 3080 Ironiker mit dem leichten wienerischen Einschlag. Fünf
1833 3008 2947 3118 Damen aus dem Schönheitsreigen dieser überreichen Bühne:
1823 3062 2940 3172 Hannemann, Reinau (bei allen Göttern, die ent¬
1822 3114 2945 3228 zückendste von allen), Glöckner (die humorvollste,
1820 3164 2941 3274 Müller, Galafres. Es war eine fröhliche Auf¬
1813 3209 2013 3300 erstehung.
