3296 4224
1252 253 1611 340 box 8/6
131 259 1086 353 4.9. Anatol - Zyklus
2060 1086 2541 1155 en
1642 1136 2544 1195 v. den Fabrikanten Rosenow und den Präsi¬
893 1149 1367 1230 ten gerettet hat
1398 1155 2538 1252 es denten der Berliner Handelskammer, Kommerzienrat
468 1183 1504 1261 aus den Worten teuren Vaterland teuren Vaterländer
1529 1217 1651 1267 Herz.
34 1252 2538 1348 sehung der Gestalten der doch auch menschlichrechte Gefühle durchbrechen. Melanchte für diesmal aufgehoben. Man muß ehe man ein Urteil
59 1323 471 1383 Frische verloren haben
496 1336 1508 1386 sche Rückblicke auf frohe Augenblicke aus der Jugend wir
1529 1339 2541 1386 über den Fall ausspricht, vor allem erst die näheren Um¬
34 1376 2534 1430 einen Zyklus vertieft sich der nächste Einakter: „Episode". Welche Fülle von stände kennen, aus denen der Künstler sich geweigert hat,
44 1405 471 1458 atol und kommt so zu
499 1411 1504 1461 Menschenkenntnis spricht aus der kurzen Szene des
1529 1420 2541 1464 in seiner Muttersprache zu singen. Es können immerhin
56 1451 2534 1504 geschaut hat, das heißt: Wiedersehens zwischen Anatol und Bianca Auf eine sehr berechtigte künstlerische Motive der Anlaß gewesen
50 1489 1504 1536 Gefühlstöne klingen mit wie knappe Formel bringt hier die Intuition des Dichter
1539 1495 2541 1548 sein. Für die Stimmung, die in Dänemark gegen Deutsch¬
59 1526 1508 1573 Stoff birgt, werden ge¬ einen typischen Unterschied im Liebesempfinden der Frau
1529 1536 2541 1589 land herrscht, ist der Fall auf jeden Fall charakteristisch.
493 1567 1504 1620 und des Mannes! Wie lebenswar und bar jeder
1561 1579 2544 1626 — Der Großherzog von Hessen über „Glaube und
37 1573 471 1654 eben die fünf Stücke ein
496 1598 1501 1664 Sentimentalität ist diese kleine Szene die viele kom¬
1526 1617 2541 1670 Heil. Dem Mainzer Theaterdirektor Hofrat
53 1642 1455 1689 und zeigen, daß bei blizierte Gefühle schwingen in diesen paar Tönen
1523 1664 2534 1717 Behrend äußerte ich Großherzog Ernst Ludwig
34 1673 468 1732 theit doch ein gesundes
493 1685 2538 1757 den grotesken Schlußakkord bildet dann der letzte Ein von Hessen in begeisterter Weise über Schönherrs neues
34 1707 2534 1782 fühl in ihm lebt. Der alter „Anatols Hochzeitsmorgen, in dem der Drama „Glaube und Heimat. Nach seiner Auf¬
34 1754 2531 1820 und die Steigerung der Dichter die Farben aufs kühnste zusammenscht. Anatol fassung sei es kein Tendenzstück. Es gelange auch
59 1788 465 1848 zugleich den Grundtor
490 1807 2531 1867 am Morgen seiner Hochzeit, d. h. am Ende seines demnächst am Darmstädter Hoftheater zur Auf¬
44 1823 465 1879 timmt sein soll. Gleich
490 1829 1504 1882 eigentlichen Lebens, in der Abschiedsstunde von
1533 1851 2531 1904 führung. Der Großherzog und seine Gemahlin werden
69 1863 456 1913 an das Schicksal
496 1873 2531 1945 seinem Jak. Aber durch all das groteste Treiben, das sich übrigens am 15. d. M. in Mainz auch den „Rosen¬
41 1910 1838 1979 Augenblick seine Liebes¬ in diesem All an uns vorüberbraust und in seinem Tempo avalier ansehen,
44 1941 465 2001 ergehen. Er will mehr
490 1951 1501 2007 der Technik eines Porsser Schwankes ebenbürtig ist, dring
1558 1948 2525 2026 — Wiener Operpremieren. (Telegr. uns. Korresp.)
34 1991 1498 2041 Augenblicks. Jedes neue doch auch hier wiederum das menschliche Empfinden und die
1523 2007 2528 2063 Damit die Premiere des „Rosenkavalier von
37 2029 1492 2076 des Wesens an, und die großen Lebensfragen, die diesem scheinbar so leichtferten
1529 2054 2531 2107 Richard Strauß recht bald stattfinden kann, wird
34 2069 1492 2113 n ist ihm innere Be= und unbekümmerten Treiben erst den Sinn geben, klingen
1523 2091 2534 2144 Direktor Gregor aus Berlin, nach Einvernehmen
41 2107 1492 2166 die Gelegenheit ergreifen, aus der Tiefe verhallend nach. So bleibt auch der letzt
1517 2138 2531 2182 mit der Generalintendanz in Wien, sein dortiges En¬
75 2138 471 2194 an der Treue seiner
496 2141 1495 2194 Eindruck ein dichterischer . . . Der Beifall, mit dem die
1517 2176 2538 2222 gagement an der Hofbühne schon am 1. März an¬
37 2163 465 2238 fen, und er greift mit
496 2182 1492 2229 für Stücke aufgenommen wurden, war stark, und ma¬
1514 2216 2528 2269 treten. Er will auch in dieser Saison noch zwei weitere
44 2219 1495 2269 dem sichersten Mittel, darf annehmen, daß sie sich lange auf dem Spielplar
1517 2244 2534 2300 Novitäten herausbringen und zwar die Wendlandsche
81 2254 462 2307 zu bringen. Aber
490 2260 1495 2307 halten werden. Szenisch bot die Aufführung manche
37 2282 2531 2335 Geständnissen der Kleinen Neue, aber nicht alle Einfälle waren glüklich: so war die Oper „Das liebe Ich und die Gounodsche Oper
1523 2325 2534 2378 „Der Arzt wider Willen. Er beabsichtigt auch
44 2335 1486 2385 nicht geeignet, ihn auf Dekoration der Straße in „Weihnachtseinkäufe
1517 2366 2528 2413 den Berliner Maler Karl Walser, dem er einen großen
53 2369 459 2428 is gespannt zu machen
484 2375 1495 2422 wohl doch gar zu einfach, und die beabsichtigt
1517 2403 2534 2453 Teil seiner Erfolge verdankt, nach Wien mitzunehmen, um
44 2413 1492 2463 Liebe hinzunehmen, wie Wirkung wurde noch nicht erreicht. Darstellerisch
1520 2441 2363 2500 ihn zur Inszenierung von Opern hinzuzuziehen.
37 2453 1489 2509 rübeln bei Seite, wo es litt die Aufführung merkber unter einer tro¬
1554 2481 2534 2538 — Eine wiedererstehende Universität. Die Bürger der
481 2491 1489 2541 trotz aller Vorsicht doch störenden Judisposition de
1520 2519 2525 2578 Kreisstadt Helmstedt im Herzogtum Braunschweig
25 2525 1489 2581 einkäufe schlägt tiefere Herrn Lengbach, dem sonst der Anatol vortrefflich
1526 2566 2528 2612 halten immer noch die Erinnerung wach an die Zeit, in
53 2566 1489 2619 und gedämpft aus dem lag. Herr Bauer schien ebenfalls nicht ganz gut dispo
1517 2600 2528 2650 der ihre Heimatstadt Sitz einer Universität war, die
484 2609 1495 2656 niert zu sein. Er nahm den Max grämlicher und
59 2609 462 2659 das Anatol mit der
1514 2650 2528 2694 ebenso berühmt war durch den Fleiß und die Sittsamkeit
487 2644 1492 2694 melancholischer, auch mehr gealtert, als er gedacht ist. In
34 2650 456 2703 er weihnachtlichen Straß
1520 2681 2534 2731 ihrer Studierenden, wie durch die Gelehrsamkeit und den
37 2681 1492 2731 der er in konventionellen den weiblichen Rollen entfalteten die Damen Urban
1520 2719 2531 2769 Wissenseifer ihrer Professoren. Jetzt haben sich nun des¬
487 2722 1492 2769 Wulf, Sandora, Hartmann und Irmen, in
37 2728 456 2790 n wir im Hintergrund
1517 2756 2528 2809 halb in Helmstedt einige Männer zusammengetan, die die
47 2756 1489 2809 die Gestalt des „füßen edlen Wettstreit, jede ihren eigensten Charme, so daß es
1511 2794 2522 2843 Universität zu neuem Leben erwecken wollen.
37 2800 1486 2859 Vorstadtwohnung des Ge¬ schwer zu sagen ist, welcher von ihnen die Pelle gebührt
1517 2837 2528 2884 Sie richten einen Aufruf an die Bürgerschaft von Helm¬
1358 2843 1464 2900 G. Z.
44 2850 462 2903 Hauch der echten Liebe im
1523 2872 2525 2921 stedt und das Braunschweiger Land und hoffen auf die
37 2887 465 2937 irten, das in den oberen
515 2859 1495 2937 — Chauvinismus in der Kunst. Aus Kopenhagen
1517 2912 2522 2965 Unterstützung der herzoglichen Regierung. Wird ihnen
59 2925 1492 2975 schlechtes Surrogat der übermittelt und der Draht die folgende Nachricht: Der be¬
1514 2946 2516 3000 die viel nützen? Man frage nur einmal in einer großen
37 2962 1489 3015 b. Die Kunst, mit der kannte königliche Kammersänger Schweden aus Wien
1526 2987 2522 3040 südwestdeutschen Stadt an, ob sich so ein Ding wie die
31 3006 1495 3049 den die tiefsten Lebens¬geborener Däne, war vom Königlichen Theater
1517 3024 2519 3099 Gründung einer Universität mit ein paar amtlichen Feder¬
56 3043 1489 3090 Bewunderung. — Der Kopenhagen zu einem Gastspiel engagiert. Als be¬
1517 3062 1898 3124 strichen erledigen läßt
34 3081 297 3131 les souper¬
478 3074 1479 3121 kannt wurde, daß der Sänger seine Partie deut¬
1542 3093 2519 3171 — Mosaik. Die Witwe des Enkels von Schiller, Frei¬
34 3084 437 3171 kielte aus dem Zyklus
484 3121 1486 3168 singen wollte, zeigte sich in der Presse und der Bevölke¬
1523 3140 2519 3193 frau Mathilde von Schiller, ist. 75 Jahre alt,
37 3156 1489 3209 ng erkennen, daß errung starke Opposition dagegen, daß ein Sänger, der
1514 3184 2516 3227 in Stuttgart gestorben. — Der Präsident der
37 3187 456 3246 arde Szene darstellt und
484 3202 2516 3262 geborener Däne ist, auf dem Königlichen Theater eine Akademie der Künste in Berlin, Geheimer Baurat Professor
47 3224 459 3274 von einer neuen Seite
496 3243 2516 3296 fremde Sprache benutzen wolle. Die Direktion hat von Großheim, ist gestern in seiner Berliner Villa
44 3268 2525 3349 in der bei allem Leichtsinn daher in Uebereinstimmung mit dem Gänger das Gastspiel im 70. Lebensjahre an Herzlähmung plötzlich gestorben.
