<?xml version="1.0" encoding="UTF-8" standalone="yes"?>
<PcGts xmlns="http://schema.primaresearch.org/PAGE/gts/pagecontent/2013-07-15" xmlns:xsi="http://www.w3.org/2001/XMLSchema-instance" xsi:schemaLocation="http://schema.primaresearch.org/PAGE/gts/pagecontent/2013-07-15 http://schema.primaresearch.org/PAGE/gts/pagecontent/2013-07-15/pagecontent.xsd">
    <Metadata>
        <Creator>prov=READ-COOP:name=PyLaia@TranskribusPlatform:version=2.12.1:model_id=39995:lm=provided:date=29_03_2024_01:47</Creator>
        <Created>2019-10-07T11:51:35.761+02:00</Created>
        <LastChange>2024-03-29T01:47:56.614+01:00</LastChange>
        <TranskribusMetadata docId="223994" pageId="9505859" pageNr="458" tsid="156430511" status="IN_PROGRESS" userId="40391" imgUrl="https://files.transkribus.eu/Get?id=ORPYAQUIMIMORALXJTUCVBXB&amp;fileType=view" xmlUrl="https://files.transkribus.eu/Get?id=TSUUCTDXLCDGPATHRNPJJGLP" imageId="6196073"/>
    </Metadata>
    <Page imageFilename="223994_0458.jpeg" imageWidth="3392" imageHeight="4256">
        <ReadingOrder>
            <OrderedGroup id="ro_1712662543746" caption="Regions reading order">
                <RegionRefIndexed index="0" regionRef="tr_1"/>
                <RegionRefIndexed index="1" regionRef="tr_2"/>
                <RegionRefIndexed index="2" regionRef="tr_3"/>
            </OrderedGroup>
        </ReadingOrder>
        <TextRegion orientation="0.0" id="tr_1" custom="readingOrder {index:0;}">
            <Coords points="235,299 235,3842 1534,3842 1534,299"/>
            <TextLine id="tr_1_tl_1" custom="readingOrder {index:0;}">
                <Coords points="227,323 331,354 1184,343 1184,272 1140,261 502,258 457,302 227,268"/>
                <Baseline points="235,325 282,324 330,325 377,325 425,325 473,325 520,325 568,325 615,322 663,322 711,322 758,321 806,319 853,321 901,324 949,325 996,323 1044,324 1091,325 1139,325 1187,322"/>
                <TextEquiv>
                    <Unicode>4.9. Anatol - Zyklus</Unicode>
                </TextEquiv>
            </TextLine>
            <TextLine id="tr_1_tl_2" custom="readingOrder {index:1;}">
                <Coords points="329,1901 1499,1898 1478,1811 547,1815 331,1857"/>
                <Baseline points="337,1892 395,1895 453,1893 512,1892 570,1889 628,1889 687,1889 745,1886 803,1886 862,1884 920,1883 978,1883 1037,1883 1095,1880 1153,1880 1212,1877 1270,1875 1328,1877 1387,1873 1445,1871 1504,1874"/>
                <TextEquiv>
                    <Unicode>Kammerspiele des Deutschen Theaters.</Unicode>
                </TextEquiv>
            </TextLine>
            <TextLine id="tr_1_tl_3" custom="readingOrder {index:2;}">
                <Coords points="559,1970 780,1956 984,1983 1066,1948 1129,1972 1227,1951 1282,1979 1284,1919 1044,1920 954,1887 626,1929 561,1898"/>
                <Baseline points="567,1954 604,1956 642,1957 680,1956 718,1954 756,1954 794,1954 831,1951 869,1951 907,1951 945,1951 983,1951 1021,1951 1058,1948 1096,1948 1134,1946 1172,1945 1210,1944 1248,1942 1286,1942"/>
                <TextEquiv>
                    <Unicode>Arthur Schnitzler: Anatol</Unicode>
                </TextEquiv>
            </TextLine>
            <TextLine id="tr_1_tl_4" custom="readingOrder {index:3;}">
                <Coords points="430,2032 1505,2008 1492,1951 524,1994 432,1950"/>
                <Baseline points="438,2017 491,2020 544,2020 598,2018 651,2017 705,2017 758,2014 812,2014 865,2012 919,2011 972,2011 1025,2010 1079,2008 1132,2008 1186,2005 1239,2005 1293,2005 1346,2005 1400,2005 1453,2005 1507,1999"/>
                <TextEquiv>
                    <Unicode>Ein alt gewordener Lebemann, Nichts=als=Lebemann, ist</Unicode>
                </TextEquiv>
            </TextLine>
            <TextLine id="tr_1_tl_5" custom="readingOrder {index:4;}">
                <Coords points="354,2084 1506,2068 1473,2010 356,2017"/>
                <Baseline points="364,2068 421,2065 478,2065 535,2064 593,2062 650,2062 707,2062 765,2060 822,2060 879,2056 937,2058 994,2056 1051,2056 1108,2056 1166,2053 1223,2053 1280,2050 1338,2050 1395,2049 1452,2047 1510,2047"/>
                <TextEquiv>
                    <Unicode>für mich (ins Ohr gesagt man ist nicht gern unhöflich) nicht</Unicode>
                </TextEquiv>
            </TextLine>
            <TextLine id="tr_1_tl_6" custom="readingOrder {index:5;}">
                <Coords points="353,2115 1423,2112 1509,2065 353,2083"/>
                <Baseline points="361,2110 418,2113 475,2110 533,2110 590,2109 648,2105 705,2104 763,2106 820,2102 878,2101 935,2101 992,2101 1050,2099 1107,2098 1165,2098 1222,2096 1280,2095 1337,2092 1395,2089 1452,2089 1510,2092"/>
                <TextEquiv>
                    <Unicode>gerade die berückendste Erscheinung unter den Zeitgenossen.</Unicode>
                </TextEquiv>
            </TextLine>
            <TextLine id="tr_1_tl_7" custom="readingOrder {index:6;}">
                <Coords points="344,2165 1458,2153 1508,2099 345,2120"/>
                <Baseline points="352,2157 409,2156 467,2154 525,2151 583,2151 641,2149 699,2148 757,2148 815,2148 873,2146 931,2145 988,2145 1046,2143 1104,2142 1162,2139 1220,2139 1278,2139 1336,2136 1394,2136 1452,2136 1510,2136"/>
                <TextEquiv>
                    <Unicode>Nun ist Freund Anatol aber leider nichts als Lebemann und</Unicode>
                </TextEquiv>
            </TextLine>
            <TextLine id="tr_1_tl_8" custom="readingOrder {index:7;}">
                <Coords points="351,2216 1508,2201 1508,2137 353,2163"/>
                <Baseline points="361,2199 418,2199 475,2196 533,2196 590,2195 648,2193 705,2193 763,2192 820,2192 878,2193 935,2190 992,2189 1050,2185 1107,2184 1165,2184 1222,2184 1280,2184 1337,2181 1395,2180 1452,2178 1510,2181"/>
                <TextEquiv>
                    <Unicode>leider auch alt geworden. Zwar als Einakter=Reigen noch</Unicode>
                </TextEquiv>
            </TextLine>
            <TextLine id="tr_1_tl_9" custom="readingOrder {index:8;}">
                <Coords points="344,2247 1421,2244 1500,2194 344,2215"/>
                <Baseline points="352,2244 409,2242 467,2244 524,2241 582,2238 640,2238 697,2238 755,2238 812,2236 870,2235 928,2235 985,2232 1043,2232 1100,2232 1158,2229 1216,2229 1273,2226 1331,2226 1388,2223 1446,2223 1504,2217"/>
                <TextEquiv>
                    <Unicode>nicht schier dreißig Jahre, aber Bühnenjahre zählen min¬</Unicode>
                </TextEquiv>
            </TextLine>
            <TextLine id="tr_1_tl_10" custom="readingOrder {index:9;}">
                <Coords points="338,2295 1503,2282 1503,2228 340,2247"/>
                <Baseline points="346,2286 404,2288 462,2286 520,2286 578,2283 636,2283 694,2280 752,2280 810,2277 868,2277 926,2277 984,2275 1042,2277 1100,2274 1158,2273 1216,2271 1274,2271 1332,2268 1390,2268 1448,2268 1507,2268"/>
                <TextEquiv>
                    <Unicode>destens doppelt, und so darf es nicht wunder nehmen, daß</Unicode>
                </TextEquiv>
            </TextLine>
            <TextLine id="tr_1_tl_11" custom="readingOrder {index:10;}">
                <Coords points="353,2335 1508,2332 1478,2273 353,2294"/>
                <Baseline points="361,2330 418,2328 475,2327 533,2327 590,2326 648,2324 705,2324 763,2324 820,2322 878,2321 935,2321 992,2321 1050,2320 1107,2319 1165,2316 1222,2316 1280,2313 1337,2313 1395,2311 1452,2313 1510,2313"/>
                <TextEquiv>
                    <Unicode>Anatols Züge gestern etwas schlaff, seine Augen etwas trübe</Unicode>
                </TextEquiv>
            </TextLine>
            <TextLine id="tr_1_tl_12" custom="readingOrder {index:11;}">
                <Coords points="344,2380 1509,2362 1379,2320 344,2342"/>
                <Baseline points="352,2372 410,2375 468,2373 526,2372 584,2372 642,2370 700,2369 758,2366 816,2366 874,2366 932,2366 990,2365 1048,2361 1106,2363 1164,2360 1222,2358 1280,2357 1338,2357 1396,2357 1454,2357 1513,2351"/>
                <TextEquiv>
                    <Unicode>erschienen und das Schädelrund stark durch die Haare ge¬</Unicode>
                </TextEquiv>
            </TextLine>
            <TextLine id="tr_1_tl_13" custom="readingOrder {index:12;}">
                <Coords points="353,2427 1509,2418 1493,2360 353,2384"/>
                <Baseline points="361,2420 418,2417 476,2417 533,2417 591,2414 649,2414 706,2411 764,2413 821,2411 879,2411 937,2411 994,2408 1052,2408 1109,2405 1167,2404 1225,2402 1282,2399 1340,2399 1397,2400 1455,2400 1513,2399"/>
                <TextEquiv>
                    <Unicode>wachsen war. Fünf von den sieben Bühnenskizzen, die</Unicode>
                </TextEquiv>
            </TextLine>
            <TextLine id="tr_1_tl_14" custom="readingOrder {index:13;}">
                <Coords points="350,2480 1509,2465 1509,2418 1440,2399 350,2427"/>
                <Baseline points="358,2462 415,2462 473,2462 531,2459 589,2458 646,2456 704,2456 762,2456 820,2454 877,2453 935,2453 993,2453 1051,2451 1108,2453 1166,2449 1224,2447 1282,2447 1339,2447 1397,2447 1455,2447 1513,2444"/>
                <TextEquiv>
                    <Unicode>Schnitzler 1893 unter dem Titel Anatol zusammengefaßt hat,</Unicode>
                </TextEquiv>
            </TextLine>
            <TextLine id="tr_1_tl_15" custom="readingOrder {index:14;}">
                <Coords points="350,2515 1512,2493 1486,2455 1303,2452 350,2480"/>
                <Baseline points="358,2504 415,2507 473,2507 531,2504 589,2504 647,2504 705,2504 763,2501 821,2500 879,2498 937,2498 994,2497 1052,2495 1110,2495 1168,2494 1226,2492 1284,2490 1342,2489 1400,2489 1458,2489 1516,2483"/>
                <TextEquiv>
                    <Unicode>wurden gestern gegeben, um es gleich zu sagen, sehr gut ge¬</Unicode>
                </TextEquiv>
            </TextLine>
            <TextLine id="tr_1_tl_16" custom="readingOrder {index:15;}">
                <Coords points="353,2569 1489,2543 1489,2502 1369,2491 354,2518"/>
                <Baseline points="361,2557 417,2551 474,2548 530,2548 587,2546 643,2545 700,2545 756,2545 813,2542 869,2542 926,2539 983,2539 1039,2539 1096,2536 1152,2537 1209,2537 1265,2533 1322,2533 1378,2532 1435,2530 1492,2524"/>
                <TextEquiv>
                    <Unicode>geben, aber wie kam es, daß das bekannte „Abschiedssouper</Unicode>
                </TextEquiv>
            </TextLine>
            <TextLine id="tr_1_tl_17" custom="readingOrder {index:16;}">
                <Coords points="357,2610 1515,2586 1516,2535 359,2567"/>
                <Baseline points="367,2599 424,2596 482,2593 539,2593 597,2590 655,2590 712,2587 770,2587 827,2587 885,2584 943,2584 1000,2583 1058,2579 1115,2581 1173,2580 1231,2578 1288,2578 1346,2578 1403,2576 1461,2576 1519,2572"/>
                <TextEquiv>
                    <Unicode>gestern auf mich nur matt wirkte? Hatte man es zu oft</Unicode>
                </TextEquiv>
            </TextLine>
            <TextLine id="tr_1_tl_18" custom="readingOrder {index:17;}">
                <Coords points="350,2642 1467,2638 1521,2635 1522,2592 350,2613"/>
                <Baseline points="358,2638 416,2637 474,2635 533,2635 591,2635 649,2635 708,2633 766,2632 824,2629 883,2629 941,2629 999,2626 1058,2626 1116,2626 1174,2623 1233,2623 1291,2621 1349,2620 1408,2620 1466,2620 1525,2620"/>
                <TextEquiv>
                    <Unicode>gesehen? Einen tieferen Nachklang hinterließ dagegen</Unicode>
                </TextEquiv>
            </TextLine>
            <TextLine id="tr_1_tl_19" custom="readingOrder {index:18;}">
                <Coords points="350,2690 1392,2685 1514,2671 1515,2629 351,2641"/>
                <Baseline points="358,2683 416,2682 474,2680 532,2680 590,2682 648,2677 706,2674 764,2674 822,2674 880,2674 938,2671 996,2671 1054,2669 1112,2668 1170,2665 1228,2665 1286,2665 1344,2662 1402,2664 1460,2662 1519,2659"/>
                <TextEquiv>
                    <Unicode>die Szene „Weihnachtseinkäufe" dank Lina Lassens</Unicode>
                </TextEquiv>
            </TextLine>
            <TextLine id="tr_1_tl_20" custom="readingOrder {index:19;}">
                <Coords points="364,2749 1514,2717 1515,2676 1451,2665 366,2689"/>
                <Baseline points="373,2727 430,2724 487,2721 544,2721 602,2721 659,2721 716,2718 774,2718 831,2718 888,2715 946,2714 1003,2712 1060,2712 1117,2712 1175,2709 1232,2709 1289,2709 1347,2707 1404,2707 1461,2705 1519,2704"/>
                <TextEquiv>
                    <Unicode>seelenvollem und schönem Menschentum, das dort, wo andere</Unicode>
                </TextEquiv>
            </TextLine>
            <TextLine id="tr_1_tl_21" custom="readingOrder {index:20;}">
                <Coords points="364,2784 1518,2758 1518,2717 1314,2711 366,2745"/>
                <Baseline points="373,2766 430,2769 487,2766 545,2766 602,2766 660,2764 717,2766 775,2763 832,2761 890,2760 947,2760 1004,2757 1062,2757 1119,2754 1177,2753 1234,2751 1292,2754 1349,2754 1407,2751 1464,2749 1522,2748"/>
                <TextEquiv>
                    <Unicode>sentimental wirken, eine tiefe Wehmut wie einen Seufzer, aus</Unicode>
                </TextEquiv>
            </TextLine>
            <TextLine id="tr_1_tl_22" custom="readingOrder {index:21;}">
                <Coords points="356,2815 1519,2803 1519,2762 1465,2755 357,2781"/>
                <Baseline points="364,2811 421,2811 479,2811 537,2811 595,2810 653,2808 711,2808 769,2805 827,2805 885,2803 943,2802 1000,2802 1058,2802 1116,2799 1174,2798 1232,2796 1290,2796 1348,2796 1406,2795 1464,2793 1522,2793"/>
                <TextEquiv>
                    <Unicode>dem Brunnenschacht der Welt, aus dem ewigen Schmerz, der</Unicode>
                </TextEquiv>
            </TextLine>
            <TextLine id="tr_1_tl_23" custom="readingOrder {index:22;}">
                <Coords points="356,2869 1518,2857 1494,2799 356,2815"/>
                <Baseline points="364,2844 421,2850 479,2853 537,2853 595,2857 653,2853 711,2856 769,2852 827,2850 885,2850 943,2847 1000,2845 1058,2841 1116,2841 1174,2844 1232,2844 1290,2842 1348,2841 1406,2840 1464,2838 1522,2835"/>
                <TextEquiv>
                    <Unicode>en heißt, herauszuholen schien. Sehr lustig war „Anatols</Unicode>
                </TextEquiv>
            </TextLine>
            <TextLine id="tr_1_tl_24" custom="readingOrder {index:23;}">
                <Coords points="356,2906 1518,2897 1518,2854 1459,2841 356,2869"/>
                <Baseline points="364,2898 421,2901 479,2899 537,2898 595,2897 653,2897 711,2895 769,2895 827,2894 885,2892 943,2892 1000,2889 1058,2889 1116,2889 1174,2886 1232,2886 1290,2886 1348,2886 1406,2883 1464,2881 1522,2886"/>
                <TextEquiv>
                    <Unicode>Hochzeitsmorgen wohl das Uebermütigste, was Schnitzler,</Unicode>
                </TextEquiv>
            </TextLine>
            <TextLine id="tr_1_tl_25" custom="readingOrder {index:24;}">
                <Coords points="360,2951 1518,2935 1518,2897 1417,2887 362,2907"/>
                <Baseline points="370,2945 427,2945 485,2945 542,2942 600,2941 658,2939 715,2939 773,2938 830,2936 888,2936 946,2933 1003,2933 1061,2933 1118,2930 1176,2930 1234,2930 1291,2930 1349,2927 1406,2926 1464,2924 1522,2927"/>
                <TextEquiv>
                    <Unicode>dem ein kleiner melancholischer Erdenrest sonst auch in seinen</Unicode>
                </TextEquiv>
            </TextLine>
            <TextLine id="tr_1_tl_26" custom="readingOrder {index:25;}">
                <Coords points="367,2998 1521,2977 1475,2928 369,2952"/>
                <Baseline points="376,2990 433,2990 490,2987 548,2986 605,2984 663,2984 720,2987 778,2983 835,2981 893,2981 950,2981 1007,2978 1065,2976 1122,2975 1180,2973 1237,2975 1295,2972 1352,2972 1410,2971 1467,2969 1525,2963"/>
                <TextEquiv>
                    <Unicode>heiteren Stunden zu tragen peinlich bleibt je geschrieben</Unicode>
                </TextEquiv>
            </TextLine>
            <TextLine id="tr_1_tl_27" custom="readingOrder {index:26;}">
                <Coords points="356,3040 1519,3023 1502,2974 357,2996"/>
                <Baseline points="364,3032 421,3032 479,3030 537,3029 595,3029 653,3029 711,3029 769,3026 827,3025 885,3025 943,3023 1000,3022 1058,3020 1116,3020 1174,3018 1232,3018 1290,3017 1348,3014 1406,3013 1464,3011 1522,3011"/>
                <TextEquiv>
                    <Unicode>hat. Hier erreichte auch das Zusammenspiel seinen Höhepunkt</Unicode>
                </TextEquiv>
            </TextLine>
            <TextLine id="tr_1_tl_28" custom="readingOrder {index:27;}">
                <Coords points="364,3091 1518,3064 1503,3017 366,3043"/>
                <Baseline points="373,3080 430,3075 487,3074 545,3074 602,3074 660,3072 717,3071 775,3070 832,3068 890,3068 947,3068 1004,3065 1062,3065 1119,3062 1177,3062 1234,3062 1292,3059 1349,3059 1407,3058 1464,3056 1522,3056"/>
                <TextEquiv>
                    <Unicode>in wirbelnder Verde, in tollster Ausgelassenheit und bis aufs</Unicode>
                </TextEquiv>
            </TextLine>
            <TextLine id="tr_1_tl_29" custom="readingOrder {index:28;}">
                <Coords points="354,3135 1527,3110 1528,3062 356,3096"/>
                <Baseline points="364,3121 422,3121 480,3119 539,3118 597,3118 655,3115 714,3115 772,3115 830,3114 889,3110 947,3109 1005,3111 1064,3109 1122,3106 1180,3104 1239,3105 1297,3103 1355,3103 1414,3102 1472,3100 1531,3100"/>
                <TextEquiv>
                    <Unicode>genaueste klappendem Fugenschluß. Alle Ahtung, Herr Jwan</Unicode>
                </TextEquiv>
            </TextLine>
            <TextLine id="tr_1_tl_30" custom="readingOrder {index:29;}">
                <Coords points="364,3178 1235,3175 1351,3154 1353,3112 364,3137"/>
                <Baseline points="373,3166 422,3165 471,3163 520,3163 569,3163 618,3163 667,3163 716,3159 765,3157 814,3157 863,3157 912,3154 961,3156 1010,3154 1059,3153 1108,3151 1157,3149 1206,3150 1255,3149 1304,3148 1354,3148"/>
                <TextEquiv>
                    <Unicode>Smith, vor Ihrem Regietalent auf diesem Felde!</Unicode>
                </TextEquiv>
            </TextLine>
            <TextLine id="tr_1_tl_31" custom="readingOrder {index:30;}">
                <Coords points="454,3210 1518,3204 1518,3153 1451,3131 1235,3175 455,3169"/>
                <Baseline points="462,3205 515,3205 568,3205 621,3205 674,3202 727,3202 780,3202 833,3200 886,3199 939,3196 992,3198 1045,3196 1098,3196 1151,3194 1204,3193 1257,3193 1310,3189 1363,3187 1416,3187 1469,3187 1522,3187"/>
                <TextEquiv>
                    <Unicode>Ueberblickt man die Kette dieser Einakter, so ist ein Ver¬</Unicode>
                </TextEquiv>
            </TextLine>
            <TextLine id="tr_1_tl_32" custom="readingOrder {index:31;}">
                <Coords points="366,3266 1522,3251 1522,3204 1430,3191 367,3210"/>
                <Baseline points="376,3256 433,3253 490,3250 548,3250 605,3250 663,3250 720,3247 778,3246 835,3244 893,3244 950,3244 1007,3243 1065,3241 1122,3238 1180,3238 1237,3236 1295,3235 1352,3235 1410,3234 1467,3232 1525,3232"/>
                <TextEquiv>
                    <Unicode>gleich mit dem Reigen nicht von der Hand zu weisen. Aber</Unicode>
                </TextEquiv>
            </TextLine>
            <TextLine id="tr_1_tl_33" custom="readingOrder {index:32;}">
                <Coords points="362,3310 1521,3282 1505,3244 1404,3242 363,3266"/>
                <Baseline points="370,3294 427,3294 485,3294 543,3294 601,3294 658,3292 716,3291 774,3290 832,3288 889,3288 947,3286 1005,3286 1063,3284 1120,3283 1178,3280 1236,3280 1294,3280 1351,3280 1409,3277 1467,3275 1525,3277"/>
                <TextEquiv>
                    <Unicode>wie etwas angefahrte Herren meist zotige Geschichten zu er¬</Unicode>
                </TextEquiv>
            </TextLine>
            <TextLine id="tr_1_tl_34" custom="readingOrder {index:33;}">
                <Coords points="367,3349 1518,3329 1518,3280 369,3305"/>
                <Baseline points="376,3339 433,3339 490,3339 547,3338 605,3336 662,3336 719,3339 777,3336 834,3334 891,3330 949,3330 1006,3329 1063,3327 1120,3327 1178,3324 1235,3324 1292,3321 1350,3321 1407,3321 1464,3319 1522,3318"/>
                <TextEquiv>
                    <Unicode>zählen wissen, als junge, so ist umgekehrt auch der Verfasser</Unicode>
                </TextEquiv>
            </TextLine>
            <TextLine id="tr_1_tl_35" custom="readingOrder {index:34;}">
                <Coords points="367,3393 1455,3381 1528,3334 367,3348"/>
                <Baseline points="376,3384 433,3387 491,3382 549,3381 607,3381 664,3381 722,3378 780,3377 838,3375 895,3375 953,3375 1011,3374 1069,3370 1126,3369 1184,3366 1242,3366 1300,3366 1357,3366 1415,3363 1473,3361 1531,3360"/>
                <TextEquiv>
                    <Unicode>des „Anatol“ weniger deutlich, als der des an Form und In¬</Unicode>
                </TextEquiv>
            </TextLine>
            <TextLine id="tr_1_tl_36" custom="readingOrder {index:35;}">
                <Coords points="363,3444 1527,3424 1519,3368 364,3390"/>
                <Baseline points="373,3426 430,3426 488,3426 546,3426 604,3426 662,3424 720,3423 778,3420 836,3419 894,3417 952,3417 1009,3417 1067,3415 1125,3414 1183,3411 1241,3411 1299,3409 1357,3408 1415,3407 1473,3405 1531,3405"/>
                <TextEquiv>
                    <Unicode>halt ähnlichen „Reigens". Anatol ist die eine männliche Ge¬</Unicode>
                </TextEquiv>
            </TextLine>
            <TextLine id="tr_1_tl_37" custom="readingOrder {index:36;}">
                <Coords points="367,3484 1514,3471 1524,3421 367,3443"/>
                <Baseline points="376,3474 433,3474 490,3471 548,3471 605,3471 663,3469 720,3465 778,3465 835,3465 893,3462 950,3462 1007,3462 1065,3460 1122,3456 1180,3456 1237,3454 1295,3453 1352,3453 1410,3452 1467,3450 1525,3453"/>
                <TextEquiv>
                    <Unicode>stalt, um die sich sieben Frauengestalten wie im Reigen drehen,</Unicode>
                </TextEquiv>
            </TextLine>
            <TextLine id="tr_1_tl_38" custom="readingOrder {index:37;}">
                <Coords points="367,3528 1522,3510 1524,3469 369,3482"/>
                <Baseline points="376,3515 433,3515 491,3512 548,3512 606,3512 664,3510 721,3509 779,3507 836,3507 894,3506 952,3506 1009,3505 1067,3503 1124,3500 1182,3497 1240,3497 1297,3494 1355,3497 1412,3497 1470,3495 1528,3497"/>
                <TextEquiv>
                    <Unicode>das Ganze ein Mikrokosmus der Junggesellenliebschaften, aber</Unicode>
                </TextEquiv>
            </TextLine>
            <TextLine id="tr_1_tl_39" custom="readingOrder {index:38;}">
                <Coords points="367,3566 1502,3558 1519,3507 367,3528"/>
                <Baseline points="376,3560 433,3560 490,3557 547,3556 605,3554 662,3554 719,3551 777,3554 834,3552 891,3548 949,3548 1006,3548 1063,3546 1120,3545 1178,3545 1235,3545 1292,3542 1350,3542 1407,3541 1464,3539 1522,3536"/>
                <TextEquiv>
                    <Unicode>in Anatol mit wienerischer Anmut und genußfroher Leichtig¬</Unicode>
                </TextEquiv>
            </TextLine>
            <TextLine id="tr_1_tl_40" custom="readingOrder {index:39;}">
                <Coords points="370,3610 1527,3601 1527,3553 1418,3545 372,3572"/>
                <Baseline points="379,3602 436,3605 494,3602 551,3602 609,3601 667,3599 724,3599 782,3596 839,3596 897,3593 955,3593 1012,3593 1070,3591 1127,3590 1185,3588 1243,3588 1300,3584 1358,3584 1415,3584 1473,3582 1531,3584"/>
                <TextEquiv>
                    <Unicode>keit so natürlich dargestellt, daß nur eine ungewöhnlich lange</Unicode>
                </TextEquiv>
            </TextLine>
            <TextLine id="tr_1_tl_41" custom="readingOrder {index:40;}">
                <Coords points="382,3664 1531,3630 1484,3589 384,3613"/>
                <Baseline points="390,3644 447,3648 504,3647 561,3644 618,3644 676,3644 733,3641 790,3641 847,3639 904,3638 962,3636 1019,3636 1076,3635 1133,3632 1190,3630 1248,3630 1305,3632 1362,3632 1419,3629 1476,3626 1534,3626"/>
                <TextEquiv>
                    <Unicode>Zensorennase darin etwas Unsittliches wittern könnte. Ge¬</Unicode>
                </TextEquiv>
            </TextLine>
            <TextLine id="tr_1_tl_42" custom="readingOrder {index:41;}">
                <Coords points="379,3700 1483,3693 1528,3649 379,3662"/>
                <Baseline points="387,3694 444,3689 501,3688 558,3688 615,3686 673,3685 730,3685 787,3684 844,3680 901,3679 959,3679 1016,3679 1073,3679 1130,3676 1187,3676 1245,3676 1302,3674 1359,3674 1416,3674 1473,3674 1531,3674"/>
                <TextEquiv>
                    <Unicode>mildert wird das Ganze überdies durch die Gestalt des Max,</Unicode>
                </TextEquiv>
            </TextLine>
            <TextLine id="tr_1_tl_43" custom="readingOrder {index:42;}">
                <Coords points="379,3746 1361,3741 1530,3730 1531,3687 379,3700"/>
                <Baseline points="387,3736 444,3736 501,3733 559,3733 616,3733 673,3731 731,3730 788,3727 845,3727 903,3727 960,3724 1017,3724 1075,3724 1132,3721 1189,3720 1247,3720 1304,3718 1361,3721 1419,3718 1476,3716 1534,3718"/>
                <TextEquiv>
                    <Unicode>in dem man eine Art Parallelle zu Sancho Pansa und zu</Unicode>
                </TextEquiv>
            </TextLine>
            <TextLine id="tr_1_tl_44" custom="readingOrder {index:43;}">
                <Coords points="373,3787 1527,3769 1490,3724 375,3741"/>
                <Baseline points="382,3781 439,3783 496,3779 554,3781 611,3778 669,3775 726,3775 784,3772 841,3772 899,3770 956,3767 1013,3769 1071,3769 1128,3769 1186,3768 1243,3766 1301,3763 1358,3763 1416,3759 1473,3757 1531,3754"/>
                <TextEquiv>
                    <Unicode>Leporello feststellen könnte. Er bringt die Späße wie ein</Unicode>
                </TextEquiv>
            </TextLine>
            <TextLine id="tr_1_tl_45" custom="readingOrder {index:44;}">
                <Coords points="373,3845 1168,3858 1522,3813 1524,3771 375,3787"/>
                <Baseline points="382,3832 439,3829 496,3829 553,3829 611,3827 668,3826 725,3826 783,3823 840,3823 897,3820 955,3820 1012,3820 1069,3820 1126,3820 1184,3819 1241,3817 1298,3814 1356,3808 1413,3805 1470,3803 1528,3796"/>
                <TextEquiv>
                    <Unicode>Automat, in den Anatol die Nickel seiner geistigen Währung</Unicode>
                </TextEquiv>
            </TextLine>
            <TextEquiv>
                <Unicode></Unicode>
            </TextEquiv>
        </TextRegion>
        <TextRegion orientation="0.0" id="tr_2" custom="readingOrder {index:1;}">
            <Coords points="1349,210 1349,366 1704,366 1704,210"/>
            <TextLine id="tr_2_tl_1" custom="readingOrder {index:0;}">
                <Coords points="1339,329 1408,341 1518,319 1615,334 1701,310 1701,252 1601,259 1576,244 1525,272 1497,263 1455,277 1341,253"/>
                <Baseline points="1349,313 1374,313 1399,314 1425,315 1450,316 1475,316 1501,316 1526,316 1551,316 1577,315 1602,314 1627,313 1653,313 1678,312 1704,310"/>
                <TextEquiv>
                    <Unicode>box 9/3</Unicode>
                </TextEquiv>
            </TextLine>
            <TextEquiv>
                <Unicode></Unicode>
            </TextEquiv>
        </TextRegion>
        <TextRegion orientation="0.0" id="tr_3" custom="readingOrder {index:2;}">
            <Coords points="2011,1767 2011,2854 3199,2854 3199,1767"/>
            <TextLine id="tr_3_tl_1" custom="readingOrder {index:0;}">
                <Coords points="2001,1827 3165,1795 3150,1730 2002,1773"/>
                <Baseline points="2011,1817 2068,1817 2126,1817 2184,1814 2242,1811 2300,1811 2358,1811 2416,1811 2474,1810 2532,1808 2590,1805 2647,1805 2705,1803 2763,1802 2821,1802 2879,1800 2937,1797 2995,1796 3053,1793 3111,1791 3169,1787"/>
                <TextEquiv>
                    <Unicode>hineinwirft. Aber Hermann Thimig, dem eigentlich</Unicode>
                </TextEquiv>
            </TextLine>
            <TextLine id="tr_3_tl_2" custom="readingOrder {index:1;}">
                <Coords points="2007,1878 3172,1852 3163,1792 2008,1828"/>
                <Baseline points="2017,1865 2074,1862 2132,1860 2190,1859 2248,1858 2306,1856 2364,1856 2422,1855 2480,1853 2538,1853 2596,1850 2653,1850 2711,1848 2769,1844 2827,1843 2885,1841 2943,1841 3001,1841 3059,1837 3117,1835 3175,1835"/>
                <TextEquiv>
                    <Unicode>dieser Abend gehörte, schuf einen Menschen daraus, der auf</Unicode>
                </TextEquiv>
            </TextLine>
            <TextLine id="tr_3_tl_3" custom="readingOrder {index:2;}">
                <Coords points="2007,1915 3165,1890 3166,1844 3118,1838 2008,1875"/>
                <Baseline points="2017,1907 2074,1904 2132,1904 2189,1904 2247,1903 2305,1901 2362,1898 2420,1898 2477,1898 2535,1898 2593,1895 2650,1894 2708,1892 2765,1889 2823,1888 2881,1886 2938,1886 2996,1883 3053,1882 3111,1878 3169,1877"/>
                <TextEquiv>
                    <Unicode>eigenen Füßen steht, einen ganz eigenen Typ, dem seine</Unicode>
                </TextEquiv>
            </TextLine>
            <TextLine id="tr_3_tl_4" custom="readingOrder {index:3;}">
                <Coords points="2013,1961 3135,1937 3170,1890 2014,1915"/>
                <Baseline points="2020,1948 2077,1949 2135,1948 2192,1945 2250,1945 2308,1943 2365,1942 2423,1941 2480,1939 2538,1939 2596,1936 2653,1935 2711,1934 2768,1934 2826,1931 2884,1931 2941,1928 2999,1925 3056,1924 3114,1922 3172,1919"/>
                <TextEquiv>
                    <Unicode>Wurschtigkeit, seine Spottlaune und sein behagliches Grunzen</Unicode>
                </TextEquiv>
            </TextLine>
            <TextLine id="tr_3_tl_5" custom="readingOrder {index:4;}">
                <Coords points="2020,2010 2947,1992 3178,1941 2021,1960"/>
                <Baseline points="2029,1999 2086,1991 2144,1990 2201,1990 2259,1987 2317,1987 2374,1987 2432,1986 2489,1982 2547,1981 2605,1984 2662,1980 2720,1978 2777,1975 2835,1974 2893,1972 2950,1969 3008,1969 3065,1968 3123,1964 3181,1960"/>
                <TextEquiv>
                    <Unicode>gleich allerliebst stand. Thimig ist einer der trefflichsten Hu¬</Unicode>
                </TextEquiv>
            </TextLine>
            <TextLine id="tr_3_tl_6" custom="readingOrder {index:5;}">
                <Coords points="2021,2048 3175,2021 3157,1966 2023,2010"/>
                <Baseline points="2029,2035 2086,2036 2143,2035 2201,2034 2258,2031 2316,2029 2373,2032 2431,2028 2488,2026 2546,2026 2603,2026 2660,2023 2718,2021 2775,2020 2833,2019 2890,2017 2948,2017 3005,2014 3063,2014 3120,2010 3178,2005"/>
                <TextEquiv>
                    <Unicode>moristen, die wir gegenwärtig auf der Bühne haben, sein</Unicode>
                </TextEquiv>
            </TextLine>
            <TextLine id="tr_3_tl_7" custom="readingOrder {index:6;}">
                <Coords points="2024,2098 3154,2089 3146,2014 2026,2046"/>
                <Baseline points="2032,2080 2088,2080 2144,2079 2201,2077 2257,2075 2314,2074 2370,2073 2426,2071 2483,2071 2539,2068 2596,2068 2652,2068 2708,2065 2765,2065 2821,2065 2878,2065 2934,2062 2990,2059 3047,2059 3103,2057 3160,2050"/>
                <TextEquiv>
                    <Unicode>Spiel ist allein ein Lustspiel und jedes geschriebene ist ge¬</Unicode>
                </TextEquiv>
            </TextLine>
            <TextLine id="tr_3_tl_8" custom="readingOrder {index:7;}">
                <Coords points="2008,2133 2706,2122 2718,2080 2008,2098"/>
                <Baseline points="2017,2128 2052,2128 2087,2126 2122,2125 2157,2124 2193,2121 2228,2119 2263,2119 2298,2117 2333,2116 2369,2116 2404,2116 2439,2114 2474,2113 2509,2114 2545,2116 2580,2113 2615,2111 2650,2110 2685,2110 2721,2110"/>
                <TextEquiv>
                    <Unicode>rettet, in dem er eine Hauptrolle hat.</Unicode>
                </TextEquiv>
            </TextLine>
            <TextLine id="tr_3_tl_9" custom="readingOrder {index:8;}">
                <Coords points="2102,2174 3185,2149 3185,2106 3121,2090 2843,2076 2683,2124 2103,2131"/>
                <Baseline points="2110,2163 2163,2166 2217,2162 2271,2160 2325,2160 2379,2160 2433,2157 2486,2157 2540,2155 2594,2154 2648,2154 2702,2154 2756,2150 2810,2148 2863,2146 2917,2145 2971,2145 3025,2145 3079,2143 3133,2140 3187,2139"/>
                <TextEquiv>
                    <Unicode>Anton Edthofer, der Darsteller des Anatol, wirkt</Unicode>
                </TextEquiv>
            </TextLine>
            <TextLine id="tr_3_tl_10" custom="readingOrder {index:9;}">
                <Coords points="2019,2222 3175,2197 3131,2143 2175,2184 2020,2153"/>
                <Baseline points="2026,2211 2083,2209 2141,2208 2198,2208 2256,2205 2314,2205 2371,2202 2429,2201 2486,2199 2544,2199 2602,2199 2659,2198 2717,2196 2774,2196 2832,2193 2890,2191 2947,2190 3005,2187 3062,2186 3120,2182 3178,2184"/>
                <TextEquiv>
                    <Unicode>nicht so ursprünglich und nicht so frisch, seine Luftigkeit bleibt</Unicode>
                </TextEquiv>
            </TextLine>
            <TextLine id="tr_3_tl_11" custom="readingOrder {index:10;}">
                <Coords points="2016,2263 3078,2250 3179,2235 3181,2190 2016,2229"/>
                <Baseline points="2023,2253 2081,2253 2139,2253 2197,2250 2255,2250 2313,2248 2371,2247 2429,2244 2487,2244 2545,2244 2603,2241 2661,2241 2719,2239 2777,2235 2835,2235 2893,2234 2951,2232 3009,2232 3067,2229 3125,2227 3184,2223"/>
                <TextEquiv>
                    <Unicode>mehr gedämpft, verschleiert, aber sie fehlt an den entscheiden¬</Unicode>
                </TextEquiv>
            </TextLine>
            <TextLine id="tr_3_tl_12" custom="readingOrder {index:11;}">
                <Coords points="2014,2313 3181,2282 3160,2229 2016,2260"/>
                <Baseline points="2023,2298 2081,2297 2139,2293 2197,2292 2255,2292 2313,2292 2371,2289 2429,2289 2487,2288 2545,2286 2603,2283 2661,2282 2719,2280 2777,2280 2835,2279 2893,2277 2951,2275 3009,2274 3067,2271 3125,2269 3184,2271"/>
                <TextEquiv>
                    <Unicode>den Stellen nicht. Von den vielen Liebsten Anatols weiß</Unicode>
                </TextEquiv>
            </TextLine>
            <TextLine id="tr_3_tl_13" custom="readingOrder {index:12;}">
                <Coords points="2024,2349 3156,2332 3184,2292 2024,2311"/>
                <Baseline points="2032,2339 2089,2339 2147,2339 2205,2336 2263,2335 2320,2333 2378,2333 2436,2330 2494,2330 2551,2328 2609,2327 2667,2327 2725,2325 2782,2324 2840,2323 2898,2320 2956,2319 3013,2319 3071,2316 3129,2314 3187,2316"/>
                <TextEquiv>
                    <Unicode>man wirklich nicht, wen man voranstellen soll, aber ich sche</Unicode>
                </TextEquiv>
            </TextLine>
            <TextLine id="tr_3_tl_14" custom="readingOrder {index:13;}">
                <Coords points="2027,2395 3181,2365 3102,2316 2029,2351"/>
                <Baseline points="2035,2384 2092,2384 2149,2381 2207,2380 2264,2377 2322,2375 2379,2375 2437,2374 2494,2372 2552,2372 2609,2372 2666,2371 2724,2369 2781,2369 2839,2367 2896,2363 2954,2363 3011,2360 3069,2357 3126,2355 3184,2357"/>
                <TextEquiv>
                    <Unicode>soeben daß ich über die Schwierigkeit ja schon hinweg bin.</Unicode>
                </TextEquiv>
            </TextLine>
            <TextLine id="tr_3_tl_15" custom="readingOrder {index:14;}">
                <Coords points="2016,2434 3190,2408 3182,2357 2017,2390"/>
                <Baseline points="2023,2429 2081,2426 2140,2425 2198,2423 2257,2423 2315,2420 2374,2420 2432,2417 2491,2417 2549,2417 2608,2414 2666,2416 2725,2412 2783,2408 2842,2408 2900,2405 2959,2405 3017,2402 3076,2401 3134,2399 3193,2399"/>
                <TextEquiv>
                    <Unicode>denn Lina Lossen wurde schon genannt. Auch von den</Unicode>
                </TextEquiv>
            </TextLine>
            <TextLine id="tr_3_tl_16" custom="readingOrder {index:15;}">
                <Coords points="2021,2481 3181,2449 3181,2409 3099,2401 2023,2437"/>
                <Baseline points="2029,2474 2086,2470 2144,2468 2202,2465 2260,2465 2317,2465 2375,2462 2433,2462 2491,2462 2548,2460 2606,2456 2664,2458 2722,2456 2779,2453 2837,2450 2895,2448 2953,2447 3010,2447 3068,2444 3126,2442 3184,2441"/>
                <TextEquiv>
                    <Unicode>übrigen Darstellerinnen versagte keine. Margarethe</Unicode>
                </TextEquiv>
            </TextLine>
            <TextLine id="tr_3_tl_17" custom="readingOrder {index:16;}">
                <Coords points="2021,2526 3147,2500 3187,2455 2023,2480"/>
                <Baseline points="2029,2513 2086,2515 2144,2514 2202,2510 2260,2509 2318,2507 2376,2507 2434,2506 2492,2504 2550,2504 2608,2504 2665,2500 2723,2498 2781,2495 2839,2495 2897,2495 2955,2493 3013,2489 3071,2488 3129,2484 3187,2486"/>
                <TextEquiv>
                    <Unicode>Cristians überraschte durch ihre fortschreitende Entwick¬</Unicode>
                </TextEquiv>
            </TextLine>
            <TextLine id="tr_3_tl_18" custom="readingOrder {index:17;}">
                <Coords points="2024,2563 3187,2541 3188,2496 2024,2526"/>
                <Baseline points="2032,2560 2089,2557 2147,2557 2205,2551 2263,2551 2321,2549 2379,2551 2437,2548 2495,2547 2553,2545 2611,2545 2668,2542 2726,2542 2784,2539 2842,2539 2900,2537 2958,2534 3016,2533 3074,2530 3132,2528 3190,2524"/>
                <TextEquiv>
                    <Unicode>lung auch in der drastischen Gestalt der Annie beim Abschieds</Unicode>
                </TextEquiv>
            </TextLine>
            <TextLine id="tr_3_tl_19" custom="readingOrder {index:18;}">
                <Coords points="2032,2620 3192,2567 3159,2534 2033,2567"/>
                <Baseline points="2041,2605 2098,2601 2156,2599 2214,2596 2272,2593 2329,2593 2387,2593 2445,2590 2503,2590 2560,2590 2618,2590 2676,2587 2734,2585 2791,2581 2849,2581 2907,2581 2965,2578 3022,2575 3080,2574 3138,2570 3196,2566"/>
                <TextEquiv>
                    <Unicode>souper, Stella Arbeninas fast akrobatische Höhe der Aus¬</Unicode>
                </TextEquiv>
            </TextLine>
            <TextLine id="tr_3_tl_20" custom="readingOrder {index:19;}">
                <Coords points="2033,2655 3192,2620 3194,2566 2035,2619"/>
                <Baseline points="2041,2644 2098,2645 2156,2642 2214,2638 2272,2638 2329,2638 2387,2635 2445,2635 2503,2635 2560,2633 2618,2632 2676,2631 2734,2627 2791,2626 2849,2626 2907,2624 2965,2620 3022,2617 3080,2616 3138,2614 3196,2617"/>
                <TextEquiv>
                    <Unicode>gelassenheit wetteiferte mit der Tiefe der Ausgeschnittenheit</Unicode>
                </TextEquiv>
            </TextLine>
            <TextLine id="tr_3_tl_21" custom="readingOrder {index:20;}">
                <Coords points="2024,2695 3192,2664 3194,2620 2026,2651"/>
                <Baseline points="2032,2686 2090,2688 2148,2686 2206,2683 2264,2682 2323,2680 2381,2680 2439,2677 2497,2677 2555,2675 2614,2674 2672,2671 2730,2671 2788,2671 2846,2670 2905,2666 2963,2665 3021,2662 3079,2661 3137,2659 3196,2656"/>
                <TextEquiv>
                    <Unicode>ihres Kleides; die Damen von Thellmann und von</Unicode>
                </TextEquiv>
            </TextLine>
            <TextLine id="tr_3_tl_22" custom="readingOrder {index:21;}">
                <Coords points="2021,2745 3194,2720 3160,2661 2023,2695"/>
                <Baseline points="2029,2730 2087,2730 2146,2730 2204,2728 2263,2721 2321,2721 2380,2721 2438,2721 2497,2718 2555,2718 2614,2718 2672,2714 2731,2712 2789,2712 2848,2709 2906,2709 2965,2707 3023,2707 3082,2704 3140,2702 3199,2701"/>
                <TextEquiv>
                    <Unicode>Bukovics ließen es gleichfalls weder an Temperament</Unicode>
                </TextEquiv>
            </TextLine>
            <TextLine id="tr_3_tl_23" custom="readingOrder {index:22;}">
                <Coords points="2029,2788 3165,2762 3195,2721 2030,2740"/>
                <Baseline points="2038,2775 2096,2772 2154,2772 2212,2772 2270,2769 2328,2767 2386,2761 2444,2760 2502,2763 2560,2761 2618,2760 2676,2760 2734,2758 2792,2754 2850,2754 2908,2752 2966,2751 3024,2748 3082,2748 3140,2746 3199,2742"/>
                <TextEquiv>
                    <Unicode>noch an Appetitlichkeit fehlen. Der Abend bedeutete dar¬</Unicode>
                </TextEquiv>
            </TextLine>
            <TextLine id="tr_3_tl_24" custom="readingOrder {index:23;}">
                <Coords points="2039,2837 3064,2810 3065,2758 2040,2783"/>
                <Baseline points="2047,2823 2098,2819 2149,2816 2200,2814 2251,2814 2302,2814 2353,2814 2404,2811 2455,2811 2506,2810 2557,2808 2608,2806 2659,2805 2710,2802 2761,2799 2812,2801 2863,2799 2914,2797 2965,2794 3016,2793 3068,2793"/>
                <TextEquiv>
                    <Unicode>stellerisch einen ganzen, überarisch einen halben Sieg.</Unicode>
                </TextEquiv>
            </TextLine>
            <TextLine id="tr_3_tl_25" custom="readingOrder {index:24;}">
                <Coords points="2772,2853 3147,2844 3149,2799 2772,2812"/>
                <Baseline points="2781,2844 2807,2844 2833,2844 2860,2844 2886,2844 2913,2842 2939,2840 2966,2838 2992,2838 3018,2838 3045,2838 3071,2837 3098,2836 3124,2836 3151,2838"/>
                <TextEquiv>
                    <Unicode>Karl Strecker.</Unicode>
                </TextEquiv>
            </TextLine>
            <TextEquiv>
                <Unicode></Unicode>
            </TextEquiv>
        </TextRegion>
    </Page>
</PcGts>
