3436 4224
1400 155 1750 252 box 8/5
280 171 1199 262 4.9. Anatol Zyklu-
1211 1357 1515 1444 Telephon 12.801.
662 1514 1265 1611 „OBSERVER
443 1595 1518 1663 1. österr. behördl. konz. Unternehmen für Zeitungs-Ausschatte
630 1652 1346 1727 Wien, I., Concordiaplatz 4.
846 1711 1129 1772 Vertretungen
456 1738 1520 1811 in Berlin, Basel, Budapest, Chicago, Cleveland, Christiania,
456 1798 1520 1854 Genf, Kopenhagen, London, Madrid, Mailand, Minneapolis,
452 1837 1522 1894 New-York, Paris, Rom, San Francisco, Stockholm, St. Peters¬
846 1881 1133 1935 burg, Toronto.
776 1920 1206 1994 langen dann die
448 1979 807 2060 Ausschnitt aus:
614 2051 950 2155 10 12. 1910
461 2116 588 2176 vom
334 2161 692 2264 reich
480 2200 1663 2290 Im Lessingtheater beschäftigte man sich mit Artur
355 2270 1663 2327 Schnitzlers Anatol. Man gab die fünf Einakter im warmen
352 2327 1662 2381 Lokalkolorit. Heinz Monnard bewarb sich liebevoll um alle
358 2370 1662 2433 Schattierungen im Charakter des von ihm dargestellten Helden,
365 2417 1665 2482 Irene Triesch, Lina Lossen, Paula Somary, Hilde Her¬
361 2462 1662 2531 terich und Mathilde Sussin hatten die wiener Madeln glaub¬
358 2516 1658 2588 haft zu gestalten. Sie und Emanuel Reicher brachten Wien nach
358 2568 1655 2619 Berlin und ihre Kunst bewirkte, daß man für einige Stunden ver¬
365 2612 1665 2685 gessen konnte... Freilich dann, das Friedrich=Carl=Ufer, die Spree,
365 2664 1665 2731 von fern die Leuchten des Friedrichstraßenbahnhofes... vorbei.
361 2716 804 2793 vorbei. aus war's!
2770 130 3013 225 hon 12.801.
2155 329 3013 439 z. Unternehmen für Zeitungs¬
1989 410 2809 488 terschnitte und Bibliographie.
2134 469 2850 558 Wien I. Concordiaplatz 4.
2366 526 2628 579 Vertretungen
1958 547 3021 618 in Berlin, Brüssel, Budapest, Chicago, Cleveland, Christiania,
1964 604 3016 651 Genf, Kopenhagen, London, Madrid, Mailand, Minneapolis,
1961 644 3019 700 New-York, Paris, Rom, San Francisco, Stockholm, St. Peters¬
2358 684 2628 734 burg, Toronto.
2313 718 2679 780 (Quellenangabe ohne Gewähr.)
1955 765 2327 858 Ausschnitt aus:
1961 900 2109 957 vom
2583 893 2905 1011 14 DEZ 19
2278 1051 2744 1141 Berliner Theater.
1966 1089 2537 1178 Man schreibt uns aus Berlin:
1971 1133 3113 1226 rs. Keine neuen unbekannten Werke zeigten uns die Berliner
1894 1188 3118 1265 Bühnenleiter in dieser Woche, trotzdem aber gab es zwei kurzweilige
1893 1235 3113 1300 Abende. Brahm hatte den klugen Einfall, Artur Schnitzlers ganzen
1894 1276 3118 1335 Anatol=Zyklus im Lessing=Theater aufzuführen. Die fünf rei¬
1891 1323 3112 1388 zenden Einakter, galante Episoden aus dem Leben Anatols, sind
1891 1364 3112 1431 feine Pikanterien, die einer erdacht hat, der an dem Erotischen nicht
1898 1401 3112 1468 nur um der Erotik willen Freude findet, in dem aber auch nichts von
1894 1440 3107 1497 einem anmaßenden Sittenrichter steckt. Schnitzler sah das Liebes¬
1893 1479 3109 1546 spiel in der Welt, guckte ihm seine witzigen Pointen ab, freute sich
1886 1528 3112 1580 gleich Wagners Sachs darüber, daß die Welt den Kopf zu verlieren
1891 1558 3112 1628 scheint, weil ein Glühwurm sein Weibchen nicht fand, und zeigte uns
1890 1595 3105 1663 die Dinge, wie sie sind, nur mit ein wenig jener Schminke, durch die
1880 1641 3109 1697 die Farben auf den Gesichtern jenes Aussehen gewinnen, das sie, um
1890 1673 3105 1735 im Rampenlicht zu wirken, auf der Bühne haben müssen. Es sind
1880 1714 3105 1780 kostbare Leckerbissen die uns kleine köstliche Freuden bereiten. Fünf
1888 1751 3105 1823 verschiedene Parfüms prickeln die Zunge, nicht gerade allzu viel, um
1890 1795 3105 1865 den Wunsch nach einer Fortsetzung des leckeren Mahles zu töten,
1883 1837 3104 1893 nicht zu wenig, um den, der erwartungsvoll zu naschen begann, un¬
1877 1877 3105 1937 befriedigt zu lassen. Der Darsteller des Anatol, der vom ersten bis
1880 1922 3109 1969 zum fünften Einakter die Wirkungen steigern muß, wenn er das In¬
1880 1964 3102 2016 teresse nicht erlahmen lassen soll, wurde von Heinz Monnard recht
1886 2000 3104 2056 geschmackvoll und mit diskretem Takt gespielt. Die übrigen Sterne
1873 2036 3110 2096 des prächtigen Brahmschen Ensembles halfen wacker mit, die feinen
1880 2072 3026 2135 Schattierungen der Schnitzlerschen Figurchen herauszubringen.
1951 2116 3102 2174 Auch im Neuen Schauspielhaus gab es in dieser Woche einen
1885 2150 3097 2217 freundlichen Erfolg, der der Kritik nur sympathisch sein kann. Direk¬
1872 2197 3100 2257 tor Halm brachte Johann Nestroys seit länger als einem Jahrzehnt
1877 2231 3100 2288 nicht mehr aufgeführte dreiaktige Posse Der Zerrissene heraus
1877 2269 3096 2340 und leitete selbst die Regie. Man freute sich allgemein über die rei¬
1834 2345 3048 2445 zenden Einzelleistungen der Darsteller und konnte es nur bedauern,
1833 2417 3050 2484 daß soviel Nestroyscher Witz, soviel schauspielerisches Können, so
1829 2456 3050 2514 nette und gefällige Einfälle der Regie und der von wundervoller
1837 2493 3052 2562 Komik getragene Vorwurf in ihrer Gesamtwirkung dennoch keinen
1831 2524 3047 2607 vollen Erfolg erzielen konnten. Daran konnte nur die altmodisch
1841 2565 3047 2643 gewordene Bühnentechnik des österreichischen Satirikers schuld sein.
1841 2606 3055 2679 Die Idee des Stückes, die sich daraus ergebenden Verwicklungen und
1850 2646 3052 2718 Situationen stehen in ihrer Originalität so hoch über dem Niveau
1847 2685 3052 2767 sogenannter moderner, zeitgenössischer Possen, daß ein tüchtiger Be¬
1847 2728 3053 2798 arbeiter mit wenigen Aenderungen aus diesem Stücke einen regel¬
1841 2762 3053 2837 rechten „Schlager gemacht hätte. Es gibt da zu viele Dinge, die
1844 2804 3066 2868 ein Zuschauer heutzutage nicht mehr verträgt. Sonderbar genug,
1842 2838 3061 2920 daß gerade das Neue Schauspielhaus, wo Originaltexte prinzipiell
1841 2890 3066 2956 umgearbeitet werden, gerade hier nicht reformatorisch eingegriffen
1842 2918 3056 2991 hat. Wie überwältigend komisch wäre Nestroys ursprünglicher Ein¬
1855 2956 3061 3030 fall dann erst herausgekommen. Zwei Leute, ein wegen seiner
1841 2996 3058 3076 Reichtümer abgestumpft und lebensmüde gewordener Aristokrat und
1854 3042 3061 3112 ein Schlossermeister mit Riesenfäusten balgen miteinander um ein
1854 3078 3068 3156 Weib, fallen während des Kampfes ins Wasser, retten sich getrennt
1850 3118 3063 3190 auf entgegengesetzte Ufer und erleiden nun bei der Vorstellung, den
1849 3154 3066 3229 Gegner ums Leben gebracht zu haben, Qualen und Angst. Der
1859 3193 3065 3265 Aristokrat will für tot gelten, um seine Mordtat nicht in der Zelle
1855 3239 3066 3304 büßen zu müssen und plant schon in seinem eigenen Schloß einzu¬
1854 3286 3065 3349 brechen, um zu Geld zu kommen, als sich sein Patenkind, eine rich¬
1854 3314 3069 3387 tige Unschuld vom österreichischen Lande in oberösterreich. Mundart
1854 3359 3068 3426 und mit niederösterreichischen Grübchen im Kinn liebevoll seiner an¬
1859 3392 3074 3465 nimmt und ihm zu einer Stellung als Hofknecht bei ihrem bäurischen
1859 3434 3071 3506 Vetter verhilft. Nach richtiger Volksstücksregel treten auch die fal¬
1867 3476 3073 3554 schen Freunde als lachende Erben auf, um zuguterletzt an die Luft
1865 3514 3071 3592 gesetzt zu werden, als der vermeintliche Ermordete Schmied aus sei¬
1860 3551 3068 3628 nem Schlupfwinkel im Keller emporsteigt und die beiden nebenbuhle¬
1862 3598 3071 3665 rischen Mörder einander selig umarmen. Die Moral von der Ge¬
1872 3637 3071 3711 schichte ist in ungezählten schmachtlappigen Wiener Volksliedern vor¬
1863 3668 3068 3743 weggenommen worden. Herr Eugen Burg in der Titelrolle war
1862 3712 3078 3787 vielleicht der einzige, der als Darsteller nicht ganz auf der Höhe
1867 3751 3081 3825 stand. Glänzend aber war Herr Emil Lind in der Rolle jenes
1863 3795 3078 3864 bäurischen Tropfes, der sich ewig darüber beklagt, wie viel auf seinen
1865 3831 3078 3904 Kopf einstürmt, Fräulein Wüst, das beliebteste Mitglied des Halm¬
1868 3869 3081 3942 schen Ensembles, als Madame Schleier, Willi Prager als eifer¬
1873 3904 3079 3984 süchtiger sitzengelassener Liebhaber und harmloser Mörder, und
1868 3948 3081 4039 Fräulein Ida Frey, als die schöne, unschuldige Kati mit dem warm¬
1868 4010 2480 4069 blütigen, uneigennützigen Herzen.
