3484 4256
1436 144 1789 241 box 8/5
308 149 1242 255 4.9. Anatol - Zyklus
670 1203 870 1248 gerettet.
664 1215 1725 1292 tung und der polnischen Berufsvereinigung erhoben
658 1290 1723 1360 worden. Neben diesen Organisationen hat eine Ver¬
664 1335 1723 1399 trauensmännerversammlung des Gewerkvereins christ¬
667 1396 1722 1462 licher Bergarbeiter Deutschlands selbständig eine Ein¬
664 1450 1723 1510 gabe dem Zechenverband eingereicht, in welchem ver¬
664 1500 1725 1568 langt wird, „soweit wie möglich eine den Verhält¬
667 1556 1722 1613 nissen entsprechende Aufbesserung der Löhne der
664 1606 1717 1662 Arbeiter unter und über Tage vorzunehmen“. Be¬
768 1710 1607 1818 Artur Schnitzler: „Anatol“.
744 1810 1665 1894 Erstaufführung im Lessing=Theater.
754 1869 872 1941 a
1623 1877 1739 1951 9
664 1935 1729 2007 Das Herz geht einem auf, gedenkt man dieses Abends.
667 1991 1734 2046 Wieviel Entzückendes. Wieviel Lachen, wieviel
667 2034 1500 2103 Leisheit, — und wie sehr beides gemischt.
712 2075 1731 2141 Anatol... War es nicht gestern, daß er uns in die
664 2138 1733 2194 Hände fiel; daß jüngere Menschen überrascht einen
679 2183 1722 2235 Spiegel ihres Lebens in hundert Seiten fanden?
664 2234 1729 2293 „Ich fraß dieses Buch. Und alles, was dem elenderen
671 2278 1727 2337 Teil unserer selbst, dem Kritiker, widersprach, das fraß
672 2327 1727 2383 ich schließlich mit.“ War es nicht gestern? Wer weiß.
664 2375 1637 2422 Der Artur ist längst ein Klassiker geworden.
679 2426 1734 2477 Mai wird er neunundvierzig. Kinder, Kinder. Ich
676 2478 1737 2529 sehe die frühe Buchhausgabe; „1893. Verlag des
667 2519 1733 2579 Bibliographischen Bureaus Alexanderstraße 2“. Ein
664 2573 1731 2638 Klassiker ist er längst. Im Mai wird er neunund¬
663 2622 810 2686 vierzig.
712 2642 1148 2741 Doch, es war gestern.
715 2764 1734 2838 Das Herz geht einem auf beim lustigen Gedenken
664 2822 1734 2881 dieses Abends. Dieses Lachens; dieser Zauderungen;
667 2869 1727 2924 dieser Ironik; dieses Verstummens; dieser Stöße; dieser
672 2918 1731 2973 Holdheit; dieses Betrugs; dieses Fragens; dieses Zer¬
670 2961 1735 3034 fließens ... Gestern? Heute, morgen, übermorgen.
712 3014 1727 3065 Wie dachte man sich das damals? „Lautlos öffnet
672 3064 1731 3134 ein blasser, eleganter Herr die Tür und blickt hinein
1786 1212 2846 1298 auen Verbände die eifrigste Forderung erfahrt. Häufig
1791 1291 2844 1340 bringt das Verbandsorgan Artikel zur Förderung der
1798 1339 2846 1402 sozialdemokratischen Bestrebungen; in Ergänzung
1791 1399 2846 1455 dieser Taktik werden die bürgerlichen Parteien her¬
1789 1444 2841 1503 untergerissen und an ihnen kein gutes Haar gelassen,
1798 1499 2850 1566 so daß bewußt und systematisch der Eindruck erzeugt
1791 1554 2846 1611 wird, als sei die Sozialdemokratie die einzige und
1787 1605 2850 1662 beste und uneigennützigste Vertreterin der Arbeiter¬
1789 1702 2856 1759 mit melancholisch=witzigem, etwas müden, aber innigem
1786 1751 2854 1810 Ausdruck.“ War es so, Herr Monnard? Es war
1795 1803 2854 1853 vielleicht besser... Auffassung? Ich habe mehr als
1795 1843 2854 1905 einmal folgendes wörtlich betont: „Verfehlt scheint
1786 1901 2853 1959 mir, allzuviel von Auffassung einer Rolle zu sprechen.
1791 1946 2858 1997 und in der Kritik ein Gequatsche zu machen über das
1795 1994 2854 2050 System, das der Künstler nie gehabt hat. Wir
1791 2043 2853 2095 wissen, daß der die Dinge meistens so bringt, wie
1791 2095 2857 2147 er sie mit seiner Technik am besten hinlegen
1791 2141 2857 2199 kann. Und ich wünsche nicht, nachträglich
1795 2179 2850 2243 eine Theodize seiner Seifenblasen: sondern eine
1791 2226 2853 2294 Feststellung dessen zu geben, was er hinlegte, heraus¬
1791 2289 2850 2342 kriegte, machte"... Oder: „Völlig auf einem anderen
1801 2333 2850 2387 Blatt steht die Frage nach jenem Erinnerungsbild,
1791 2379 2850 2429 das er — wollend oder nicht — kraft seiner ein¬
1791 2425 2856 2486 geborenen Beschaffenheiten, kraft seiner Instinkte zuletzt
1791 2487 2853 2553 doch hinterließ. Was bei seiner Technik und bei seiner
1791 2525 2258 2578 Natur schließlich kam."
1837 2569 2848 2639 Also was gab der Schauspieler Monnard? Es
1791 2622 2850 2674 war ein Vorteil, daß bei Brahm die Lyrik nur leicht¬
1798 2673 2850 2725 hin, und mehr durch die Frauen, dämmernd erhellt;
1791 2718 2858 2776 daß Schalkheit, Skepsis, Drastisches funkelnder bestrahlt
1791 2768 2846 2825 wurde. So war an dem Liebeskoster, dem Suchenden,
1791 2816 2857 2874 dem Anatol, mit versunkener Ergötzlichkeit gezeigt,
1795 2858 2856 2914 worin er auch eine Wurzen ist... Die Musik war
1801 2912 2853 2968 — nicht von Schumann, sondern ein Gemisch von
1802 2961 2853 3022 Schumann und Offenbach... Eine Wurzen; eine
1801 3002 2853 3060 ungezogene Wurzen; eine seelenschleckerische Wurzen in
1791 3054 2857 3138 der Mitte. Nicht zu zart. (Schumanns Töne klangen
2914 1214 3386 1299 un parwischen Stund
2917 1286 3393 1343 wenn durch die Sozialde
2908 1332 3386 1410 Maße Abneigung und
2917 1384 3389 1467 land in dieses Riese
2914 1448 3074 1508 werden.
2953 1488 3385 1566 Für die Beurteilung
2914 1544 3393 1614 vereins christlicher Berg¬
2910 1598 3398 1663 den Mitgliedern gebilligt
2908 1699 3396 1762 mehr nach Pantalon, n
2908 1747 3400 1806 Der Leser weiß Bescheid.)
2917 1797 3400 1874 denkt man dieses Abend¬
2950 1915 3396 2011 Und der Frauen.
2914 1975 3400 2045 Tora.... Aber reizend.
2922 2038 3384 2097 sagen: reizend. Mädel
2908 2087 3384 2146 Vielleicht Mädel mit den
2917 2137 3362 2190 Nein, beides; beides.
2908 2189 3401 2241 Künstlerin ist: den Mäd¬
2917 2230 3389 2302 Als ob man sie erwischt
2908 2279 3381 2334 Magie: etwas Scham,
2920 2325 3398 2393 gefressen haben... Reize
2956 2375 3408 2439 Nach der mit den 3
2920 2418 3386 2490 sie von allen, so hier
2914 2470 3401 2542 läßt, am längsten und an
2917 2519 3385 2585 die Gabriele vorbei, die
2914 2567 3400 2633 die mit den Weihnacht
2914 2619 3401 2682 die den Mut nicht ha
2908 2662 3396 2734 aus der besseren Welt h
2958 2714 3390 2788 Was war diese Lina
2917 2758 3398 2829 Wie fern und wie ab
2914 2806 3396 2877 geschehen war dies alles.
2926 2862 3398 2920 schattung, leis, eine du
2917 2904 3405 2972 manchmal; der Wider¬
2920 2954 3353 3026 einer Verfinsterung.
2917 2997 3409 3086 machung. Es trug sich
2910 3056 3126 3136 Himmlisch.
