3248 4256
116 165 670 235 4.9. Anatol
712 159 996 259 Zyklu-
380 1194 1158 1294 „OBSERVER
465 1282 1127 1354 I. österr. behördl. konzessioniertes
441 1330 1157 1398 Unternehmen für Zeitungs-Ausschnitte
501 1390 1078 1469 WIEN, I., WOLLEILE 11
578 1451 1027 1509 TELEPHON R-23-0-43
381 1590 736 1672 Ausschnitt aus:
656 1666 1251 1759 Deutsche Wochenschau, Berlin
745 1768 1121 1901 24. SEP. 192
392 1815 520 1890 vom
408 1916 829 2008 ne et
978 1925 1299 2014 Notre
422 2020 1215 2087 Im Akademietheater, einer „Filiale
364 2069 1227 2131 des Burgtheaters, wurde Schnitzlers „Ana¬
368 2095 1238 2152 tol“ aufgewärmt. Aus längst verstaubten Re¬
373 2145 1230 2200 galen hat man Hermann Bahrs „Wiene=
364 2191 1230 2228 rinnen“ hervorgeholt. Heute mutet dieses
373 2218 1230 2271 recht sentimentale und unwahre Sexualstück
376 2258 1245 2310 fast lächerlich an. Daß man wirklich nichts
366 2302 675 2375 besseres findet?
1226 143 1578 233 box 9/4
2034 96 2393 182 Ausschnitt aus:
2050 330 2182 404 vom
2341 798 2997 907 und
2243 1206 2963 1310 THEATER
2135 1320 2996 1444 Hans Wengraf spielt den
2443 1405 2696 1504 Anatol
2392 1494 2739 1564 Akademietheater.
2178 1550 2995 1640 Ein gut qualifizierter Auslandswiener,
2130 1605 2995 1668 Hans Wengraf, früher bei Röbbeling in
2136 1652 2996 1704 Hamburg, kommt jetzt zu Röbbeling nach
2139 1696 2998 1757 Wien. Er spielte am Samstag den Anatol.
2132 1736 2996 1813 Einen, der lange nicht in Wien gewesen. Er
2124 1788 2862 1834 muß sich erst wieder akklimatisieren.
2174 1823 2995 1881 Herr Wengraf ist ein schätzenswerter
2130 1867 2990 1925 Darsteller fröhliches Bonvivantum sitzt
2124 1915 2996 1968 zwischen den Mundwinkeln, Gewandtheit
2122 1955 2991 2017 ist da, gute schauspielerische Manieren, aber
2127 2006 2990 2063 von einem Wiener Schnitzler-Spieler ver¬
2127 2039 2991 2095 langt man neben dem Wienertum Arthur
2130 2088 2994 2140 Schnitzlen die Charakter veranlagung seiner
2124 2133 2996 2183 Menschen, die alle mitsammen einen Zug in
2127 2183 2994 2231 die Tiefe haben. Wenn sie noch so amüsant
2128 2220 2986 2273 und scheinbar an der Oberfläche plätschern
2123 2266 2999 2321 und dahinplaudern, das lyrische Element in
2126 2306 2990 2358 ihnen brauchte einen starken Hintergrund
2124 2350 2985 2400 von Menschlichkeit, ihre Erkenntnisse wach¬
2127 2398 2987 2445 sen nicht auf flacher Lustspielerde, ihre
2124 2437 2987 2499 Wurzeln schlagen ins Villenviertel der Seele,
2119 2484 2983 2546 wo die Skeptiker, die Melancholiker, die
2122 2513 2839 2574 Ironiker Arthur Schnitzlers wohnen.
2172 2560 2982 2629 Vielleicht hätte es Wengraf mit Wien
2122 2611 2979 2679 lieber zuerst in einer Komödie versuchen
2118 2675 2978 2718 sollen, in der nicht so sehr sein Österreicher¬
2121 2707 2979 2764 tum, als andere schauspielerische Möglich¬
2113 2745 2984 2800 keiten betont werden. Er kann sicherlich
2113 2788 2975 2840 eine Menge. Er versteht es wahrscheinlich.
2113 2842 2973 2891 scharmant im Sinne eines Lustspiel¬
2116 2880 2979 2932 liebhabers zu sein, und echt, wenn es darum
2116 2920 2975 2980 geht, einen Autor darzustellen und nicht
2116 2979 2982 3029 einen Dichter. Vielleicht weht auch noch
2115 3013 2994 3087 nördliche Luft um ihn und seinen Anatol
2119 3050 2447 3113 Warten wir's ab.
2154 3099 2968 3173 Übrigens: die Anatol-Aufführung im Aka¬
2116 3147 2970 3208 demietheater ist voll fremder Elemente. Ein¬
2110 3199 2978 3257 zig echt wirken nur Alma Seidler und Maria
2113 3240 2978 3289 Kramer, die jetzt die Cora spielt. Die Seidler
2113 3288 2978 3346 ist bezaubernd in der Mischung von Natur
2107 3327 2975 3388 und Technik, die sie im Abschiedssouper im
2118 3374 2973 3433 Wirbel einer schon klassischen Situation
2105 3423 2973 3474 entwickelt. Und Maria Kramer spielt das
2105 3463 2972 3521 kleine Wiener Mädel, das hypnotisiert wird,
2107 3509 2978 3562 mit einer bodenständigen Wahrheit in den
2105 3551 2970 3610 kleinen Zwischentönen von Flirt und Liebe,
2104 3598 2964 3650 ein reizendes Geschöpf des Wiener Pflasters,
2109 3638 2967 3697 das da Anatols Welt einen Besuch abstattet.
2115 3682 2961 3741 Wie geschaffen für die Episode, den Augen¬
2107 3722 2964 3787 blick, für die kurze Seligkeit des Aben¬
2109 3767 2250 3820 teuers.
2148 3806 2963 3877 Mit den anderen Frauen des Akademie¬
2101 3869 2926 3927 theaters muß man schon verheiratet sein.
2605 3910 2925 3979 Siegfried Geyer.
