3436 4256
1348 162 1715 256 box 8/5
235 171 1158 274 4.9. Anatol - Zyklus
1129 1144 1489 1226 Telephon 12.801.
1162 1220 1261 1365 -
659 1210 1118 1380 OBSERV
426 1369 1486 1445 1. österr. beh. konz. Unternehmen für Zeitungs¬
627 1424 1283 1490 Ausschnitte und Bibliographie.
597 1477 1319 1557 Wien, I., Concordiaplatz 4.
818 1545 1103 1611 Vertretungen
417 1579 1486 1643 in Berlin, Brüssel, Budapest, Chicago, Cleveland, Christiania,
435 1636 1484 1684 Genf, Kopenhagen, London, Madrid, Mailand, Minneapolis,
423 1678 1481 1730 New-York, Paris, Rom, San Francisco, Stockholm, St. Peters¬
806 1714 1088 1767 burg, Toronto.
785 1755 1152 1813 Quellenangabe ohne Gewähr.)
423 1801 1079 1904 Ausschnitt aus
630 1882 1103 1986 5
426 1933 574 1986 vom
708 2013 1155 2122 Theater und Musik.
755 2095 1092 2181 Lessingtheater.
408 2155 1518 2217 Arthur Schnitzlers in der Buchhausgabe wohlbekannter Ein¬
323 2207 1518 2256 akterzyklus in am Sonnabend im Lessingtheater zum ersten
332 2247 1518 2292 Male im Zusammenhange auf der Bühne in Szene, auf der eines der
338 2287 1518 2333 fünf Stücke, das „Abschiedssouper, schon längst Heimatsrecht
335 2327 1521 2375 genießt, zumal da es reisenden Künstlerinnen eine Paraderolle bietet.
341 2366 1521 2415 Fast alle Schauspielerinnen von Ruf haben hier die Annie gespielt.
341 2402 1520 2454 Ihnen gesellte sich am Sonnabend Mathilde Sussin hinzu, sonst eine
335 2445 1518 2497 Darstellerin versonnener, ätherische Frauengestalten. Sie erbrachte
329 2482 1515 2527 den Beweis, daß sie ebenso natürlich den Ton des Uebermuts zu treffen weiß.
332 2521 1518 2579 Auch die Frage an das Schicksal ist gelegentlich schon aufgeführt
332 2555 1515 2609 worden. Im Mittelpunkt aller fünf Stücke steht die Gestalt Anatols,
332 2602 1511 2649 eines Wiener Snobtyps, eines modernen dekadenten Don Juans
332 2637 1515 2682 ohne alle Dämonie, den der Zuschauer durch einige Liebesepisoden
335 2679 1515 2724 mit den sogenannten „süßen Mädels" begleitet. Schnitzlers scharfe
332 2713 1515 2762 Beobachtungsgabe, die in seinen neueren Werken mehr in die Tiefe
338 2756 1514 2800 geht als hier in diesen oberflächlich hingeworfenen Skizzen, läßt auch
334 2798 1515 2849 diese Stückchen immer interessant erscheinen; man merkt, daß sie nach
332 2825 1515 2882 dem lebenden Modell gearbeitet sind und nur die Wirklichkeit ohne
326 2874 1521 2926 alle Nebenabsichten wiedergeben wollen. Am wirkungsvollsten sind
332 2914 1509 2961 wohl die beiden genannten Einakter, deren die Bühne sich schon
323 2950 1518 3002 bemächtigt hat; seine Züge enthält aber auch das Stücklein
335 2990 1515 3038 „Weihnachtseinkäufe, und auch der leise Spott, der durch die
341 3032 1512 3077 Episode hindurchklingt, ist unterhaltsam genug. Anatols
332 3069 1508 3117 Hochzeitsmorgen, das Schlußstück, ist derberen Schlags und
323 3099 1514 3159 überschreitet auch die Grenzen des guten Geschmacks. Die Darstellung
329 3144 1515 3193 konnte nicht besser sein, Herr Monnard zeichnete das weichliche Wesen
332 3184 1512 3232 des Anatol, dieser Wiener Sumpfpflanze, mit diskret andeutenden
329 3224 1509 3278 Strichen und wußte die Gestalt durch die nötige Dosis Gemüt davor
323 3265 1500 3311 zu bewahren, unsympathisch zu berühren. Seinen Freund und Ver¬
326 3303 1506 3342 trauten Max gab Herr Reicher mit feinem Humor. Unter den In¬
329 3341 1509 3409 habern der weiblichen Rollen sind noch Lina Lossen und Irene Triesch
326 3378 746 3446 besonders hervorzuheben.
1798 738 2131 855 „OBSERVER
1778 828 2177 915 I. österr. behörd
1821 901 1952 957 konz
1916 940 2073 1013 Bureau
2414 966 2898 1064 DIEMER 1910
1792 989 2177 1074 für Zeitung nachrichten
1921 1056 2086 1120 Wien, I.
1828 1082 2180 1174 Konkordiaplatz
2307 1159 2913 1271 Das
2235 1328 2476 1430 Theater.
1851 1393 2932 1484 Lessing=Theater. Zum ersten Male „Anatol“ von Arthur
1775 1460 2009 1533 Schnitzler
1779 1526 2926 1585 ch vor zehn Jahren hatte Otto Brahm das beste Personal,
1766 1572 2928 1639 wie es keine andere Berliner Bühne besaß. Nur wenige davon sind
1779 1618 2923 1684 jetzt noch bei ihm. Bequemlichkeit oder Rückgang seiner Urteils¬
1775 1664 2922 1740 kraft müssen schuld daran sein, daß er nur für unzulänglichen Ersatz
1773 1706 2928 1781 sorgt, denn es gibt an deutschen Bühnen genügenden Nachwuchs. In
1767 1760 2920 1840 den fünf „Anatol-Einaktern ließ er Herrn Monard die Titel¬
1767 1819 2929 1880 rolle spielen. Ganz abgesehen, daß dieser Darsteller von zu schwerer
1770 1861 2926 1921 Körperlichkeit für den graziösen und sensitiven jungen Herrn ist, hat
1770 1919 2925 1977 er auch zu stumpfe schauspielerische Instrumente, um die eleganten
1770 1947 2925 2029 Geistes apriolen eines Wiener Gemüts mitmachen zu können. Mit
1763 1992 2914 2070 dem Operettendialekt, den sich Herr Monard zurechtgelegt hatte, ver¬
1761 2059 2923 2111 gröberte er die feinen Schnitzlerschen Zeichnungen dermaßen, daß wir
1763 2095 2922 2172 uns nach Matzner vom „Theater des Westens“ sehnten, der weit
1767 2146 2922 2213 feineren Humor für viel tiefer stehende Texte aufzubringen versteht.
1764 2189 2914 2265 Wenig Augenweide bietet dermalen die weibliche Garde des Lessing¬
1764 2238 2911 2311 Theaters. Die Frage drängt sich auf: Wie häßlich darf eigentlich
1764 2301 2916 2354 eine Schauspielerin sein? Müssen wir uns mit den Antworten ab¬
1769 2333 2911 2403 speisen lassen: Alle Frauenzimmer können nicht schön sein, und die
1770 2384 2911 2469 Schönen haben meist kein Talent. Die Wolter war eine Schönheit
1755 2441 2914 2515 ersten Ranges und zugleich ein Genie. Und auch unter den da¬
1758 2485 2914 2549 maligen Talenten hatte keine Schauspielerin ein anormales Aeußeres.
1764 2529 2919 2606 Soviele absonderliche Damen wie jetzt hat es niemals beim Theater
1754 2584 2908 2658 gegeben. Soll es soweit kommen, daß Eltern von einer Tochter sagen:
1764 2633 2908 2686 Sie ist so häßlich, daß wir sie nur zur Bühne gehen lassen können!
1760 2664 2911 2745 Wenigstens sollte im Lessing=Theater affigiert sein: Operngläser zu
1751 2721 2914 2792 benutzen, ist verboten. Diese Angelegenheit, so grausam es ist, muß
1758 2776 2906 2827 einmal energisch angeschnitten werden, zumal es sich im „Anatol¬
1770 2816 2910 2892 Zyklus um das typische „süße Mädel" handelt, das zwar keine regel¬
1755 2865 2906 2949 mäßige Wiener Schönheit, aber stets hübsch ist. Daß unter solchen
1757 2910 2906 2990 Darstellungsmodalitäten die feineren Wirkungen aus den Schnitzler¬
1764 2956 2906 3028 schen Jugendarbeiten nicht herausgeholt wurden, liegt auf der Hand.
1758 3016 2906 3087 Das Publikum belustigte sich über die Witze und Scherze, die an der
1758 3054 2906 3129 Oberfläche lagen, aber in die vom Dichter beabsichtigte Stimmung
1767 3135 2922 3196 wurde es nicht versetzt. Weit bessere Aufführungen von der
1767 3169 2911 3239 „Frage an das Schicksal und vom „Abschiedssouper
1767 3217 2931 3287 hat man schon vor Jahren in Berlin gesehen, und voraussichtlich
1770 3266 2914 3338 werden nun auch die „Weihnachtseinkäufe, „Episode
1779 3327 2925 3400 und „Anatols Hochzeitsmorgen" später einmal von ge¬
1781 3376 2931 3439 eigneteren Darstellern wieder aufgegriffen werden. Im Repertoire
1809 3412 2931 3521 Brahmschen „Lessing=Theaters werden sie nur ein ephemers
1836 3476 2029 3551 ein fristen.
