3484 4256
694 182 820 255 to
289 186 790 293 4.9. An
887 178 1138 291 Zykl
1401 174 1754 261 box 8/7
2214 88 3061 148 or con que no me de
2218 132 3055 189 Mr. Granville Barker, his English sponsor, has been
2223 164 3056 215 playing portions of him at the Palace. The mira¬
2222 215 3054 266 tion to the pretty little house in the Adelphi is at
2217 251 3050 295 once an advantage and a disadvantage. The smal
2216 288 3055 342 stage and the small auditorium are exactly what
2217 308 3056 389 Anatole needs; but five acts of him in succession
2217 365 2823 419 are not live times as amusing as one.
2255 381 3054 450 It is not now necessary to describe Anatole
2217 424 3050 494 scheme of existence in detail. We have already
2157 475 3053 525 assisted this affairs with Hilda and Mimi and Lona.
2222 507 3054 570 Nothing new was revealed to us by Gabrielle and
2223 555 3055 606 Bianca, who made their curties on Saturday, though
2214 595 3053 644 the episode with Bianca is as good as the best.
2223 635 3055 677 Anatol, in fact, is one of those very numerous people
2219 674 3057 716 who are most amusing when you do not see much
2217 712 3049 750 of them. He is certainly real enough. The senti¬
2216 746 3054 798 mentalist cynic man about town, who mingles the
2219 786 3056 828 temperament of l'homme moyen sensuel with some¬
2166 809 3050 855 thing of Blanche Amory's il me faut des émotions
2208 858 3053 911 is cleverly caught by Herr Schnitzler. There is plenty
2218 902 3053 953 of it in the study, though Mr. Granville Barker
2217 940 3054 979 paraphrase makes the wit a matter of substance
2210 977 3053 1015 rather than style. Yet five acte of it leave us with
2214 1012 3053 1063 that faint feeling of indigestion. The cynicism of
2210 1053 3062 1099 the dialogues is altogether harmless. Of course
2214 1082 3053 1131 Anatol belongs to a world which disdains morals.
2210 1128 3060 1173 But only an insane desire for edification will quarrel
2217 1168 3056 1204 with that. It is not the cynicism that makes you
2210 1200 3056 1246 uneasy, but the dilution of the cynicism. Where the
2214 1239 3053 1286 cynical flavour is strongest, Anatol is very good
2214 1275 3047 1328 souff. When Herr Schnitzler sentimentalises, how
2214 1312 3056 1362 ever cynically, uncomfortable sensations obtrude.
2217 1354 3060 1396 Unfortunately, the sentimentality of the cynicism
2210 1389 3056 1440 is emphasised by Mr. Granville Barke's handling
2210 1427 3053 1470 of the part. The result is much like the French
2210 1467 3056 1506 novels of the later eighteenth century, or a blend
2210 1504 3050 1560 of Ovid and Rousseau. Ovid is much more ausing
2208 1540 2394 1596 by himself.
2238 1567 3053 1624 The first of the two now dialogues given on Saturday
2199 1624 3049 1670 night, A Christmas Present," had a large dose of
2208 1657 3047 1706 sentimentality. Gabrielle, respectable and married.
2205 1694 3053 1744 meets Anatol out in the rain, and learns that his
2208 1733 3051 1785 affair of the moment is with a poor girl in a humble
2201 1772 3047 1823 room, who is happy to have her Anatol so. Whereat
2193 1808 3053 1861 Gabrielle sende the poor girl a bouquet with the
2208 1846 3053 1901 message that it is from one who might have been
2208 1891 3051 1930 happy 100 if she had not been such a coward. The
2205 1929 3050 1980 sickliest sentiment of the most sentimental goody-
2205 1963 3056 2018 goody story could, as you observe, be no nastier. The
2199 2005 3056 2058 second new dialogue was as delightful as this first
2213 2051 3053 2098 was disageable. Anatol brings to his friend, the
2205 2082 3050 2121 plump and admirable Max, a parcel containing his
2205 2121 3047 2166 past letters, momentos, and so forth and the two
2205 2159 3047 2207 sort them out, with commenta, in an excellently
2205 2195 3053 2235 witty scene. There was an envelope containing the
2208 2234 3053 2276 dust of a rosebud worn by Bianca, Bianca who had
2205 2274 3047 2318 sat at Anatols feet, kissing his hand, while he played
2208 2312 3042 2361 the piano with the other and felt like a demi-god.
2205 2343 3050 2403 Enter Bianca, who is a circus-girl and has com¬
2205 2388 3047 2433 pletely forgotten the existence and even the face of
2205 2424 3053 2474 Anatol. Conceive the tragic disgust of Anatol and
2205 2464 3050 2510 his whirwind departure, and then conceive Bianca
2205 2499 3053 2551 sitting down cosily with Max to tell him of her last
2205 2539 2511 2594 admirer's charms.
2235 2557 3047 2632 The two best things in the performance are already
2201 2624 3047 2671 familiar, Mr. Nigel Playfaire fat friend Max,
2208 2655 3053 2709 and Miss Lillah McCarthy's Mimi. Mr. Playfair has
2205 2703 3053 2745 the harder task, in giving variety and humour to
2205 2730 3050 2788 Max's repetitions of protest and amazement at
2205 2771 3042 2832 Anatol's not very variegated behavior. Ho suo
2205 2807 3050 2861 ceeds admirably. His changes of tone are quite a
2205 2852 3047 2900 masterpiece in the art of making the same thing
2205 2887 3056 2932 sound new. Every flash of it and Max has most
2205 2931 3047 2971 of the best things is the brighter for his work.
2169 2966 3056 3009 Miss Carthy's ballet-girl is a piece of character
2162 3006 3050 3054 richly coloured and alive, yet with a host of clever,
2199 3044 3053 3092 minute touches of studied realism. Mr. Granville
2205 3083 3047 3126 Barker himself, though he plays cleverly enough, is
2208 3122 3047 3163 not much more than half an Anatol. The senti¬
2199 3155 3050 3205 mentality of the character obscures the rest. You
2193 3201 3050 3249 try vainly to believe in his champagne suppers and
2171 3237 3050 3289 his ballet-girls. He remind you of an undergraduate
2210 3279 3044 3322 posing after dinner as the very devil of a fellow,
2205 3316 3042 3355 No doubt there is something of this in Herr Schnitz¬
2199 3351 3042 3394 ler's Anatol, but after all we are to assume that
2193 3389 3047 3436 his affairs were not altogether talk. We believed in
2205 3433 3042 3475 the emotions of Mr. Barkers Anatol easily, but to
2205 3468 3044 3517 associate him with champagne and masked balls was
2201 3502 3050 3546 a desperate effort. Two skilful performances by Miss
2196 3542 3042 3588 Dorothy Minto and Miss Alice Crawford deserve
2193 3580 3041 3629 record. Miss Crawford's hysteries were most con¬
2201 3620 3045 3665 vincing, and there was a delectable savagery in her
2193 3656 3041 3716 smashing of china, Miss Minto made a neat cha¬
2196 3690 3047 3741 racter sketch of the circusgiri. A word must be
2199 3728 3047 3783 given to the delightful scenes designed by Mr. Nouan
2196 3769 3044 3814 Wilkinson. Anatolis post-impressionist flat and the
2199 3808 3042 3852 Victorian quarters of Max were a pure joy. The per¬
2193 3845 3038 3906 formance was received with a good deal of applause.
