3484 4256
284 163 1221 271 4.9. Anatol - Zyklus
366 705 990 818 Berliner Börsen Courit
586 743 1262 856 Morgenausgabe 18
840 866 1033 951 Anatol.
544 938 1325 1002 Schillertheater Charlottenburg.
1161 969 1431 1028 vier von den
487 970 1056 1053 Schnitzlers Frühwerk
445 1023 1434 1103 sieben Einakter des „Anatol“=Zyklus. Von der
445 1066 1431 1128 oft gegebenen „Frage an das Schicksal" führte
436 1113 1437 1173 der Weg über das meistgegebene Abschieds¬
457 1144 1421 1221 souper" zur wenig häufig gespielten „Episode
448 1192 1438 1259 und dem verhältnismäßig selten gebrachten „Ana¬
454 1218 1435 1294 tols Hochzeits morgen", den Schlußkavite
439 1260 1432 1341 dieses Buchs der Liebe, dieser Junggesellenherrlich
448 1311 1441 1383 keit, die müdes Aesthetentum unterstreicht, mit Ueber¬
457 1346 1441 1418 sättigung kokettiert und immer neu aufbrennt, wenn
455 1406 785 1475 sie Beute wittert.
524 1408 1443 1503 Der „Anatol"-Zyklus zählt zu jenen Bühnen¬
451 1478 1449 1535 dichtungen, die kaum altern. Er ist vielleicht ein
454 1530 1449 1581 bischen in den Farben verblaßt — wirkt zum min¬
457 1554 1450 1619 desten jetzt so, da wir durch waffenklirrende Kriegs¬
462 1589 1454 1663 jahre in schwer lastende Uebergangszeit geschritten
465 1632 1449 1707 sind. Aber den Reiz seiner Liebenswürdigkeit, die
460 1682 1454 1742 leichte Anmut der verfeinerten Genußfreude hat er
460 1717 1453 1797 bewahrt: Er ist erinnerungsreich und sehnsuchtsvoll
460 1781 681 1842 geworden.
530 1788 1457 1874 „Anatol“ bedeutet typisches Wienertum, das der
468 1842 1454 1911 Norddeutsche kaum umgreifen kann. Er ist von
464 1891 1459 1950 einem Oesterreicher empfangen, aus österreichischem
465 1918 1469 1987 Temperament geboren, ist ein Aus der früheren
465 1963 1457 2057 Graben, Ringstraßen=, Prater= und Redoutenwelt.
636 2006 1466 2069 ern Welt, als die wir hier kennen.
474 2029 589 2083 Einer
476 2048 1465 2115 Darum der Darsteller des Anatol von jenseits
476 2090 1438 2162 der ehemals schwarz=gelben Grenzpfähle kommen¬
478 2124 1470 2198 er muß die Blutmischung haben, aus der die etwas
483 2165 1465 2241 dekadente Eleganz, die leichte Lässigkeit des Ange¬
478 2206 1463 2299 entspringen Paeschke ist zu schwer zu norddeutsch
484 2249 1470 2318 für diese Blüte einer künstlich ervorgetriebenen
478 2290 1470 2357 Kultur. Er suchte den Stil, näherte sich ihm in den
487 2334 1313 2407 letzten beiden Akten, meisterte ihn nie ganz.
543 2366 1470 2445 Herr Senger, dem der realistische Spötter, der
484 2413 1476 2480 Gegenfühler Anatols, zugefallen war, zeichnete den
490 2455 1479 2524 Mann der trockenen Ueberlegenheit, der alles unter
496 2499 1478 2560 den Gesichtswinkel der Vernunft zwingt. Auch er
484 2534 1484 2599 hätte mehr wienerische Note haben dürfen und die
493 2594 1186 2662 Nüchternheit weniger betonen sollen
556 2624 1484 2705 Else Wasa spielte — in „Anatols Hochzeitsmor¬
505 2661 1479 2732 gen" — die rabiate lang mit prächtigem Humor
505 2716 1508 2775 und drolligster Entschlossenheit. Corg und Bianka,
490 2741 1491 2807 vertrat Frl. Haack — so, daß sie abnen ließ, man
478 2782 1485 2839 dürfe am Ende nach Besseres von ihr erwarten. In
490 2821 1489 2887 der Rolle der Annie des Abschiedsonders erschien
478 2859 1494 2945 nach Jahren Stefanie Kriß wieder in Berlin: un¬
445 2929 1440 3021 verändert munter, von lustiger Derbheit, anstecken¬
442 3015 1441 3062 dem Lachen, allerliebst im Schwips und der be¬
449 3044 1441 3110 schwisten sittlichen Entrüstung. Aber ein Kleid
451 3085 1443 3144 trug sie! Herr Bonno, der Sie das Spiel leiteten:
454 3128 1447 3183 Wie war es möglich, einem empfindsamen Anatol
454 3168 1457 3234 solches Wunder der Geschmacklosigkeit an die Seite
1266 3209 1408 3285 R. W.
448 3218 750 3300 zu setzen.
1392 159 1752 251 box 9/3
2147 381 2801 478 Tägliche Kundschau, der
2222 484 2801 575 Schiller-Theater: „Anatol.
2015 550 3088 619 Im Schiller=Theater Charlottenburg gelangte am Sonn¬
1921 598 3095 675 abend die beliebte Einakterfolge Artur Schnitzlers neu ein¬
1931 654 3094 710 studiert zur Aufführung. Die vier tragikomischen Episoden
1923 696 3091 756 aus dem Leben Anatols stützen sich bekanntlich zum großen
1928 743 3091 794 Teil auf den Dialog. Sie stehen und fallen mit der mehr
1923 780 3088 840 oder minder guten Besetzung der beiden Hauptrollen. Max
1926 827 3091 880 der vornehme Weltmann und geistreiche Spötter, der stets
1931 871 3091 922 Haltung bewahrt und sich nie bloßstellt, war bei Heinz Sen¬
1931 915 3094 973 ger in den allerbesten Händen. Sein Gegenpar Anatol,
1931 954 3090 1011 immer schwankend zwischen Leichtsinn und Melancholie,
1928 1002 3091 1052 und daher fortwährend der Lächerlichkeit preisgegeben,
1930 1052 3094 1101 wurde von Herrn Paeschke nicht ganz so gut
1937 1085 3091 1139 gespielt. Doch mag es wohl eine dankbarere Aufgabe
1934 1133 3094 1189 sein, das Positive darzustellen, als das Negative. Von den
1928 1174 3091 1220 Damen gefiel mir am besten Stephanie Kriß, die die un¬
1927 1214 3088 1269 bekümmerte Genießerin Annie sehr drollig gab: leider aber
1931 1256 3075 1306 auch in einem Kleide, das dem berühmten „Wenner Schik
1934 1300 3094 1349 geradezu Hohn sprach. Im Gegensatz dazu sah Fräulein
1931 1344 3097 1390 Kläre Sello ganz reizend aus. Sie gab sich auch mit
1931 1384 3097 1431 ihren beiden kleinen Rollen (der Kora und Bianka) redliche
1926 1428 3098 1485 Mühe, aber ihre Sprachtechnik läßt sehr viel zu wünschen
1931 1472 3090 1529 übrig. Die Ilona der Else Wasa war eine brave Leistung.
2585 2204 2826 2302 1919
2162 2274 2888 2394 Berliner Morgenpost, Berlin
2066 2423 2868 2516 „Anatol" im Schillertheater. Vier Ein¬
2020 2494 2868 2563 akter aus Arthur Schnitzlers „Anatol¬
2020 2534 2865 2594 Zyklus hat das Schillertheater zu einem Theater¬
2020 2576 2862 2636 abend zusammengefaßt. Man gibt „Die Frage
2017 2614 2869 2665 an das Schicksal" (um die ich von dem Berliner
2017 2653 2862 2709 Verkehrselend betrogen wurde), „Abschieds¬
2028 2702 2874 2751 souper", „Episode" und „Anatols Hochzeits¬
2023 2729 2862 2788 morgen. Anatol ist Georg Paeschke, der
2023 2779 2869 2820 am Schillertheater jetzt alle Fächer spielt. Aber
2020 2808 2868 2855 die dekadente Wiener Nuance liegt ihm nicht.
2020 2847 2874 2894 Es ist nicht allein der Wienerische Zungenschlag
2020 2884 2874 2941 der ihm fehlt (und hier um keinen Preis fehlen
2023 2925 2868 2970 dürfte). Paeschke ist zu norddeutsch für den
2028 2958 2877 3017 Anatol; das sagt alles. Was er trotzdem daraus
2118 3011 2976 3135 machte, schuf er — wie im letzten Stück, in dem
2125 3071 2970 3164 er am besten war — mit dem Intellekt; aber
2131 3113 2977 3209 den Anatol muß man leben. Im „Hochzeits¬
2137 3147 2983 3246 morgen" traf er — in Else Wasa — auch die
2136 3190 2989 3282 beste Gegenspielerin. Sie ist eine rassige Ilona,
2146 3227 2988 3326 im Lachen und Weinen, ein Weibchen aus hun¬
2143 3262 2992 3361 deert weiblichen Instinkten. Anni (im „Abschieds¬
2156 3300 2993 3408 soupe,) war Stephanie Kriß, ein lärmendes
2149 3339 2996 3438 Sprühteufelchen; Claire Selg gab, ein wenig
2159 3380 2996 3483 farblos, in der „Episode die Bianca. Und
2155 3424 3001 3516 Heinz Senger als Max geht es wie Analo:
2153 3460 2967 3562 zu norddeutsch. Kein Wiener Lebenskünstler
2853 3492 2985 3556 M. L.
2144 3523 2640 3628 ein Berliner Rechtsanwalt,
2438 3500 3040 3645 in den und
