3436 4256
496 179 658 282 9.
687 176 874 283 nato
980 187 1263 298 Zykl
1510 190 1868 299 box 8/5
985 239 1068 299 .
946 1203 2248 1269 von Hindernissen, an die er stößt, gebrochen und anders gerichtet
937 1253 2243 1312 wird. Die Prinzessin ist eine unbiegsame Eroberer=Natur, die zu
942 1300 2246 1352 ihrem Ziele vorschreitet, nicht achtend, ob sie durch einen großen
955 1348 2243 1406 Jammer oder durch ein großes Glück hindurch muß. Auch sie ist
949 1403 2243 1460 ganz und unbedingt das, was sie ist; aber dies ihr „Sein läßt sich
941 1452 2243 1507 auf die Forderungen, auf die Logik der Stunde einstellen. Sie
944 1505 2248 1569 empfängt den Geliebten und ist nur Liebende. Am andern Tage
950 1543 2239 1613 jedoch findet er die Türe verschlossen und die Hunde losgekoppelt.
952 1598 2238 1655 (Weil sie jetzt wieder nur Ehrgeizige, den Thron Frankreichs er¬
949 1645 2236 1702 strebende Prätendentin ist.) Sie stirbt nicht schuldlos, denn sie
942 1694 2239 1753 spielte mit der Liebe gab sich dem Medardus und versagte sich ihm,
946 1746 2235 1808 je wie es in die Rechnung des Moments hineinpaßte. Das war
949 1794 2241 1867 seine Seele aus dem Gleichgewicht und ließ seinen taumelnden Willen
941 1846 1709 1896 ihre Pläne so logisch=absurd durchkreuzen.
1024 1891 2239 1960 Man sieht, der psychologische Kern des neuen Schnitzlerschen
931 1942 2231 1995 Dramas ist nicht uninteressant geschnitten und gefurcht. Weniger
934 1986 2235 2044 bemerkenswert scheint die ihn zunächst umhüllende Schichte des
941 2036 2235 2090 Schauspiels: die balladeske Dichtung von Helden, Tod und Liebe.
949 2082 2235 2143 Zweierlei Pathos fließt ineinander: das Pathos des alten Dumas
941 2139 2235 2195 und das Pathos des jungen Schiller. Das ergibt ein unklares
931 2187 2235 2248 rhetorisches Brackwasser, dem wenig spiegelnde Kraft zu eigen. Am
939 2231 2235 2300 Hof des exilierten Herzogs von Valois herrscht eine spitzig-romantische
941 2285 2228 2340 Grandezza des Tuns und Redens, ein abgekürztes, heldisches Ver¬
937 2324 2235 2392 fahren, dessen sich die Drei Musketiere nicht zu schämen hätten.
941 2379 2235 2431 Im Rhythmus eines tragischen Menuetts verkehrt man miteinander.
941 2427 2235 2487 Was für Dialoge! „Töten Sie diesen Jüngling, Marquis, und ich bin
934 2479 2236 2532 die Ihre!“ Als Medardus abends im Garten erscheint, sagt die
942 2526 2236 2578 Prinzessin zur Zofe: „Führ ihn in dein Schlafzimmer", und als
934 2578 2231 2643 die sich weigert: „So führ ihn in das meine." Welch romantische
931 2624 1530 2676 Verkürzung der Schicksalslinien
1022 2669 2228 2729 Die Rede des jungen Medardus hingegen hat oft so starken
924 2720 2231 2785 deklamatorischen Schwung, daß sie in einen Wortrausch hineingewirbelt
931 2775 2231 2825 wird, dem die Verantwortung für Maß und Ziel des Gesagten
928 2825 2228 2892 abhanden gekommen scheint. An der Leiche der Schwester sagt
934 2866 2226 2923 Medardus dem tröstenden Freund (ungefähr): „Du hast leicht trösten.
934 2921 2222 2973 Du hast sie nur geliebt, aber ich bin — der Bruder“ Nun, die
931 2970 2223 3019 Steigerung ist nicht zwingend. Angesichts der Leiche spricht er ferner
942 3014 2226 3073 (ungefähr): „Hätte ich dich in einem verrufenen Haus gesunden,
924 3063 2222 3149 mit geschminkten Wangen — der Anblick wäre Seligkeit gewesen neben
926 3115 2222 3165 diesen. Ich habe die feste Ueberzeugung, Medardus hätte, wär ihm
924 3164 2225 3231 die Schwester im verrufenen Hause begegnet, deklamiert: „Hätt' ich dich
918 3218 2222 3270 als Wasserleiche tot vor mir liegen gesehen — der Anblick wäre
928 3265 2225 3320 Seligkeit gewesen neben diesem." Der Jüngling Medardus wird
923 3310 2225 3398 wohlrednerisch auf seines Erlebens Wende= und Höhepunkten. Er
2109 3424 2218 3493 1265
