3344 4256
1137 105 1332 167 Ihm zur
326 105 1086 155 Portion Geist und Gemüt verfügt.
332 133 1331 206 Seite steht der heitere Lebenspraktikus Max als
1170 200 1328 258 Frauen
329 199 1119 258 Helfershelfer und Räsoneur. Die
323 246 1331 305 wechseln; denn das ist das Eigentümliche bei
323 296 1329 356 diesen Menschen, daß sie aufs zärtlichste und auf¬
329 344 1331 400 richtigste lieben können, ohne treu zu sein.
326 400 1329 457 Schnitzler hat seit der Zeit Ernsteres und Be¬
326 442 1328 503 deutenderes geschaffen und doch sieht man den
1232 488 1329 556 Das
329 491 1186 544 losen Erstling hie und da wieder gern. —
326 542 1332 598 Gastspiel Josef Victoras brachte uns drei der
338 589 1331 645 sieben Einakter. Den Anfang machte: „Die
326 639 1332 701 Frage an das Schicksal“. Anatol hat seine Ge¬
329 689 1328 744 liebte in hypnotischen Schlaf versenkt, um von
308 832 1319 893 ihr in diesem Zustande zu erfahren, ob sie ihm
308 878 1319 938 treu ist. Aber er fürchtet sich vor der Antwort
314 929 1320 992 und weckt sie, ohne die Frage gestellt zu haben.
320 987 1322 1040 „Das Abschiedssouper dürfte das bekannteste
320 1038 1328 1087 Stück des Zyklus sein und wurde auch bei uns
317 1074 1323 1137 bereits mit Schramm und Leonore Ehn gegeben.
317 1134 1325 1185 Es verdankt seine Beliebtheit der witzigen
320 1180 1323 1241 Schlußpointe. Als drittes wurde „Am Hochzeits¬
308 1226 1322 1282 morgen gewählt. Anatol ist von seinem Polter¬
308 1268 1325 1344 abende weg auf die Redoute gegangen und hat
311 1319 1328 1377 am Morgen seiner Hochzeit alle Mühe, von
323 1370 1325 1443 seiner Geliebten loszukommen. Wieder gelingt
314 1421 1328 1480 es Max, diesem überlegenen Kenner der Frauen¬
323 1479 1326 1539 seele, seinen Freund aus der Patsche zu helfen.
385 1527 1317 1574 Der Anatol wird von Bonvivants gern ge¬
321 1567 1325 1631 spielt. Sie nehmen die Sache gewöhnlich nicht
323 1627 1328 1691 schwer und stellen mit Aufwendung aller äuße¬
320 1672 1332 1733 ren Mittel, die sie für ihr Fach parat haben
323 1712 1329 1778 müssen, einen leichtsinnigen, liebenswürdigen
318 1764 1328 1828 Lebemann auf die Bühne. Unser prächtiger
323 1809 1329 1878 Gast, Josef Victora vom Ronachertheater in
321 1864 1329 1922 Wien, ließ es dabei nicht bewenden. Er hat mit
326 1913 1329 1981 sicherem Blicke das Tiefere der Gestalt erkannt,
323 1973 1326 2026 das in dem Gegensatze zwischen Handeln und
323 2027 1326 2075 Denken zum Ausdrucke kommt. Anatols Han¬
320 2064 1332 2123 deln ist Leichtsinn, sein Denken aber ist echte
326 2121 1334 2184 Wiener Schwermut. Das verleiht ihm einen ge¬
326 2161 1331 2229 wissen müden, hilflosen Zug. Und die ganze Un¬
326 2211 1328 2273 moral dieses skrupellosen Genießers entspringt
326 2260 1328 2318 einer so kindlichen Naivität, einer so selbstver¬
333 2306 1334 2380 ständlichen Verantwortungslosigkeit, daß man
329 2368 1332 2430 dem Bösewichte nicht gram sein kann. Die be¬
329 2406 1335 2472 rühmtesten Darsteller haben sich um den Anatol
326 2460 1328 2520 bemüht, wir können uns keinen besseren vor¬
338 2518 1331 2574 stellen, als wir ihn gestern zu sehen bekamen.
324 2557 1337 2623 Namentlich im dritten Stücke zeigte der
326 2599 1337 2665 Gast sein großes Können. Hier war Irene
332 2657 1340 2717 Brion eine gleichwertige Partnerin, voll
341 2707 1338 2774 sprühenden Temperaments, voll prickelnder
329 2754 1337 2813 Grazie. Schramm wurde ein wenig durch Erin¬
326 2802 1341 2871 nerungen an seinen eigenen Anatol beschwert,
347 2853 1340 2920 führte aber mit dem Gaste einen erfolgreichen
335 2905 1343 2970 Wettkampf auf dem Gebiete der Eleganz und
335 2950 1347 3016 Mode. Aus dem ersten Stücke ist noch Beppina
335 3001 1337 3067 Zampa zu erwähnen, wie immer von sonniger
335 3059 1344 3120 Heiterkeit erfüllt. Im ganzen ein köstlicher
332 3100 1350 3165 Abend, der ein größeres Interesse verdient
1150 3147 1322 3226 Dr. L.
339 3161 463 3232 hätte.
384 3203 1340 3282 (Aus der Theaterkanzlei.) Morgen gelangt
341 3271 1344 3336 Franz Lehárs jüngster großer Erfolg, die Ope¬
1259 3307 1343 3373 Re¬
338 3313 1159 3377 rette „Eva, zur vierten Aufführung.
344 3355 1347 3428 gisseur Hermann Roché bereitet für sein am
342 3404 1346 3474 Donnerstag stattfindendes Benefize das letzte
341 3451 1355 3522 Werk Johann Strauß, die Operette „Wald¬
341 3504 1352 3578 meister vor. Der Benefiziant bietet mit diesem
344 3552 1349 3624 musikalisch und textlich entzückenden Werke An¬
350 3603 1355 3678 seren Theaterfreunden eine wertvolle Gabe von
348 3657 1010 3728 seltener Anmut und Schönheit.
1739 166 2336 260 4.9. Anatol-
2859 173 3183 270 box 9/1
2406 166 2614 278 Zykle
2108 242 2208 278 ...
2069 1147 2732 1262 Bitte, Rückseite beachten!
2599 1208 2935 1309 Telephon 12.891.
2118 1280 2726 1452 OBSERVER
1970 1359 2078 1449 —
1872 1437 2938 1515 österr. behördl. konz. Unternehmen für Zeitungs-Ausschnitte
2003 1498 2823 1595 Wien, I., Concordiaplatz 4.
2205 1571 2604 1649 Vertretungen
1878 1628 2932 1689 in Berlin, Budapest, Chicago, Christiania, Genf, Kopen¬
1881 1680 2934 1733 hagen, London, Madrid, Mailand, Minneapolis, New-York,
1919 1715 2892 1781 Paris, Rom, San Francisco, Stockholm, St. Petersburg.
2206 1761 2610 1828 (Stellenangabe ohne Gewehr).
1873 1807 3053 1933 Ausschnitt aus: Rheinisch Westph. Zeitung, esse
2024 1872 2269 1952 191.
1875 1912 2005 2011 un
1958 2127 2835 2241 Kunst und Wissenschaft.
1869 2239 3002 2360 Dortmund 10. März. Matine des Theatervereins¬
1827 2329 3001 2399 „Anatol“ von Arthur Schnitzler Drei Einakter: Die
1825 2377 3004 2447 Frage an das Schicksal — Episode — Abschieds¬
1827 2417 3001 2483 souter. — Amüsante Varianten über das Thema: Die Grisette
1827 2448 3002 2514 und / ihr Milieu, oder, um mit Ernst von Wollzogen zu reden „vom
1818 2486 2998 2557 kleinen, lieben, süßen Mädel“, das der Kavalier liebt und Gevatter
1827 2527 3001 2593 Schneider oder Handschuhmacher heiratet. Man lacht und freut
1833 2565 3001 2636 sich ein wenig und ist zufrieden, daß man keine Probleme zu lösen
1818 2605 2993 2671 braucht. Arthur Schnitzler stellt uns die Spielart „Weiner Madl
1821 2641 3008 2717 vor; seine Liebesszenen erinnern einigermaßen an Henry Murger,
1816 2684 3011 2754 nur finden wir glücklicherweise statt duseliger Sentimentalität
1822 2726 3011 2796 erfrischenden Witz, zuweilen auch saftige Satire; dabei fühlt man
1830 2763 3010 2828 auf Schritt und Tritt, daß Schnitzler nicht als passiver Beobachter
1830 2802 3010 2869 schildert, sondern eigenes Erleben nachgestaltet. Im allgemeinen
1827 2846 3008 2907 bieten die Szenen, die ja im Grunde genommen keinen viel
1824 2883 2998 2950 höheren Anspruch, als zu unterhalten, erheben können, auch
1822 2922 3010 2993 Beitrag zum Kapitel „Psychologie des Weibes"; zum Glück wird
1831 2962 3011 3029 man fortgesetzt daran erinnert, daß diese Frauen zum Begriff
1833 3017 3013 3071 „Weibchen gehören. — Die Darstellung war im allgemeinen sinn¬
1830 3040 3010 3110 gemäß, wenn auch nicht besonders gefeilt. Herr Kaufmann
1839 3095 3007 3149 (Anatol) zeigte eine erfreuliche Sicherheit, während die Bewe¬
1839 3116 3013 3185 gungen des Herrn Matthias (Max) mir für einen Lebemann
1828 3158 3004 3224 doch etwas zu wenig elegant vorkamen. Frl. Habermeyer
1833 3198 2962 3267 Annie machte ihre Sache als Ballettmädel recht gut. Sie ließ
1839 3215 3019 3297 unas wie Wagner But guleren. Das Haus war wie bei ge¬
1833 3279 3031 3380 Vergeltungen des Theatervereins überfüllt und beitsfrondig.
