<?xml version="1.0" encoding="UTF-8" standalone="yes"?>
<PcGts xmlns="http://schema.primaresearch.org/PAGE/gts/pagecontent/2013-07-15" xmlns:xsi="http://www.w3.org/2001/XMLSchema-instance" xsi:schemaLocation="http://schema.primaresearch.org/PAGE/gts/pagecontent/2013-07-15 http://schema.primaresearch.org/PAGE/gts/pagecontent/2013-07-15/pagecontent.xsd">
    <Metadata>
        <Creator>prov=READ-COOP:name=PyLaia@TranskribusPlatform:version=2.12.1:model_id=39995:lm=provided:date=29_03_2024_01:48</Creator>
        <Created>2019-10-07T11:52:25.323+02:00</Created>
        <LastChange>2024-03-29T01:48:26.694+01:00</LastChange>
        <TranskribusMetadata docId="223994" pageId="9506169" pageNr="618" tsid="156430674" status="IN_PROGRESS" userId="40391" imgUrl="https://files.transkribus.eu/Get?id=YNYMOYEFKDQEIDSCWNBZJMBJ&amp;fileType=view" xmlUrl="https://files.transkribus.eu/Get?id=SCDZPOENAGAPNERJBOUAXZNT" imageId="6196361"/>
    </Metadata>
    <Page imageFilename="223994_0618.jpeg" imageWidth="3248" imageHeight="4256">
        <ReadingOrder>
            <OrderedGroup id="ro_1712662553586" caption="Regions reading order">
                <RegionRefIndexed index="0" regionRef="tr_1"/>
            </OrderedGroup>
        </ReadingOrder>
        <TextRegion orientation="0.0" id="tr_1" custom="readingOrder {index:0;}">
            <Coords points="161,177 161,3986 2453,3986 2453,177"/>
            <TextLine id="tr_1_tl_1" custom="readingOrder {index:0;}">
                <Coords points="1267,227 1304,236 1330,217 1349,232 1437,219 1497,236 1544,223 1578,238 1621,230 1621,154 1563,163 1516,152 1447,178 1388,163 1342,172 1302,156 1267,169"/>
                <Baseline points="1277,211 1303,213 1330,214 1356,214 1383,214 1410,214 1436,214 1463,214 1489,214 1516,214 1543,214 1569,212 1596,211 1623,211"/>
                <TextEquiv>
                    <Unicode>box 9/4</Unicode>
                </TextEquiv>
            </TextLine>
            <TextLine id="tr_1_tl_2" custom="readingOrder {index:1;}">
                <Coords points="148,230 751,262 753,167 645,144 498,182 414,146 326,171 272,142 150,150"/>
                <Baseline points="161,214 190,218 220,220 250,220 280,222 310,224 340,226 369,224 399,223 429,221 459,220 489,220 519,218 549,217 578,217 608,217 638,216 668,215 698,212 728,205 758,199"/>
                <TextEquiv>
                    <Unicode>4.9. Anatol-</Unicode>
                </TextEquiv>
            </TextLine>
            <TextLine id="tr_1_tl_3" custom="readingOrder {index:2;}">
                <Coords points="890,221 907,227 937,225 946,229 959,223 972,229 1016,225 1017,172 999,172 978,157 969,161 961,156 939,156 905,165 892,163"/>
                <Baseline points="901,225 930,220 960,217 990,217 1020,223"/>
                <TextEquiv>
                    <Unicode></Unicode>
                </TextEquiv>
            </TextLine>
            <TextLine id="tr_1_tl_4" custom="readingOrder {index:3;}">
                <Coords points="733,257 744,257 755,264 776,251 800,249 813,260 830,259 845,167 819,165 802,156 785,163 768,156 763,161 750,157"/>
                <Baseline points="746,238 777,238 809,234 841,223"/>
                <TextEquiv>
                    <Unicode></Unicode>
                </TextEquiv>
            </TextLine>
            <TextLine id="tr_1_tl_5" custom="readingOrder {index:4;}">
                <Coords points="270,459 646,446 648,393 581,384 525,412 489,393 272,405"/>
                <Baseline points="280,444 306,444 333,444 359,444 386,444 413,444 439,443 466,442 493,441 519,441 546,441 573,440 599,439 626,438 653,438"/>
                <TextEquiv>
                    <Unicode>Telefon: Josef 363—66,</Unicode>
                </TextEquiv>
            </TextLine>
            <TextLine id="tr_1_tl_6" custom="readingOrder {index:5;}">
                <Coords points="309,498 345,497 352,489 360,495 377,485 395,493 437,483 468,491 483,483 532,489 532,444 429,459 423,453 309,459"/>
                <Baseline points="319,480 346,480 373,480 400,480 428,478 455,478 482,479 509,479 537,477"/>
                <TextEquiv>
                    <Unicode></Unicode>
                </TextEquiv>
            </TextLine>
            <TextLine id="tr_1_tl_7" custom="readingOrder {index:6;}">
                <Coords points="354,521 993,513 997,429 944,423 894,444 695,422 660,446 558,446 500,491 356,485"/>
                <Baseline points="364,510 395,510 427,509 459,507 491,507 522,507 554,507 586,507 618,507 649,507 681,507 713,503 745,500 776,498 808,498 840,498 872,498 903,495 935,493 967,490 999,486"/>
                <TextEquiv>
                    <Unicode>APEST</Unicode>
                </TextEquiv>
            </TextLine>
            <TextLine id="tr_1_tl_8" custom="readingOrder {index:7;}">
                <Coords points="1096,568 1122,564 1130,571 1149,575 1156,571 1160,573 1169,566 1182,566 1180,515 1164,519 1145,506 1137,508 1134,504 1124,510 1115,510 1106,502 1094,504"/>
                <Baseline points="1107,552 1133,552 1160,553 1187,555"/>
                <TextEquiv>
                    <Unicode>Lap</Unicode>
                </TextEquiv>
            </TextLine>
            <TextLine id="tr_1_tl_9" custom="readingOrder {index:8;}">
                <Coords points="189,592 236,609 386,588 425,611 485,596 525,611 557,586 598,592 598,549 583,547 191,547"/>
                <Baseline points="202,581 227,581 252,581 277,581 302,581 327,581 352,580 377,579 402,579 427,579 452,577 477,576 502,576 527,576 552,576 577,576 602,576"/>
                <TextEquiv>
                    <Unicode></Unicode>
                </TextEquiv>
            </TextLine>
            <TextLine id="tr_1_tl_10" custom="readingOrder {index:9;}">
                <Coords points="1098,690 1119,688 1132,697 1141,693 1150,701 1160,691 1177,693 1203,684 1201,618 1184,620 1179,626 1152,618 1135,630 1121,626 1096,633"/>
                <Baseline points="1107,671 1139,671 1172,672 1205,674"/>
                <TextEquiv>
                    <Unicode>Me¬</Unicode>
                </TextEquiv>
            </TextLine>
            <TextLine id="tr_1_tl_11" custom="readingOrder {index:10;}">
                <Coords points="189,718 412,708 603,736 643,706 721,706 723,630 624,641 564,675 472,675 446,654 350,673 272,633 191,656"/>
                <Baseline points="199,704 225,702 251,700 278,698 304,698 331,698 357,698 384,699 410,701 437,701 463,701 489,699 516,698 542,698 569,697 595,695 622,695 648,695 675,695 701,693 728,689"/>
                <TextEquiv>
                    <Unicode>an</Unicode>
                </TextEquiv>
            </TextLine>
            <TextLine id="tr_1_tl_12" custom="readingOrder {index:11;}">
                <Coords points="304,907 1214,875 1276,866 1280,809 307,862"/>
                <Baseline points="316,904 364,900 412,898 461,896 509,895 557,893 606,889 654,886 702,886 751,883 799,879 847,876 896,874 944,873 992,869 1041,866 1089,865 1137,863 1186,859 1234,856 1283,853"/>
                <TextEquiv>
                    <Unicode>Schnitzer ket hatrahagott darablank als be¬</Unicode>
                </TextEquiv>
            </TextLine>
            <TextLine id="tr_1_tl_13" custom="readingOrder {index:12;}">
                <Coords points="232,957 924,911 971,937 1261,907 1284,866 234,920"/>
                <Baseline points="244,946 296,943 348,943 400,937 452,936 504,934 556,930 608,928 660,925 712,922 765,921 817,917 869,914 921,910 973,910 1025,906 1077,903 1129,900 1181,898 1233,896 1286,889"/>
                <TextEquiv>
                    <Unicode>mutata. A berlin Nationaltheater septemberben mu¬</Unicode>
                </TextEquiv>
            </TextLine>
            <TextLine id="tr_1_tl_14" custom="readingOrder {index:13;}">
                <Coords points="244,987 1175,956 1280,944 1282,907 244,954"/>
                <Baseline points="253,981 304,984 356,980 407,977 459,973 511,970 562,965 614,964 666,964 717,961 769,960 821,956 872,955 924,952 976,949 1027,948 1079,943 1131,941 1182,938 1234,934 1286,934"/>
                <TextEquiv>
                    <Unicode>taja be Schnet hatrahagott eyfelvonsosát,</Unicode>
                </TextEquiv>
            </TextLine>
            <TextLine id="tr_1_tl_15" custom="readingOrder {index:14;}">
                <Coords points="244,1042 1284,976 1210,941 247,993"/>
                <Baseline points="256,1023 307,1020 359,1016 410,1014 462,1014 514,1012 565,1006 617,1002 669,1002 720,1001 772,998 824,994 875,991 927,990 979,987 1030,984 1082,983 1134,979 1185,976 1237,972 1289,969"/>
                <TextEquiv>
                    <Unicode>amelet edische sem jatsotta. Az egyik cime:</Unicode>
                </TextEquiv>
            </TextLine>
            <TextLine id="tr_1_tl_16" custom="readingOrder {index:15;}">
                <Coords points="242,1089 909,1102 1031,1061 1293,1091 1297,1001 1179,974 245,1042"/>
                <Baseline points="253,1062 305,1060 357,1056 410,1056 462,1052 515,1050 567,1046 619,1044 672,1044 724,1041 777,1037 829,1034 881,1030 934,1029 986,1026 1039,1023 1091,1022 1143,1017 1196,1014 1248,1016 1301,1023"/>
                <TextEquiv>
                    <Unicode>a dezirk, a nie Anstalt von</Unicode>
                </TextEquiv>
            </TextLine>
            <TextLine id="tr_1_tl_17" custom="readingOrder {index:16;}">
                <Coords points="948,1617 980,1617 995,1600 1017,1593 1046,1604 1076,1587 1098,1606 1119,1598 1139,1615 1171,1606 1171,1565 1139,1551 1038,1559 1014,1544 948,1548"/>
                <Baseline points="958,1584 985,1584 1012,1584 1039,1584 1066,1585 1093,1587 1120,1587 1147,1587 1175,1587"/>
                <TextEquiv>
                    <Unicode>Extrait de</Unicode>
                </TextEquiv>
            </TextLine>
            <TextLine id="tr_1_tl_18" custom="readingOrder {index:17;}">
                <Coords points="942,1685 971,1670 1004,1685 1021,1673 1066,1681 1098,1664 1132,1679 1158,1673 1156,1615 1107,1628 1064,1615 1051,1623 1016,1615 1002,1623 986,1617 941,1625"/>
                <Baseline points="952,1653 978,1653 1004,1653 1031,1653 1057,1654 1083,1656 1110,1658 1136,1659 1163,1656"/>
                <TextEquiv>
                    <Unicode>Adresse:</Unicode>
                </TextEquiv>
            </TextLine>
            <TextLine id="tr_1_tl_19" custom="readingOrder {index:18;}">
                <Coords points="1269,1699 1308,1688 1428,1709 1443,1696 1469,1709 1492,1696 1516,1711 1557,1705 1553,1626 1521,1640 1475,1628 1437,1636 1420,1623 1396,1640 1338,1623 1321,1636 1265,1638"/>
                <Baseline points="1277,1662 1302,1663 1328,1667 1354,1668 1379,1668 1405,1670 1431,1671 1457,1671 1482,1672 1508,1676 1534,1678 1560,1680"/>
                <TextEquiv>
                    <Unicode></Unicode>
                </TextEquiv>
            </TextLine>
            <TextLine id="tr_1_tl_20" custom="readingOrder {index:19;}">
                <Coords points="1872,1707 1885,1705 1891,1711 1896,1707 1907,1713 1915,1711 1930,1722 1936,1722 1951,1711 1964,1713 1962,1662 1937,1662 1919,1647 1913,1649 1909,1645 1900,1651 1870,1658"/>
                <Baseline points="1883,1698 1910,1696 1938,1696 1966,1698"/>
                <TextEquiv>
                    <Unicode>22</Unicode>
                </TextEquiv>
            </TextLine>
            <TextLine id="tr_1_tl_21" custom="readingOrder {index:20;}">
                <Coords points="1169,1750 1269,1752 1297,1741 1343,1754 1375,1733 1458,1746 1460,1699 1418,1696 1370,1714 1306,1688 1278,1698 1244,1670 1212,1688 1171,1677"/>
                <Baseline points="1180,1749 1205,1739 1230,1734 1256,1734 1281,1738 1307,1743 1332,1740 1358,1736 1383,1733 1409,1732 1434,1736 1460,1744"/>
                <TextEquiv>
                    <Unicode></Unicode>
                </TextEquiv>
            </TextLine>
            <TextLine id="tr_1_tl_22" custom="readingOrder {index:21;}">
                <Coords points="942,1774 1002,1761 1040,1776 1091,1765 1171,1780 1306,1773 1306,1729 1197,1739 1180,1722 1158,1735 1117,1716 1081,1724 1031,1692 942,1701"/>
                <Baseline points="952,1751 977,1751 1002,1751 1028,1751 1053,1751 1079,1751 1104,1752 1130,1754 1155,1752 1180,1749 1206,1754 1231,1758 1257,1759 1282,1753 1308,1743"/>
                <TextEquiv>
                    <Unicode>Date</Unicode>
                </TextEquiv>
            </TextLine>
            <TextLine id="tr_1_tl_23" custom="readingOrder {index:22;}">
                <Coords points="1370,1774 1383,1774 1385,1778 1403,1769 1411,1769 1420,1776 1447,1776 1456,1741 1439,1737 1433,1741 1432,1737 1422,1741 1415,1735 1407,1739 1398,1731 1392,1735 1390,1731 1379,1729"/>
                <Baseline points="1384,1760 1409,1762 1434,1755 1460,1744"/>
                <TextEquiv>
                    <Unicode></Unicode>
                </TextEquiv>
            </TextLine>
            <TextLine id="tr_1_tl_24" custom="readingOrder {index:23;}">
                <Coords points="1795,1788 1840,1788 1863,1776 1922,1788 1952,1767 1977,1778 1997,1763 2022,1771 2022,1713 1977,1726 1951,1713 1906,1731 1859,1711 1795,1724"/>
                <Baseline points="1805,1757 1832,1759 1860,1760 1887,1760 1915,1761 1943,1763 1970,1761 1998,1759 2026,1757"/>
                <TextEquiv>
                    <Unicode>Décembre</Unicode>
                </TextEquiv>
            </TextLine>
            <TextLine id="tr_1_tl_25" custom="readingOrder {index:24;}">
                <Coords points="1377,1819 1533,1821 1553,1812 1574,1825 1591,1814 1628,1818 1626,1780 1608,1776 1375,1776"/>
                <Baseline points="1387,1808 1414,1810 1441,1811 1468,1811 1495,1811 1523,1811 1550,1813 1577,1815 1604,1817 1632,1817"/>
                <TextEquiv>
                    <Unicode>PARIS 2.</Unicode>
                </TextEquiv>
            </TextLine>
            <TextLine id="tr_1_tl_26" custom="readingOrder {index:25;}">
                <Coords points="944,1840 969,1836 984,1842 1017,1831 1059,1842 1083,1831 1121,1840 1117,1769 1083,1765 1077,1773 1042,1776 1002,1761 993,1769 942,1776"/>
                <Baseline points="952,1823 980,1821 1009,1821 1038,1823 1067,1825 1096,1826 1125,1826"/>
                <TextEquiv>
                    <Unicode>Signe :</Unicode>
                </TextEquiv>
            </TextLine>
            <TextLine id="tr_1_tl_27" custom="readingOrder {index:26;}">
                <Coords points="1846,1848 1868,1855 1891,1849 1898,1855 1979,1849 1979,1765 1951,1769 1936,1784 1930,1780 1922,1788 1913,1788 1906,1780 1887,1784 1872,1776 1846,1778"/>
                <Baseline points="1856,1823 1881,1823 1907,1823 1932,1825 1958,1825 1984,1823"/>
                <TextEquiv>
                    <Unicode>1932</Unicode>
                </TextEquiv>
            </TextLine>
            <TextLine id="tr_1_tl_28" custom="readingOrder {index:27;}">
                <Coords points="920,1917 1670,1909 1656,1855 1132,1848 1061,1874 920,1846"/>
                <Baseline points="931,1904 968,1901 1005,1901 1042,1901 1079,1899 1116,1898 1153,1898 1191,1898 1228,1898 1265,1898 1302,1898 1339,1896 1376,1895 1413,1895 1451,1895 1488,1895 1525,1893 1562,1892 1599,1892 1636,1892 1674,1889"/>
                <TextEquiv>
                    <Unicode>inasmuch as it is a military organisation,</Unicode>
                </TextEquiv>
            </TextLine>
            <TextLine id="tr_1_tl_29" custom="readingOrder {index:28;}">
                <Coords points="1042,2069 2007,2035 2299,2065 2301,1967 1042,1984"/>
                <Baseline points="1053,2044 1115,2043 1178,2041 1240,2038 1303,2038 1365,2038 1428,2038 1490,2038 1553,2035 1615,2035 1678,2035 1741,2035 1803,2033 1866,2033 1928,2031 1991,2029 2053,2026 2116,2024 2178,2023 2241,2021 2304,2026"/>
                <TextEquiv>
                    <Unicode>SCENELLER DUEL IN ENGLISH</Unicode>
                </TextEquiv>
            </TextLine>
            <TextLine id="tr_1_tl_30" custom="readingOrder {index:29;}">
                <Coords points="1016,2194 1430,2170 1544,2213 1773,2179 1930,2217 2018,2179 2168,2217 2344,2196 2346,2121 1555,2097 1458,2144 1229,2085 1017,2102"/>
                <Baseline points="1026,2172 1092,2183 1158,2184 1224,2184 1291,2184 1357,2184 1423,2175 1489,2175 1556,2174 1622,2174 1688,2175 1754,2173 1821,2172 1887,2170 1953,2169 2019,2166 2086,2166 2152,2165 2218,2166 2284,2163 2351,2163"/>
                <TextEquiv>
                    <Unicode>PARISIANALE FROM VIENNA</Unicode>
                </TextEquiv>
            </TextLine>
            <TextLine id="tr_1_tl_31" custom="readingOrder {index:30;}">
                <Coords points="1679,2308 2074,2335 2132,2303 2224,2335 2365,2307 2436,2337 2438,2256 2275,2230 2099,2271 1941,2226 1789,2273 1681,2248"/>
                <Baseline points="1689,2301 1726,2301 1763,2301 1801,2303 1838,2302 1876,2301 1913,2301 1951,2301 1988,2301 2026,2301 2063,2299 2100,2298 2138,2298 2175,2298 2213,2295 2250,2295 2288,2295 2325,2295 2363,2294 2400,2292 2438,2295"/>
                <TextEquiv>
                    <Unicode>severed threads, and each searching the</Unicode>
                </TextEquiv>
            </TextLine>
            <TextLine id="tr_1_tl_32" custom="readingOrder {index:31;}">
                <Coords points="1001,2333 1100,2346 1156,2323 1227,2346 1312,2322 1392,2348 1432,2318 1542,2314 1587,2337 1606,2269 1462,2248 1358,2282 1186,2239 1089,2280 1002,2280"/>
                <Baseline points="1011,2319 1040,2316 1070,2316 1100,2318 1130,2319 1160,2319 1190,2317 1219,2316 1249,2316 1279,2316 1309,2315 1339,2313 1369,2313 1399,2313 1428,2313 1458,2311 1488,2310 1518,2310 1548,2308 1578,2307 1608,2307"/>
                <TextEquiv>
                    <Unicode>By THE DRAMATE CRITIC</Unicode>
                </TextEquiv>
            </TextLine>
            <TextLine id="tr_1_tl_33" custom="readingOrder {index:32;}">
                <Coords points="1688,2353 1713,2359 1733,2344 1795,2353 1816,2342 1855,2352 1949,2344 1949,2310 1926,2318 1917,2308 1885,2316 1836,2305 1812,2316 1748,2307 1688,2314"/>
                <Baseline points="1698,2339 1723,2339 1749,2339 1774,2339 1800,2339 1826,2339 1851,2337 1877,2336 1902,2336 1928,2336 1954,2336"/>
                <TextEquiv>
                    <Unicode>other's heart :</Unicode>
                </TextEquiv>
            </TextLine>
            <TextLine id="tr_1_tl_34" custom="readingOrder {index:33;}">
                <Coords points="957,2387 1565,2391 1668,2370 1670,2320 1581,2337 1448,2314 1392,2348 1306,2322 1171,2353 959,2323"/>
                <Baseline points="967,2381 1002,2378 1037,2378 1072,2378 1107,2377 1143,2375 1178,2375 1213,2373 1248,2372 1283,2372 1319,2372 1354,2372 1389,2370 1424,2369 1459,2368 1495,2366 1530,2366 1565,2364 1600,2363 1635,2363 1671,2363"/>
                <TextEquiv>
                    <Unicode>At the American Womens Club of</Unicode>
                </TextEquiv>
            </TextLine>
            <TextLine id="tr_1_tl_35" custom="readingOrder {index:34;}">
                <Coords points="1718,2385 1788,2385 1816,2406 1838,2385 1891,2397 1906,2385 2125,2376 2127,2335 2084,2331 1831,2359 1720,2346"/>
                <Baseline points="1728,2369 1753,2374 1778,2378 1803,2380 1828,2380 1853,2379 1878,2378 1903,2378 1929,2378 1954,2378 1979,2378 2004,2377 2029,2376 2054,2373 2079,2370 2104,2368 2130,2366"/>
                <TextEquiv>
                    <Unicode>"What is she like?"</Unicode>
                </TextEquiv>
            </TextLine>
            <TextLine id="tr_1_tl_36" custom="readingOrder {index:35;}">
                <Coords points="1714,2417 1896,2415 1943,2434 2112,2419 2153,2436 2267,2417 2256,2353 2162,2382 1838,2385 1816,2404 1714,2380"/>
                <Baseline points="1725,2405 1752,2411 1779,2415 1806,2416 1834,2417 1861,2417 1888,2415 1916,2414 1943,2414 1970,2414 1998,2414 2025,2414 2052,2414 2079,2414 2107,2412 2134,2411 2161,2411 2189,2411 2216,2411 2243,2409 2271,2405"/>
                <TextEquiv>
                    <Unicode>"Oh, the usual dear little girl,</Unicode>
                </TextEquiv>
            </TextLine>
            <TextLine id="tr_1_tl_37" custom="readingOrder {index:36;}">
                <Coords points="933,2432 1559,2415 1671,2436 1673,2368 1327,2400 935,2391"/>
                <Baseline points="943,2420 979,2420 1016,2420 1052,2420 1089,2420 1125,2418 1162,2417 1198,2417 1235,2417 1271,2417 1308,2417 1345,2415 1381,2414 1418,2413 1454,2411 1491,2411 1527,2411 1564,2411 1600,2410 1637,2409 1674,2411"/>
                <TextEquiv>
                    <Unicode>Paris, a praiseworthy endeavour is being</Unicode>
                </TextEquiv>
            </TextLine>
            <TextLine id="tr_1_tl_38" custom="readingOrder {index:37;}">
                <Coords points="1714,2466 2056,2486 2114,2462 2151,2488 2312,2456 2434,2471 2436,2387 2155,2438 1716,2415"/>
                <Baseline points="1725,2441 1760,2448 1796,2454 1831,2456 1867,2455 1903,2453 1938,2453 1974,2453 2010,2453 2045,2453 2081,2453 2117,2451 2152,2450 2188,2450 2224,2450 2259,2450 2295,2450 2331,2448 2366,2447 2402,2447 2438,2447"/>
                <TextEquiv>
                    <Unicode>When she greets you, what does she</Unicode>
                </TextEquiv>
            </TextLine>
            <TextLine id="tr_1_tl_39" custom="readingOrder {index:38;}">
                <Coords points="935,2475 1670,2466 1671,2434 1628,2419 937,2432"/>
                <Baseline points="946,2462 982,2460 1018,2459 1055,2459 1091,2459 1128,2459 1164,2457 1200,2456 1237,2457 1273,2459 1310,2459 1346,2459 1382,2458 1419,2455 1455,2453 1492,2456 1528,2456 1564,2454 1601,2453 1637,2452 1674,2450"/>
                <TextEquiv>
                    <Unicode>made to foster drama by staging a num¬</Unicode>
                </TextEquiv>
            </TextLine>
            <TextLine id="tr_1_tl_40" custom="readingOrder {index:39;}">
                <Coords points="926,2516 1668,2520 1670,2464 1647,2458 928,2479"/>
                <Baseline points="937,2504 973,2503 1010,2501 1047,2501 1084,2503 1121,2504 1158,2503 1194,2501 1231,2501 1268,2501 1305,2501 1342,2499 1379,2498 1416,2498 1452,2498 1489,2498 1526,2498 1563,2496 1600,2495 1637,2495 1674,2495"/>
                <TextEquiv>
                    <Unicode>ber of high-class plays in the course of</Unicode>
                </TextEquiv>
            </TextLine>
            <TextLine id="tr_1_tl_41" custom="readingOrder {index:40;}">
                <Coords points="1728,2526 1838,2546 1891,2531 2149,2535 2149,2471 2114,2462 2052,2490 1921,2485 1900,2470 1870,2481 1803,2460 1728,2466"/>
                <Baseline points="1737,2489 1761,2515 1786,2522 1812,2524 1839,2524 1865,2524 1891,2524 1917,2524 1944,2524 1970,2524 1996,2524 2022,2522 2049,2522 2075,2524 2101,2523 2127,2520 2154,2510"/>
                <TextEquiv>
                    <Unicode>Just the right thing</Unicode>
                </TextEquiv>
            </TextLine>
            <TextLine id="tr_1_tl_42" custom="readingOrder {index:41;}">
                <Coords points="935,2560 1002,2554 1047,2565 1070,2552 1077,2560 1092,2554 1126,2567 1141,2563 1143,2520 1106,2513 1096,2520 1091,2513 1062,2522 1034,2507 997,2528 965,2507 937,2516"/>
                <Baseline points="946,2548 971,2545 996,2543 1021,2543 1046,2544 1071,2544 1096,2542 1121,2543 1146,2545"/>
                <TextEquiv>
                    <Unicode>the winter.</Unicode>
                </TextEquiv>
            </TextLine>
            <TextLine id="tr_1_tl_43" custom="readingOrder {index:42;}">
                <Coords points="1720,2571 2425,2576 2415,2500 1924,2552 1720,2531"/>
                <Baseline points="1731,2566 1765,2567 1800,2569 1835,2567 1870,2566 1905,2566 1940,2566 1975,2566 2010,2566 2045,2566 2080,2565 2114,2563 2149,2563 2184,2563 2219,2563 2254,2563 2289,2563 2324,2561 2359,2560 2394,2560 2429,2560"/>
                <TextEquiv>
                    <Unicode>The game of thrust and parry con¬</Unicode>
                </TextEquiv>
            </TextLine>
            <TextLine id="tr_1_tl_44" custom="readingOrder {index:43;}">
                <Coords points="961,2603 1578,2603 1666,2590 1668,2539 1581,2545 1553,2518 1482,2560 961,2560"/>
                <Baseline points="972,2587 1008,2585 1045,2587 1082,2587 1119,2587 1155,2587 1192,2587 1229,2587 1266,2584 1303,2584 1339,2584 1376,2583 1413,2582 1450,2584 1487,2581 1523,2581 1560,2581 1597,2581 1634,2581 1671,2581"/>
                <TextEquiv>
                    <Unicode>The works are selected outside the</Unicode>
                </TextEquiv>
            </TextLine>
            <TextLine id="tr_1_tl_45" custom="readingOrder {index:44;}">
                <Coords points="1690,2614 2430,2612 2430,2569 2374,2565 1814,2586 1690,2560"/>
                <Baseline points="1701,2605 1737,2605 1774,2604 1811,2602 1847,2602 1884,2602 1921,2602 1957,2602 1994,2602 2031,2602 2068,2602 2104,2602 2141,2601 2178,2599 2214,2599 2251,2599 2288,2599 2324,2599 2361,2599 2398,2599 2435,2599"/>
                <TextEquiv>
                    <Unicode>tinues until Gabrielle, gathering up her</Unicode>
                </TextEquiv>
            </TextLine>
            <TextLine id="tr_1_tl_46" custom="readingOrder {index:45;}">
                <Coords points="935,2633 1660,2631 1638,2586 935,2597"/>
                <Baseline points="946,2626 983,2623 1021,2623 1059,2623 1097,2623 1135,2623 1173,2623 1210,2623 1248,2623 1286,2621 1324,2620 1362,2620 1400,2620 1437,2617 1475,2619 1513,2618 1551,2618 1589,2619 1627,2617 1665,2614"/>
                <TextEquiv>
                    <Unicode>beaten track and the casts comprise weil</Unicode>
                </TextEquiv>
            </TextLine>
            <TextLine id="tr_1_tl_47" custom="readingOrder {index:46;}">
                <Coords points="931,2670 2436,2646 2436,2603 2355,2601 933,2633"/>
                <Baseline points="943,2656 1017,2662 1092,2659 1167,2660 1242,2659 1317,2659 1392,2659 1467,2656 1542,2659 1617,2654 1692,2649 1766,2641 1841,2641 1916,2640 1991,2638 2066,2638 2141,2635 2216,2635 2291,2635 2366,2635 2441,2632"/>
                <TextEquiv>
                    <Unicode>known American artistes visiting Paris, parces, takes the bunch of violets from</Unicode>
                </TextEquiv>
            </TextLine>
            <TextLine id="tr_1_tl_48" custom="readingOrder {index:47;}">
                <Coords points="944,2708 2427,2687 2378,2640 946,2668"/>
                <Baseline points="955,2698 1028,2698 1102,2698 1176,2698 1250,2696 1324,2695 1398,2695 1471,2694 1545,2692 1619,2692 1693,2682 1767,2677 1841,2680 1915,2677 1988,2674 2062,2675 2136,2674 2210,2674 2284,2674 2358,2671 2432,2668"/>
                <TextEquiv>
                    <Unicode>The performances are given in the er bet, and it to Anatole, whispering</Unicode>
                </TextEquiv>
            </TextLine>
            <TextLine id="tr_1_tl_49" custom="readingOrder {index:48;}">
                <Coords points="942,2745 2441,2715 2402,2678 942,2708"/>
                <Baseline points="952,2733 1026,2733 1101,2733 1176,2733 1251,2733 1325,2732 1400,2730 1475,2730 1550,2730 1624,2727 1699,2715 1774,2715 1849,2710 1923,2712 1998,2712 2073,2712 2148,2709 2222,2709 2297,2710 2372,2709 2447,2707"/>
                <TextEquiv>
                    <Unicode>Clubs handsome reception hall, a model brokenly for the dear little girl from</Unicode>
                </TextEquiv>
            </TextLine>
            <TextLine id="tr_1_tl_50" custom="readingOrder {index:49;}">
                <Coords points="1690,2756 2434,2751 2434,2719 2395,2715 1690,2723"/>
                <Baseline points="1701,2745 1737,2751 1774,2751 1811,2751 1848,2751 1885,2751 1922,2750 1958,2748 1995,2748 2032,2745 2069,2745 2106,2745 2143,2745 2180,2745 2216,2745 2253,2745 2290,2745 2327,2745 2364,2745 2401,2744 2438,2742"/>
                <TextEquiv>
                    <Unicode>one who might now be as happy as she</Unicode>
                </TextEquiv>
            </TextLine>
            <TextLine id="tr_1_tl_51" custom="readingOrder {index:50;}">
                <Coords points="937,2786 1668,2775 1668,2738 1619,2732 939,2749"/>
                <Baseline points="949,2772 985,2771 1021,2772 1057,2772 1093,2772 1129,2769 1165,2769 1201,2769 1237,2769 1273,2769 1310,2769 1346,2769 1382,2767 1418,2766 1454,2766 1490,2766 1526,2766 1562,2766 1598,2765 1634,2762 1671,2760"/>
                <TextEquiv>
                    <Unicode>of good taste in decoration and equipped</Unicode>
                </TextEquiv>
            </TextLine>
            <TextLine id="tr_1_tl_52" custom="readingOrder {index:51;}">
                <Coords points="1842,2788 1952,2807 1977,2788 2440,2796 2425,2751 1842,2754"/>
                <Baseline points="1853,2781 1882,2782 1912,2784 1941,2784 1971,2784 2000,2784 2030,2784 2059,2784 2089,2784 2118,2784 2148,2783 2178,2781 2207,2783 2237,2784 2266,2784 2296,2784 2325,2784 2355,2784 2384,2784 2414,2782 2444,2778"/>
                <TextEquiv>
                    <Unicode>" and disappears in the night</Unicode>
                </TextEquiv>
            </TextLine>
            <TextLine id="tr_1_tl_53" custom="readingOrder {index:52;}">
                <Coords points="1690,2794 1699,2794 1707,2801 1743,2801 1758,2794 1767,2801 1784,2788 1789,2792 1816,2788 1818,2762 1791,2762 1774,2754 1765,2760 1761,2756 1735,2760 1733,2756 1716,2766 1707,2758 1692,2756"/>
                <Baseline points="1701,2790 1730,2790 1760,2786 1790,2784 1820,2784"/>
                <TextEquiv>
                    <Unicode>is if</Unicode>
                </TextEquiv>
            </TextLine>
            <TextLine id="tr_1_tl_54" custom="readingOrder {index:53;}">
                <Coords points="942,2829 1662,2816 1645,2769 942,2783"/>
                <Baseline points="952,2808 987,2808 1023,2808 1058,2808 1094,2807 1130,2805 1165,2805 1201,2807 1237,2807 1272,2805 1308,2805 1344,2805 1379,2805 1415,2805 1451,2804 1486,2802 1522,2802 1558,2802 1593,2802 1629,2801 1665,2799"/>
                <TextEquiv>
                    <Unicode>with a tiny but judiciously planned stage</Unicode>
                </TextEquiv>
            </TextLine>
            <TextLine id="tr_1_tl_55" custom="readingOrder {index:54;}">
                <Coords points="959,2848 2027,2856 2301,2805 959,2816"/>
                <Baseline points="969,2847 1035,2844 1102,2846 1169,2844 1236,2841 1302,2841 1369,2841 1436,2841 1503,2841 1569,2839 1636,2838 1703,2826 1770,2826 1836,2823 1903,2823 1970,2823 2037,2823 2103,2823 2170,2823 2237,2820 2304,2820"/>
                <TextEquiv>
                    <Unicode>I was privileged last evening to attend and now fall. And all is ended</Unicode>
                </TextEquiv>
            </TextLine>
            <TextLine id="tr_1_tl_56" custom="readingOrder {index:55;}">
                <Coords points="933,2882 993,2901 1675,2884 1675,2844 972,2863 933,2837"/>
                <Baseline points="943,2883 979,2883 1016,2883 1053,2883 1090,2883 1127,2881 1164,2880 1200,2880 1237,2880 1274,2877 1311,2879 1348,2878 1385,2877 1422,2878 1458,2880 1495,2877 1532,2877 1569,2875 1606,2874 1643,2873 1680,2871"/>
                <TextEquiv>
                    <Unicode>one of those performances. And now I</Unicode>
                </TextEquiv>
            </TextLine>
            <TextLine id="tr_1_tl_57" custom="readingOrder {index:56;}">
                <Coords points="1713,2902 1919,2919 1982,2895 2102,2919 2140,2899 2179,2916 2301,2891 2303,2831 2153,2831 2106,2861 1962,2837 1784,2859 1713,2844"/>
                <Baseline points="1722,2889 1751,2889 1780,2889 1809,2889 1838,2887 1867,2886 1896,2886 1925,2886 1954,2886 1983,2886 2013,2886 2042,2886 2071,2886 2100,2886 2129,2886 2158,2884 2187,2883 2216,2883 2245,2883 2274,2881 2304,2877"/>
                <TextEquiv>
                    <Unicode>A PARISIAN FROM VIENNA</Unicode>
                </TextEquiv>
            </TextLine>
            <TextLine id="tr_1_tl_58" custom="readingOrder {index:57;}">
                <Coords points="935,2927 1660,2925 1647,2876 1370,2901 935,2889"/>
                <Baseline points="946,2921 983,2918 1021,2916 1059,2915 1097,2915 1135,2915 1173,2918 1210,2915 1248,2915 1286,2917 1324,2917 1362,2915 1400,2915 1437,2915 1475,2913 1513,2914 1551,2914 1589,2912 1627,2911 1665,2906"/>
                <TextEquiv>
                    <Unicode>know why they enjoy such a vague</Unicode>
                </TextEquiv>
            </TextLine>
            <TextLine id="tr_1_tl_59" custom="readingOrder {index:58;}">
                <Coords points="1728,2949 1874,2976 1939,2947 2020,2970 2115,2946 2248,2972 2282,2951 2434,2957 2434,2902 2382,2884 2262,2919 2211,2897 2181,2919 1996,2904 1947,2932 1728,2902"/>
                <Baseline points="1737,2945 1772,2945 1807,2945 1842,2945 1877,2946 1912,2947 1947,2945 1982,2945 2017,2945 2052,2945 2087,2945 2122,2942 2157,2944 2192,2945 2227,2945 2262,2945 2297,2945 2332,2945 2367,2945 2402,2944 2438,2942"/>
                <TextEquiv>
                    <Unicode>No subject could be simple; or more</Unicode>
                </TextEquiv>
            </TextLine>
            <TextLine id="tr_1_tl_60" custom="readingOrder {index:59;}">
                <Coords points="931,2972 1671,2955 1671,2917 933,2929"/>
                <Baseline points="943,2954 979,2955 1016,2956 1052,2954 1089,2954 1125,2954 1162,2954 1198,2954 1235,2954 1271,2954 1308,2954 1345,2952 1381,2951 1418,2951 1454,2951 1491,2948 1527,2948 1564,2948 1600,2948 1637,2947 1674,2945"/>
                <TextEquiv>
                    <Unicode>environment, play, presentation and</Unicode>
                </TextEquiv>
            </TextLine>
            <TextLine id="tr_1_tl_61" custom="readingOrder {index:60;}">
                <Coords points="942,3009 2436,2992 2385,2949 942,2964"/>
                <Baseline points="952,2999 1026,2993 1100,2993 1175,2990 1249,2990 1324,2990 1398,2987 1473,2987 1547,2987 1622,2985 1696,2984 1770,2984 1845,2986 1919,2983 1994,2984 2068,2982 2143,2981 2217,2981 2292,2981 2366,2981 2441,2981"/>
                <TextEquiv>
                    <Unicode>public combine to create an atmosphere affecting. The dialogue is exquisite;</Unicode>
                </TextEquiv>
            </TextLine>
            <TextLine id="tr_1_tl_62" custom="readingOrder {index:61;}">
                <Coords points="1690,3032 2434,3030 2415,2987 2333,3004 2235,2979 1690,2998"/>
                <Baseline points="1701,3020 1737,3021 1774,3022 1811,3020 1848,3022 1885,3021 1922,3020 1958,3020 1995,3020 2032,3020 2069,3020 2106,3018 2143,3017 2180,3017 2216,3017 2253,3017 2290,3017 2327,3017 2364,3017 2401,3017 2438,3017"/>
                <TextEquiv>
                    <Unicode>light as gossamer though heavy with</Unicode>
                </TextEquiv>
            </TextLine>
            <TextLine id="tr_1_tl_63" custom="readingOrder {index:62;}">
                <Coords points="935,3043 1478,3030 1480,2989 937,3005"/>
                <Baseline points="946,3029 972,3031 999,3031 1026,3030 1053,3029 1080,3029 1107,3029 1133,3028 1160,3027 1187,3026 1214,3026 1241,3026 1268,3025 1295,3024 1321,3023 1348,3023 1375,3023 1402,3023 1429,3023 1456,3023 1483,3023"/>
                <TextEquiv>
                    <Unicode>of refinement and cordiality.</Unicode>
                </TextEquiv>
            </TextLine>
            <TextLine id="tr_1_tl_64" custom="readingOrder {index:63;}">
                <Coords points="967,3075 2436,3065 2436,3030 2219,3022 967,3045"/>
                <Baseline points="978,3059 1051,3065 1124,3067 1197,3062 1270,3062 1343,3062 1416,3062 1489,3060 1562,3059 1635,3057 1708,3059 1781,3059 1854,3059 1927,3056 2000,3057 2073,3056 2146,3055 2219,3053 2292,3056 2365,3056 2438,3050"/>
                <TextEquiv>
                    <Unicode>The chief work on the programme was meaning, every apparently trivia ques¬</Unicode>
                </TextEquiv>
            </TextLine>
            <TextLine id="tr_1_tl_65" custom="readingOrder {index:64;}">
                <Coords points="967,3116 2430,3103 2383,3060 967,3075"/>
                <Baseline points="978,3103 1050,3103 1123,3102 1196,3100 1269,3097 1342,3097 1415,3097 1487,3095 1560,3096 1633,3095 1706,3095 1779,3095 1852,3092 1925,3095 1997,3094 2070,3095 2143,3092 2216,3092 2289,3092 2362,3092 2435,3089"/>
                <TextEquiv>
                    <Unicode>The Christmas Present, one of the tion, every flippant reply or comment re¬</Unicode>
                </TextEquiv>
            </TextLine>
            <TextLine id="tr_1_tl_66" custom="readingOrder {index:65;}">
                <Coords points="944,3150 2441,3137 2441,3099 2363,3095 944,3112"/>
                <Baseline points="955,3139 1029,3139 1104,3139 1178,3136 1253,3136 1328,3135 1402,3130 1477,3133 1551,3132 1626,3130 1701,3127 1775,3132 1850,3130 1924,3130 1999,3128 2074,3125 2148,3127 2223,3127 2297,3127 2372,3127 2447,3127"/>
                <TextEquiv>
                    <Unicode>late Arthur Schen¬</Unicode>
                </TextEquiv>
            </TextLine>
            <TextLine id="tr_1_tl_67" custom="readingOrder {index:66;}">
                <Coords points="950,3185 2440,3178 2440,3137 2342,3131 950,3148"/>
                <Baseline points="961,3175 1035,3175 1109,3175 1183,3175 1257,3174 1331,3172 1405,3170 1480,3169 1554,3169 1628,3167 1702,3166 1776,3169 1850,3167 1924,3166 1999,3166 2073,3163 2147,3163 2221,3163 2295,3163 2369,3163 2444,3163"/>
                <TextEquiv>
                    <Unicode>logues, cleverly adapted by Mr. Granville conceal it. French literature itself, so</Unicode>
                </TextEquiv>
            </TextLine>
            <TextLine id="tr_1_tl_68" custom="readingOrder {index:67;}">
                <Coords points="1690,3206 2440,3213 2440,3170 1690,3174"/>
                <Baseline points="1701,3205 1738,3205 1775,3205 1812,3205 1849,3205 1886,3205 1923,3204 1961,3202 1998,3202 2035,3202 2072,3202 2109,3200 2146,3200 2183,3202 2221,3202 2258,3202 2295,3202 2332,3202 2369,3202 2406,3202 2444,3199"/>
                <TextEquiv>
                    <Unicode>rich in airy dialogue, contains nothing</Unicode>
                </TextEquiv>
            </TextLine>
            <TextLine id="tr_1_tl_69" custom="readingOrder {index:68;}">
                <Coords points="939,3234 967,3234 980,3242 993,3234 1008,3234 1014,3240 1019,3234 1029,3236 1047,3228 1053,3234 1077,3238 1079,3189 1051,3191 1046,3185 1012,3184 993,3191 941,3184"/>
                <Baseline points="949,3214 975,3214 1001,3213 1027,3212 1053,3211 1080,3211"/>
                <TextEquiv>
                    <Unicode>Barker.</Unicode>
                </TextEquiv>
            </TextLine>
            <TextLine id="tr_1_tl_70" custom="readingOrder {index:69;}">
                <Coords points="1699,3255 2440,3245 2440,3208 2413,3206 1699,3217"/>
                <Baseline points="1710,3244 1746,3241 1783,3242 1820,3244 1856,3241 1893,3241 1930,3241 1966,3241 2003,3241 2040,3241 2077,3239 2113,3238 2150,3238 2187,3238 2223,3238 2260,3238 2297,3238 2333,3238 2370,3238 2407,3237 2444,3235"/>
                <TextEquiv>
                    <Unicode>more gracefully poignent. Listening to</Unicode>
                </TextEquiv>
            </TextLine>
            <TextLine id="tr_1_tl_71" custom="readingOrder {index:70;}">
                <Coords points="1701,3288 2440,3283 2441,3243 1703,3253"/>
                <Baseline points="1713,3277 1749,3278 1786,3279 1823,3277 1859,3277 1896,3277 1933,3277 1969,3277 2006,3277 2043,3274 2080,3274 2116,3274 2153,3274 2190,3274 2226,3274 2263,3274 2300,3274 2336,3274 2373,3273 2410,3270 2447,3265"/>
                <TextEquiv>
                    <Unicode>it, I was reminded of the German critics</Unicode>
                </TextEquiv>
            </TextLine>
            <TextLine id="tr_1_tl_72" custom="readingOrder {index:71;}">
                <Coords points="944,3303 1023,3283 1102,3302 1210,3303 1237,3292 1261,3302 1261,3240 1242,3234 1214,3247 1164,3230 1100,3245 1057,3234 978,3245 944,3234"/>
                <Baseline points="955,3277 980,3277 1006,3276 1032,3275 1058,3274 1084,3274 1110,3276 1135,3277 1161,3275 1187,3274 1213,3274 1239,3274 1265,3274"/>
                <TextEquiv>
                    <Unicode>VERBAL DUEL.</Unicode>
                </TextEquiv>
            </TextLine>
            <TextLine id="tr_1_tl_73" custom="readingOrder {index:72;}">
                <Coords points="1705,3322 1956,3317 2153,3347 2220,3311 2353,3335 2440,3317 2440,3281 2359,3275 1705,3288"/>
                <Baseline points="1716,3315 1752,3314 1788,3315 1825,3314 1861,3312 1898,3312 1934,3314 1970,3314 2007,3312 2043,3312 2080,3312 2116,3312 2152,3312 2189,3311 2225,3309 2262,3309 2298,3311 2334,3310 2371,3309 2407,3309 2444,3309"/>
                <TextEquiv>
                    <Unicode>reproach that Schnitzler was a Parisian</Unicode>
                </TextEquiv>
            </TextLine>
            <TextLine id="tr_1_tl_74" custom="readingOrder {index:73;}">
                <Coords points="967,3343 1312,3332 1379,3360 1450,3335 1679,3333 1668,3281 1596,3303 1475,3273 1428,3296 1373,3277 1315,3309 967,3300"/>
                <Baseline points="978,3333 1013,3333 1048,3333 1083,3333 1119,3333 1154,3333 1189,3333 1224,3331 1260,3332 1295,3332 1330,3330 1365,3333 1401,3331 1436,3330 1471,3330 1506,3330 1542,3327 1577,3327 1612,3327 1647,3327 1683,3327"/>
                <TextEquiv>
                    <Unicode>It is a duet, or a verbal duel, between</Unicode>
                </TextEquiv>
            </TextLine>
            <TextLine id="tr_1_tl_75" custom="readingOrder {index:74;}">
                <Coords points="1705,3360 1741,3367 1756,3356 1797,3365 1816,3358 1833,3369 1863,3358 1958,3362 1958,3322 1705,3326"/>
                <Baseline points="1716,3354 1743,3351 1770,3351 1798,3351 1825,3351 1853,3349 1880,3348 1908,3348 1935,3349 1963,3351"/>
                <TextEquiv>
                    <Unicode>from Vienna.</Unicode>
                </TextEquiv>
            </TextLine>
            <TextLine id="tr_1_tl_76" custom="readingOrder {index:75;}">
                <Coords points="942,3376 1675,3371 1675,3337 1615,3333 1394,3356 1310,3332 942,3347"/>
                <Baseline points="952,3372 988,3371 1024,3371 1061,3369 1097,3369 1134,3369 1170,3369 1206,3369 1243,3369 1279,3369 1316,3369 1352,3369 1388,3368 1425,3366 1461,3366 1498,3366 1534,3366 1570,3366 1607,3365 1643,3363 1680,3363"/>
                <TextEquiv>
                    <Unicode>Gabrielle and Anatole. Gabrielle has</Unicode>
                </TextEquiv>
            </TextLine>
            <TextLine id="tr_1_tl_77" custom="readingOrder {index:76;}">
                <Coords points="1731,3403 2445,3397 2445,3348 2308,3369 2252,3348 2217,3369 2189,3350 2012,3365 1979,3339 1930,3365 1731,3358"/>
                <Baseline points="1742,3390 1777,3395 1812,3396 1848,3395 1883,3393 1919,3393 1954,3393 1989,3393 2025,3392 2060,3390 2096,3390 2131,3390 2166,3390 2202,3391 2237,3393 2273,3393 2308,3393 2343,3392 2379,3390 2414,3390 2450,3390"/>
                <TextEquiv>
                    <Unicode>The playet was admirably interpreted,</Unicode>
                </TextEquiv>
            </TextLine>
            <TextLine id="tr_1_tl_78" custom="readingOrder {index:77;}">
                <Coords points="948,3420 1677,3416 1679,3375 1634,3369 950,3380"/>
                <Baseline points="958,3408 994,3408 1030,3408 1066,3408 1102,3408 1138,3408 1174,3406 1210,3405 1246,3405 1282,3405 1319,3405 1355,3405 1391,3403 1427,3402 1463,3402 1499,3402 1535,3402 1571,3402 1607,3402 1643,3401 1680,3396"/>
                <TextEquiv>
                    <Unicode>been buying Christmas gifts. Snow be¬</Unicode>
                </TextEquiv>
            </TextLine>
            <TextLine id="tr_1_tl_79" custom="readingOrder {index:78;}">
                <Coords points="944,3453 2441,3438 2441,3395 2232,3391 944,3416"/>
                <Baseline points="955,3444 1029,3444 1103,3444 1178,3442 1252,3441 1327,3441 1401,3441 1476,3438 1550,3441 1625,3438 1699,3434 1773,3432 1848,3430 1922,3429 1997,3429 2071,3427 2146,3426 2220,3426 2295,3426 2369,3426 2444,3426"/>
                <TextEquiv>
                    <Unicode>gins to fall and she looks in vain for a with just the true touch of superficial</Unicode>
                </TextEquiv>
            </TextLine>
            <TextLine id="tr_1_tl_80" custom="readingOrder {index:79;}">
                <Coords points="948,3485 2440,3470 2440,3436 2353,3427 948,3463"/>
                <Baseline points="958,3482 1032,3479 1106,3477 1180,3478 1255,3478 1329,3477 1403,3477 1478,3477 1552,3477 1626,3475 1701,3470 1775,3468 1849,3468 1923,3467 1998,3465 2072,3466 2146,3465 2221,3465 2295,3463 2369,3462 2444,3465"/>
                <TextEquiv>
                    <Unicode>facher that detail marks the time of unconcern and suppressed moral distress</Unicode>
                </TextEquiv>
            </TextLine>
            <TextLine id="tr_1_tl_81" custom="readingOrder {index:80;}">
                <Coords points="948,3525 2440,3504 2440,3470 2299,3465 948,3485"/>
                <Baseline points="958,3518 1032,3515 1106,3515 1180,3515 1255,3512 1329,3512 1403,3513 1478,3512 1552,3509 1626,3509 1701,3508 1775,3503 1849,3503 1923,3503 1998,3500 2072,3500 2146,3500 2221,3500 2295,3498 2369,3497 2444,3494"/>
                <TextEquiv>
                    <Unicode>the action, the closing decade of last Both Miss Elsie Ferguson and Mr.</Unicode>
                </TextEquiv>
            </TextLine>
            <TextLine id="tr_1_tl_82" custom="readingOrder {index:81;}">
                <Coords points="944,3566 2432,3577 2447,3504 944,3525"/>
                <Baseline points="955,3554 1029,3554 1104,3551 1179,3551 1254,3551 1328,3549 1403,3548 1478,3548 1553,3548 1627,3547 1702,3543 1777,3542 1852,3542 1926,3539 2001,3539 2076,3537 2151,3536 2225,3536 2300,3536 2375,3535 2450,3527"/>
                <TextEquiv>
                    <Unicode>century in Vienna. Anatole happens to Malcolm Molder deserve the warmest</Unicode>
                </TextEquiv>
            </TextLine>
            <TextLine id="tr_1_tl_83" custom="readingOrder {index:82;}">
                <Coords points="948,3603 1838,3596 1838,3549 950,3569"/>
                <Baseline points="961,3593 1005,3590 1049,3590 1093,3590 1137,3590 1181,3588 1225,3587 1269,3587 1313,3587 1357,3587 1401,3587 1445,3587 1489,3585 1533,3584 1577,3584 1621,3582 1665,3583 1709,3579 1753,3578 1797,3581 1841,3578"/>
                <TextEquiv>
                    <Unicode>pass and shelters her under his umbrella, ulogy</Unicode>
                </TextEquiv>
            </TextLine>
            <TextLine id="tr_1_tl_84" custom="readingOrder {index:83;}">
                <Coords points="1737,3624 2428,3622 2428,3577 2400,3560 2337,3583 2263,3558 2149,3596 1924,3571 1737,3594"/>
                <Baseline points="1748,3620 1782,3619 1816,3620 1850,3620 1884,3620 1918,3620 1952,3620 1987,3620 2021,3620 2055,3618 2089,3616 2123,3614 2157,3614 2191,3614 2226,3614 2260,3614 2294,3614 2328,3612 2362,3613 2396,3614 2431,3615"/>
                <TextEquiv>
                    <Unicode>The Schnitzler piece was preceded by</Unicode>
                </TextEquiv>
            </TextLine>
            <TextLine id="tr_1_tl_85" custom="readingOrder {index:84;}">
                <Coords points="944,3631 1683,3628 1683,3596 1651,3588 944,3605"/>
                <Baseline points="955,3626 991,3626 1028,3626 1064,3626 1101,3626 1137,3626 1174,3624 1210,3623 1247,3622 1283,3620 1320,3622 1357,3623 1393,3623 1430,3623 1466,3623 1503,3623 1539,3621 1576,3620 1612,3620 1649,3620 1686,3620"/>
                <TextEquiv>
                    <Unicode>He and she are old friends; had both</Unicode>
                </TextEquiv>
            </TextLine>
            <TextLine id="tr_1_tl_86" custom="readingOrder {index:85;}">
                <Coords points="944,3671 2385,3665 2434,3620 946,3633"/>
                <Baseline points="955,3662 1029,3662 1103,3662 1177,3659 1251,3662 1325,3659 1399,3659 1474,3659 1548,3659 1622,3656 1696,3656 1770,3656 1844,3656 1918,3658 1993,3656 2067,3654 2141,3651 2215,3650 2289,3650 2363,3650 2438,3644"/>
                <TextEquiv>
                    <Unicode>been wiser or luckierthey might at an using fantasy et It Gott hat,</Unicode>
                </TextEquiv>
            </TextLine>
            <TextLine id="tr_1_tl_87" custom="readingOrder {index:86;}">
                <Coords points="1713,3699 2436,3697 2436,3654 1713,3663"/>
                <Baseline points="1722,3691 1759,3690 1797,3691 1835,3691 1873,3691 1911,3691 1949,3691 1986,3691 2024,3689 2062,3688 2100,3688 2138,3688 2176,3688 2213,3685 2251,3685 2289,3685 2327,3685 2365,3684 2403,3682 2441,3679"/>
                <TextEquiv>
                    <Unicode>by Essex Dane, spiritedly played by</Unicode>
                </TextEquiv>
            </TextLine>
            <TextLine id="tr_1_tl_88" custom="readingOrder {index:87;}">
                <Coords points="950,3706 1160,3703 1235,3729 1270,3708 1299,3727 1681,3710 1681,3663 950,3671"/>
                <Baseline points="961,3700 997,3697 1033,3697 1069,3697 1106,3697 1142,3697 1178,3697 1214,3697 1251,3697 1287,3697 1323,3700 1359,3698 1396,3697 1432,3697 1468,3697 1504,3694 1541,3694 1577,3694 1613,3694 1649,3693 1686,3691"/>
                <TextEquiv>
                    <Unicode>one earlier moment have become more</Unicode>
                </TextEquiv>
            </TextLine>
            <TextLine id="tr_1_tl_89" custom="readingOrder {index:88;}">
                <Coords points="1709,3738 2447,3733 2447,3703 2385,3688 1709,3701"/>
                <Baseline points="1719,3727 1755,3727 1792,3727 1828,3727 1865,3727 1901,3727 1938,3727 1974,3727 2011,3727 2047,3727 2084,3725 2121,3724 2157,3724 2194,3723 2230,3721 2267,3721 2303,3721 2340,3719 2376,3718 2413,3719 2450,3721"/>
                <TextEquiv>
                    <Unicode>Misses Jessie Glendinning, Helen Tilden,</Unicode>
                </TextEquiv>
            </TextLine>
            <TextLine id="tr_1_tl_90" custom="readingOrder {index:89;}">
                <Coords points="950,3749 984,3753 997,3742 1042,3748 1077,3740 1121,3753 1150,3740 1194,3740 1195,3710 1173,3699 1149,3714 1072,3704 1049,3719 1032,3703 1001,3716 952,3706"/>
                <Baseline points="961,3736 987,3736 1013,3736 1040,3735 1066,3733 1093,3733 1119,3733 1146,3733 1172,3733 1199,3733"/>
                <TextEquiv>
                    <Unicode>than friends.</Unicode>
                </TextEquiv>
            </TextLine>
            <TextLine id="tr_1_tl_91" custom="readingOrder {index:90;}">
                <Coords points="986,3781 2387,3772 2447,3733 986,3744"/>
                <Baseline points="996,3772 1068,3772 1141,3770 1214,3770 1286,3769 1359,3766 1432,3769 1504,3768 1577,3766 1650,3766 1723,3766 1795,3764 1868,3763 1941,3763 2013,3763 2086,3760 2159,3760 2231,3757 2304,3758 2377,3757 2450,3757"/>
                <TextEquiv>
                    <Unicode>While waiting for a cab to come in Mildred Arden, Hazel Stokes, Dierdra</Unicode>
                </TextEquiv>
            </TextLine>
            <TextLine id="tr_1_tl_92" custom="readingOrder {index:91;}">
                <Coords points="942,3834 2451,3819 2438,3764 1106,3787 944,3742"/>
                <Baseline points="955,3814 1029,3811 1104,3808 1179,3808 1254,3808 1329,3808 1404,3811 1479,3808 1554,3805 1629,3803 1704,3801 1778,3802 1853,3802 1928,3802 2003,3802 2078,3802 2153,3799 2228,3796 2303,3797 2378,3796 2453,3799"/>
                <TextEquiv>
                    <Unicode>sight they chat, trying to piece together Bellison, Alice Putnam and Lora Hayes.</Unicode>
                </TextEquiv>
            </TextLine>
            <TextLine id="tr_1_tl_93" custom="readingOrder {index:92;}">
                <Coords points="1806,3970 2024,3972 2099,4004 2355,4004 2387,3987 2383,3903 2260,3927 2157,3909 2035,3929 1990,3907 1941,3933 1898,3914 1804,3931"/>
                <Baseline points="1817,3951 1845,3953 1874,3954 1902,3954 1931,3956 1960,3958 1988,3959 2017,3963 2046,3966 2074,3966 2103,3967 2132,3969 2160,3971 2189,3971 2218,3969 2246,3971 2275,3972 2304,3972 2332,3972 2361,3973 2390,3975"/>
                <TextEquiv>
                    <Unicode>ERARD. PLEYEL</Unicode>
                </TextEquiv>
            </TextLine>
            <TextEquiv>
                <Unicode></Unicode>
            </TextEquiv>
        </TextRegion>
    </Page>
</PcGts>
