3484 4256
1418 233 1777 331 box 8/6
1017 239 1222 331 klu-
299 230 973 353 4.9. Anatol-
195 992 432 1090 November
208 1074 479 1191 phon 12
198 1307 485 1408 s-Ausschnitte
1707 1342 2728 1395 Ratschläge holen können. Das Publikum war in
665 1317 1676 1421 französierender Grazie, feinpointierten Dialog und
1704 1392 2731 1440 der heitersten Stimmung — am heitersten, als
662 1395 1673 1458 amüsant genrehaft geschilderten Figuren vor die
208 1386 365 1477 tz 4.
662 1427 2737 1490 Sinne zaubert. Eine Welt: so leicht und doch so Lotte Klinder im Abschiedssouper über den Pudding
1707 1477 2734 1534 herfiel. Paula Wirth weiß in diese Szene noch
668 1477 1673 1544 schwer — so voller herzlicher Fröhlichkeit und doch
198 1490 476 1578 Genf, Kopen¬
662 1515 2740 1578 liefernster Tragik. Auch einen richtigen Max besitzt mehr drastischen Humor zu legen. Einer Schau¬
208 1556 482 1632 lis, New-York.
662 1556 2737 1629 das Schauspielhaus in Martin Lindemann. Er spielerin wurde ohne besonderen Anlaß auf der
217 1597 438 1676 Petersburg.
662 1603 2731 1676 weiß das Würdevolle mit dem Graziösen zu ver=Bühne eine Blumenspende überreicht. Derartige
1710 1644 2731 1701 Gepflogenheiten herrschen heut nur noch an
662 1660 1682 1717 binden und wird den Schnitzlerschen Forderungen
214 1657 526 1755 g. Bremen
1707 1688 2731 1748 Operettentheatern und Bühnen kleiner Garnison¬
662 1710 1679 1758 in weitestem Maße gerecht. Leider kann das vor
2438 1729 2687 1799 H. Kr.-W.
1704 1739 1827 1805 städte.
658 1745 1682 1799 dem Damenflor, den man in Schnitzlers Anatol¬
658 1786 1682 1852 Welt wandeln sah, nicht gesagt werden. Die
1780 1789 2725 1877 Der zweite Abend der Kammermusik Skalitzky,
655 1827 1679 1884 Weiberchen, die Anatols Leben mit Lust, Freude
658 1855 2728 1934 und Betrübtheit erfüllen, sind die echten Wiener der am Montag im Kaisersaale der Union eine
1704 1899 2725 1959 stattliche Zuhörerschaft versammelt hatte, brachte
655 1918 1676 1978 Vorstadtkinder, denen man nach Schluß der
1704 1947 2725 2003 uns so recht zum Bewußtsein, welch reichen Quell
658 1956 1673 2013 Modistengeschäfte oder nach den Theaterproben an
1710 1988 2731 2044 edelsten Kunstgenusses diese Veranstaltung für uns
246 1884 504 2073 Mus.
658 2007 1682 2066 der Ringstraße begegnet. Sie haben alle das weite
1698 2032 2728 2088 bedeutet. Zugleich dürfte die begeisterte Aufnahme
655 2057 1670 2114 Herz, die große Eifersucht und die „wegnerische
205 2054 391 2145 ielhaus.
1707 2079 2722 2129 sämtlicher Vorträge, zu denen sich der Konzertgeber
658 2095 1679 2158 Leichtlebigkeit. Dieser weibliche Typus von der
1707 2123 2728 2177 in gewohnter Weise mit den Herren Professor Georg
658 2136 1682 2192 Donau mag Julie Wirthmann auch vorgeschwebt
1707 2164 2728 2208 Schumann und Hugo Dechert vereinigt hatte, eine
211 2177 1679 2240 freute gestern sein haben, aber sie erreichte ihn nicht, und ihre Cor¬
1707 2208 2728 2259 Gewähr dafür bieten, daß es dem für unser Musik¬
230 2221 1682 2271 Mehrzahl aus Mit¬ blieb eine zeichnerische Studie. Ilka Challon
668 2249 2728 2328 (Biana) wieder gebrach es an Leidenschaft. Sie leben so bedeutsamen Unternehmen auch weiterhin
205 2271 633 2331 stand, mit vier Ein
1710 2293 2731 2347 an der warmen Teilnahme weiterer Kreise nicht
662 2309 1682 2369 war edel in der Geste, aber ausdruckslos in der
211 2322 624 2381 igen Zyklus „Anatol
1714 2331 2725 2381 fehlen wird. Der Schwerpunkt der Darbietungen
246 2350 1682 2410 sah „Die Frage an Mimik. Man sah keine Biama, sondern ein superbes
1710 2381 2731 2429 lag diesmal in den Händen des Pianisten, der als
205 2400 1688 2451 Abschiedssouper" und Anstandsfräulein, das da hinging, um ein Erlebnis
1707 2422 2734 2479 Solonummer nichts Geringeres als Bachs
668 2435 1676 2507 fürs Tagebuch zu haben. Die Ilona im „Hochzeits
202 2448 633 2514 Die auf dem Theater
1720 2460 2731 2514 „Chromatische Fantasie und Fuge“ gewählt hatte.
658 2488 1682 2542 morgen" mag ja gewiß ein Mädel aus dem Volke
198 2488 636 2558 chtseinkäufe" wurden
1717 2514 2734 2570 Ich glaube, das monumentale Werk, wenn allenfalls
873 2536 1682 2589 keineswegs aber darf sie an der Seite
668 2542 816 2596 sein -
205 2536 633 2599 ht gegeben, und dami
2133 2558 2728 2605 so doch unserm modernen
1714 2548 2092 2611 schon stilgemäßer,
658 2574 1682 2627 Anatols so roh, kantig und ungraziös erscheinen
198 2580 633 2646 nicht geringen Genus
1707 2586 2731 2646 Empfinden noch nie so nahe gebracht gehört zu haben.
205 2627 2737 2690 der Paula Wirth, die wie in der Verkörperung durch Elsbeth Perron. Noch lebhafteres Entzücken rief das als Zugabe ge¬
662 2662 1676 2718 Und auch Lotte Klinder als Anni im „Abschieds
208 2668 633 2737 Schnitzlerscher Gestal
1710 2681 2731 2731 spielte a-moll-Rondo von Mozart (Ko. 511) hervor,
665 2706 1685 2766 souper, konnte den Glanz nicht verdunkeln, den
230 2715 636 2769 das Schauspielhaus
1707 2722 2731 2775 dessen Wiedergabe mit der ganzen Anmut und maß¬
205 2763 2731 2813 las ist Max Andreas, Paula Wirth bei einer früheren Aufführung über vollen Schönheit des hier fast in Beethovenschem
198 2797 636 2863 fakter auf rühmlichen
662 2804 2731 2860 die Figur ausgebreitet hat. Mehr oldenburgisch Geiste redenden unsterblichen Tondichters getränkt
662 2841 1679 2895 als wienerisch war die Anni, die die charmant
211 2841 633 2907 ließ mit gelassener
1714 2854 2750 2904 war. Die gleichen Eigenschaften waren es auch,
239 2882 1685 2939 die weichen, weh¬ Lotte Klinder mimte. Sollten es wirklich böse
1710 2898 2747 2945 die — freilich in sehr verschiedener Färbung — in
202 2917 1679 2989 ten Töne wienerischen Schatten gewesen sein, die eine junge Naive au
1707 2933 2734 2989 den beiden prächtigen Trios, dem in B-dur von
668 2967 1682 3024 ihre Kolleginnen warf, als sie noch vor den Auf
224 2980 639 3037 die Anatol als den
1714 2980 2750 3033 Dvorak und dem in Es, op. 70,2 von Beethoven zu
192 3008 1685 3093 r Dekadenz, den mit führungen mitten im feierlichen Prolog stecken blie¬
1704 3021 2740 3081 wahrhaft vollendetem Ausdruck kamen. Es war eins
662 3056 1685 3125 und klanglos abtreten mußte? Für die Regi¬
202 3065 639 3125 finement genießenden
1720 3068 2763 3122 jener Konzerte, die uns ohne jedes wenn und aber
205 3096 1685 3172 stellen. Zartverschleiert zeichnete Adolf Steinmann verantwortlich. Die
2322 3106 2737 3178 freudiger Erhebung
1707 3109 2290 3182 in der Stimmung reiner,
211 3144 1688 3204 leiser, melancholischer Interieurs waren, wie das bei Schnitzler notwendig
2526 3150 2725 3226 G. Kg.
1710 3153 1899 3229 entlassen.
668 3188 1682 3244 ist, von diskreter und intimer Stimmung erfüllt
205 3194 643 3254 und Schweigsamkeit
220 3229 1698 3282 Eine schmerzlich-süße Für das Abschiedssouper hätte man sich aus dem
214 3273 1729 3345 lers Kunst mit halb=neuen Regiebuch von Carl Hagemann noch einige
