3296 4224
1261 172 1622 271 box 8/6
136 167 630 285 4.9. Anato
543 189 1091 291 Zyklus
873 955 1105 1026 Universal¬
483 992 1501 1074 Technisches, commercielles u. wissenschaftliches
772 1074 1224 1156 Pressrelationsbureau
885 1153 1099 1241 Hansa"
752 1224 1249 1306 Inh. Ingenieur M. Krause
692 1283 1297 1362 Berlin NW. 23, Holsteiner Ufer 7
480 1402 1651 1501 Zeitung. Schwäbischer Merkur, Stuttgart
483 1526 639 1611 Datum:
786 1549 1111 1651 5. Sep. 1911
526 1645 1433 1752 k. Hoftheater in Stuttgart.
1554 1653 2719 1766 7 Skizzen wurden ausgewählt und wie zu erwarten war, haben
608 1716 1340 1772 „Anatol“ von Arthur Schnitzler.
1552 1727 2674 1786 unter ihnen das schon länger dem deutschen Theater einver¬
407 1741 1529 1820 Stuttgart 5. Sept. Das K. Hoftheater eröffnete gestern
1557 1772 2671 1831 leibte Abschiedssouper und der Schluß des ganzen, Anatols
396 1803 1529 1860 die Reihe seiner Erstaufführungen mit einer Neuheit, die im
1560 1814 2674 1879 Hochzeitsmorgen, den stärksten Eindruck gemacht. Gespielt
399 1840 2671 1928 Grund keine ist. Schnitzlers „Anatol“ ist schon 1892 als das wurde aber auch ganz vorzüglich. Zwar wußte Raoul Aslam
393 1879 2662 1976 Erstlingswerk des damals 30jährigen erschienen. Die in ihrer seinem Anatol weder in der Maske noch in der Darstellung
404 1939 2671 2009 ganzen Gestaltung merkwürdig reife Dichtung trug schon alle ganz die verfeinerte Geistigkeit zu geben, die er nach des
401 1984 1526 2035 Züge von Schnitzlers literarischem Charakter scharf ausgeprägt
1554 1984 2665 2066 Dichters Absicht haben soll, doch hat er seine umfangreiche
399 2026 1526 2077 an sich, seine sichere Beobachtung der Wirklichkeit, seinen aus¬
1554 2029 2668 2094 Rolle mit großer Frische und glücklichem Humor gespielt, und
396 2069 1523 2120 gesprochenen, aber durch ein weiches Stimmungselement ge¬
1557 2072 2660 2142 Hermann Blank bot ihm mit seiner gewandten Verkörperung
396 2094 2668 2179 wilderten Naturalismus, seine Vorliebe für das rauschende von Anatols Freund, dem Durchschnittsmenschen Max eine
393 2148 1518 2210 Großstadtleben Wiens mit seiner sinnenfreudigen schwülen
1546 2154 2665 2219 Folie, von der er sich kräftig abheben konnte. Neben den
396 2190 1518 2255 Atmosphäre und endlich seinen geistvollen Feuilletonismus, der
1543 2202 2657 2258 zwei Männerrollen, die das Stück allein verlangt, treten als
404 2233 1518 2286 sich am liebsten in den kleinen Formen der dramatischen Skizze
1552 2247 2671 2303 eine bescheidene, aber charakteristische Auswahl aus der Zahl
396 2284 1521 2337 ausgibt. Es besteht aus einer glänzenden Folge von in sich
1549 2284 2660 2351 der Frauen, die Anatol besessen, 5 Frauengestalten. Ein so reiches
401 2326 1515 2371 geschlossenen Augenblicksbildern aus dem Dasein eines Lebe¬
1546 2326 2654 2385 Aufgebot von Mitspielerinnen rief fast alle weiblichen Sterne
396 2371 1515 2425 manns, dessen Widersprüche und innere Unwahrheit es mit
1543 2377 2665 2436 unseres Schauspiels zu edlem Wettstreit auf die Bühne. Den Preis
399 2405 1518 2464 sprühendem Humor ans Licht stellt. Aber die Dichtung geht
1549 2414 2662 2479 gewannen unstreitig Grete Lorma mit ihrer entzückenden
393 2450 1515 2504 nicht auf in der komischen Spiegelung des großstädtischen
1549 2467 2654 2515 Wiedergabe der urwüchsigen, durch keine Sentimentalität be¬
390 2487 1506 2552 high life. Ihre Lustigkeit hat einen ernsteren Hintergrund
1549 2496 2657 2563 schwerten Annie im Abschiedssouper und Emmy Remolt mit dem
390 2538 1518 2586 das Werk entwirft das Bild einer unter der Herrschaft der
1543 2552 2662 2614 in derbem Humor gegebenen Gegenstück dazu, der der stür¬
390 2580 1512 2634 Moderne weit verbreiteten Krankheit, die darin besteht, daß
1543 2586 2660 2654 mischen rachsüchtigen Ilona des Hochzeitsmorgens. Aber auch
393 2620 1509 2671 man in einer Sensibilität, die wehrlos jedem Eindruck preis¬
1543 2620 2651 2685 die Damen Künniger, Feldhofen und Pfeiffer, denen der
396 2665 1512 2713 gegeben ist, das Kennzeichen einer vornehmen Natur und die
1540 2662 2662 2736 Dichter keine so dankbaren Rollen zugeteilt hat, haben das
399 2710 2346 2787 Garantie eines verfeinerten Lebensgenusses sieht. Schnitzlers Ihre zum Gelingen des Abends beigetragen.
407 2747 1512 2798 „Anatol“ ist ein Schwächling dieser Art, der stolz auf seine
393 2770 1518 2849 Schwäche ist und das wird ihm zum Verhängnis. Nicht stark
396 2835 1515 2891 genug, seine Leidenschaften zu zügeln, als Zögling einer hohen
382 2871 1515 2931 Kultur zu reich und zu sein organisiert, die Liebe obenhin
382 2914 1512 2979 in gedankenlosem Leichtsinn wie sein Freund Max zu genießen,
387 2962 1515 3016 läßt er sich durch ein gesteigertes Bedürfnis nach immer neuen
393 3001 1506 3058 farbigen Eindrücken vom Leben in verzehrender Hast von einer
384 3047 1512 3103 Liebe in die andere treiben, bis er im letzten Stück sich müh¬
390 3086 1509 3148 sam den Armen eines leidenschaftlichen Weibes anträgt, um
387 3140 1501 3185 erschöpft und kraftlos geworden im Fühlen und Wollen in
384 3177 1506 3230 eine konventionelle, von vornherein zerrüttete Ehe zu wanken,
382 3219 1396 3276 über der seine Vergangenheit als drohende Wolke steht.
393 3250 1506 3318 Daß das an literarisch höher stehenden Stücken nicht eben
384 3287 1504 3358 reiche Theater der Gegenwart gut daran getan hat, sich der
382 3343 1501 3403 Dichtung Schnitzlers anzunehmen, hat der lebhafte Erfolg des
379 3394 1509 3476 gestrigen Abends bewiesen. Die 5 bühnengemäßesten von den
