3436 4352
1350 149 1714 252 box 9/4
883 167 1158 262 Zyklus
233 167 770 273 4.9. Anatol
1236 1018 1432 1098 No
430 1065 574 1119 M.
1298 1126 1392 1169 or
460 1130 1458 1227 ARGUS SUISSE ET INTERNATIONAL DE LA PRESSE S.A.
470 1213 1461 1304 Schweizer und Internationaler Argus der Presse A.-G.
464 1296 1456 1367 GENEVE - 23, Rue du Rhône, 23 - GEN
585 1344 1358 1407 Adr. télégr.: Coupures Genère — Téléphone 4005 Stand
446 1425 1495 1492 Bureau de coupures de journaux sur tous sujets et personnalités. Traductions en
723 1461 1223 1503 toutes langues. Travaux de rédaction
443 1502 1498 1559 Bureau für Zeitungsausschnitte, Personalnachrichten, Übersetzungen
547 1545 1401 1612 CORRESPONDANTS : VERTRETUNGEN
547 1587 1388 1640 Paris, Berlin, Vienne, Londres, Rome, Christiania
547 1616 1401 1667 Budapest, Boston, Amsterdam, New-York, Mexico
1363 1644 1496 1714 Zürich
456 1659 1330 1743 Journal: Neue Zürcher Zeitung (Morgenblatt)
1105 1703 1296 1753 (Mittagblatt)
1115 1744 1311 1808 (Abendblatt)
450 1795 636 1867 Adresse:
448 1861 589 1948 Date:
803 2086 1024 2185 Radio.
457 2140 1370 2221 Zürcher Radiochronik. Die Stücke aus Arthur
421 2195 1364 2264 Schnitzler Zyklus „Anatole haben zweifellos etwas
430 2252 1357 2294 für sich, das sehr für die Eignung als Hörspiele spricht
424 2288 1364 2324 denn die Klarheit der Situationen und die Beschrän¬
427 2319 1367 2362 kungen Minimum von Mitwirkenden verbürgt
427 2349 1367 2390 gute Veredlichkeit. Nicht zuletzt kommt dazu die
430 2383 1368 2427 Tatsache der weiten Bekanntschaft dieser galanten
424 2415 1364 2465 Abenteuer aus dem modernen Wien. (Als Korrektur
424 2446 1363 2487 zu der Einführung im Programm muß hier allerdings
427 2484 1344 2526 bemerkt werden, daß es sich beim Abschiedsouper
427 2519 1358 2561 nicht um die letzte, sondern um die fünfte der sieben
424 2549 1363 2598 Episoden handelt.) Wenn auch bei der Wiedergabe
419 2580 1364 2625 als Hörspiel trotz dem allgemeinen leisen Sprechen
424 2614 1357 2657 kein Wort verloren ging, so kan doch nicht immer
421 2654 1361 2691 die richtige Stimmung auf und der Grund dafür scheint
421 2687 1357 2724 uns in einer allzu großen Aengstlichkeit der Sprecher
419 2719 1357 2756 zu liegen, die mehr auf klare Deklamation bedacht
424 2754 1363 2793 waren, als auf ein möglichst lebendiges Spiel. Beson¬
421 2779 1361 2823 ders der Sprecher des Anatol ließ mehrmals merkliche
427 2812 1361 2855 Hemmungen spüren, wo das Temperament ihn hätte
419 2852 1363 2900 hinreißen müssen. Dadurch wirkte der ganze Dialog
424 2883 1363 2923 etwas matt, bis Annie zu sprechen begann und wenig¬
419 2917 1361 2956 tens stellenweise das Tempo beschleunigte und die
419 2944 1365 3001 innere Spannung verstärkte. Die Mittelfigur des
421 2984 1392 3041 unsentiment Freundes fand einen ruhig abwägen
409 3001 951 3082 den lichen Vertreter.
2291 978 2863 1074 national de la Presse S.A.
2309 1046 2665 1128 Rhône - GENEVE
2289 1078 2867 1179 res-Genève - Téléph. 44.005
2017 1155 2860 1300 a de vue de la
2002 1254 2776 1345 Traductions de et en toutes langues.
1939 1357 2880 1486 Correspondants dans toutes les grandes villes.
1929 1528 2361 1616 Extrait du Journal:
1946 1627 2143 1726 Adresse:
1962 1741 2166 1820 Date
2463 1721 2809 1884 und
1983 1945 3091 2062 + Theater auf der Andrássy-ut. Dieses intime Thea¬
1969 2010 3090 2117 ter, das mit Recht den Anspruch erheben kann, als ern¬
1973 2056 3095 2144 stes Kunstunternehmen gewertet zu werden, kredenzt
1978 2107 3095 2191 seinem Publikum zum Saisonschluß zwei leckere Soupers:
1975 2153 3102 2230 und zwar das entzückende Lustspiel „Souper von Franz
1979 2198 3100 2272 Monar und das „Abschiedssuper (im Ungarischen
1986 2230 3100 2318 „Szakitas"), die bekannte reizvolle Anatolzene von Artur
1976 2277 3104 2355 Schnitzler. Monars keines Meisterwerk wurde ungezählte
1983 2314 3102 2400 Male in der deutschen Presse verherrlicht, ist es doch mit
1978 2361 3107 2447 „Eins, zwei, drei über hundertmal in Berlin und Wien
1983 2402 3105 2492 gespielt worden. In der ungarischen Darstellung hob sich
1982 2440 3111 2520 Csortos als jubilierender Bankdirektor in Pallenbergsche
1992 2483 3105 2567 Höhen der Vergleich der beiden Prominenten stellt den
1995 2530 3108 2617 Theaterreferenten vor eine schwere Aufgabel), ihm zur
1982 2571 3115 2654 Seite standen die Damen Eöry, Sittkey und Erényi und
1990 2608 3109 2694 die Herren Farago, Vendrey und Abonyt mit Witz und
1992 2654 3117 2746 Verve. Als Anatol brillierte im Abschiedssouper Theo¬
1992 2699 3117 2782 dor Uray, seine blühendschöne, rassige Partnerin war
1982 2739 3119 2812 Anna Tökes, Ludwig Thasz mimte einen sympathischen,
1990 2781 3118 2866 etwas schnöddrigen Max mit hübschen Einfällen. Ladis¬
1988 2829 3121 2902 laus Békeffy hatte den denkbar glänzendsten Abend. Er
1988 2870 3114 2947 spielte in seinem Einakter „Pity-pang“ eine urwüchsige
1988 2916 3114 2994 Pester Figur, einen Advokaten, der eine ländliche Un¬
1996 2967 3124 3043 schuld (Piroska Vaszary) in die Geheimnisse des Tele¬
2000 2998 3128 3074 phonierens einweihen will. Die Hors-d'oeuvres, die das
1995 3050 3122 3124 Doppelsouper einleiteten, waren schmackhaft, doch wur¬
1996 3070 3137 3191 den sie nach Pester Kabarettart — etwas zu reichlich
2000 3159 2151 3228 dosiert.
