3436 4352
258 165 952 266 4.9. Anatol-
862 170 1176 282 ku-
447 497 640 566 Times
439 543 817 646 Trenton J
407 645 736 747 JAN 25193
508 812 856 906 Anatol at it again.
363 878 1014 932 Little, Brown & Company have or¬
342 913 1017 966 dered a new printing of Harley Gran¬
342 961 1014 1002 ville Barker excellent paraphrase, for
327 994 1018 1039 the English stage, of Schnitzlers
331 1024 1032 1064 series of dialogues, "Anatol," which has
342 1065 1017 1107 just gone on the boards at the Lyceum
342 1100 1023 1138 Theatre, New York City, with Joseph
346 1131 1018 1168 Schildkraut in the leading role, sup¬
342 1165 1017 1213 ported by Miram Hopins, Patricia
339 1200 1015 1240 Collinge, Ann Forrest. Denne More,
331 1233 1017 1300 Rutheima Stevens, and Walter Con¬
332 1264 448 1327 nolly.
445 1795 1386 1952 Nul ne
336 1972 1339 2071 Sunday, January 25, 1931
634 3565 1146 3621 JOSEPH SCHILDRAUT
1195 3600 1428 3664 Auto," at
361 3621 1159 3690 As He Appears in Arthur Schnitzlers
1195 3653 1425 3714 (Vadamm.)
700 3651 1104 3723 the Lyceum Theatre.
1366 155 1723 247 box 9/4
2213 1356 2792 1453 HEMSTREET
2241 1420 2763 1499 96 WARREN STREET
2284 1477 2732 1592 NEW YORK CITY
2264 1584 2706 1675 TIME MAGAZINE
2162 1685 2868 1760 Anatol, written in 1893, was Dr.
2118 1742 2868 1808 Arthur Schnitzler's first play, an ironic,
2123 1790 2873 1855 sentimental chronicle of love in Vienna.
2136 1828 2874 1889 Though it breathes of pre-War matinee¬
2127 1877 2878 1936 idolatry (John Barrymore played Gran¬
2127 1909 2890 1984 ville-Barker's able translation of it in
2136 1945 2878 2013 1912), it has yet some durable qualities
2136 1995 2882 2056 wit, grace, ebullience. Viennese Joseph
2131 2033 2884 2100 Schildkraut plays Anatol unevenly, not
2136 2073 2879 2146 always bringing him to life. Offstage
2133 2112 2877 2178 waltzes by Johann Strauss gave the pla¬
2134 2157 2885 2237 authentic Alt Wien atmosphere, which is
2136 2202 2882 2274 almost all it needs. The plot" is merely
2133 2253 2887 2309 a half-dozen amorous episodes, uncon¬
2146 2289 2883 2347 nected except by the busy hero. Best per¬
2146 2338 2883 2385 formance is that of Patricia Collinge,
2146 2370 2893 2430 subtle and wistful as a lady who might
2148 2406 2887 2471 have loved Anatol but never dared
2144 2446 2893 2527 Blonde Miriam Hopkins is raucously
2151 2490 2711 2572 amusing as a guzzling showgirl.
