<?xml version="1.0" encoding="UTF-8" standalone="yes"?>
<PcGts xmlns="http://schema.primaresearch.org/PAGE/gts/pagecontent/2013-07-15" xmlns:xsi="http://www.w3.org/2001/XMLSchema-instance" xsi:schemaLocation="http://schema.primaresearch.org/PAGE/gts/pagecontent/2013-07-15 http://schema.primaresearch.org/PAGE/gts/pagecontent/2013-07-15/pagecontent.xsd">
    <Metadata>
        <Creator>prov=READ-COOP:name=PyLaia@TranskribusPlatform:version=2.12.1:model_id=39995:lm=provided:date=29_03_2024_01:46</Creator>
        <Created>2019-10-07T11:49:29.972+02:00</Created>
        <LastChange>2024-03-29T01:46:38.750+01:00</LastChange>
        <TranskribusMetadata docId="223994" pageId="9504232" pageNr="56" tsid="156430094" status="IN_PROGRESS" userId="40391" imgUrl="https://files.transkribus.eu/Get?id=BOENVIGRNAENTYQJUUZNEJSO&amp;fileType=view" xmlUrl="https://files.transkribus.eu/Get?id=TCUGNVHXXVUKBWERPMZFCRKS" imageId="6194446"/>
    </Metadata>
    <Page imageFilename="223994_0056.jpeg" imageWidth="3436" imageHeight="4256">
        <ReadingOrder>
            <OrderedGroup id="ro_1712662513766" caption="Regions reading order">
                <RegionRefIndexed index="0" regionRef="tr_1"/>
                <RegionRefIndexed index="1" regionRef="tr_2"/>
            </OrderedGroup>
        </ReadingOrder>
        <TextRegion orientation="0.0" id="tr_1" custom="readingOrder {index:0;}">
            <Coords points="322,200 322,3678 1787,3678 1787,200"/>
            <TextLine id="tr_1_tl_1" custom="readingOrder {index:0;}">
                <Coords points="1420,232 1554,241 1623,222 1708,251 1757,251 1781,240 1783,160 1655,161 1567,182 1510,163 1420,179"/>
                <Baseline points="1429,223 1454,223 1480,223 1505,225 1531,226 1556,226 1582,227 1608,229 1633,227 1659,226 1684,224 1710,222 1735,220 1761,220 1787,220"/>
                <TextEquiv>
                    <Unicode>box 8/5</Unicode>
                </TextEquiv>
            </TextLine>
            <TextLine id="tr_1_tl_2" custom="readingOrder {index:1;}">
                <Coords points="313,236 601,270 1259,262 1260,187 1227,171 974,168 871,206 781,168 315,195"/>
                <Baseline points="322,232 369,238 416,238 463,238 510,237 557,235 604,235 652,234 699,232 746,232 793,232 840,232 887,226 934,226 982,229 1029,230 1076,232 1123,231 1170,229 1217,229 1265,229"/>
                <TextEquiv>
                    <Unicode>4.9. Anatol - Zyklus</Unicode>
                </TextEquiv>
            </TextLine>
            <TextLine id="tr_1_tl_3" custom="readingOrder {index:2;}">
                <Coords points="904,626 939,612 982,631 1022,617 1056,628 1077,621 1093,634 1177,628 1177,562 1134,562 1104,545 1077,545 1053,564 1008,553 962,580 944,570 904,578"/>
                <Baseline points="913,608 939,611 966,615 993,616 1020,615 1047,611 1073,613 1100,614 1127,614 1154,615 1181,617"/>
                <TextEquiv>
                    <Unicode>burg, Poronto.</Unicode>
                </TextEquiv>
            </TextLine>
            <TextLine id="tr_1_tl_4" custom="readingOrder {index:3;}">
                <Coords points="861,660 917,673 939,658 970,679 1032,676 1069,655 1112,668 1137,655 1192,658 1228,673 1227,610 1112,634 1029,617 952,625 912,605 859,625"/>
                <Baseline points="868,647 894,647 920,647 946,647 972,648 998,650 1024,650 1050,650 1076,650 1102,651 1128,652 1154,653 1180,653 1206,653 1232,653"/>
                <TextEquiv>
                    <Unicode>Quellenangabe ohne Gewähr.)</Unicode>
                </TextEquiv>
            </TextLine>
            <TextLine id="tr_1_tl_5" custom="readingOrder {index:4;}">
                <Coords points="502,722 553,735 575,717 599,733 645,719 682,740 765,717 815,746 843,725 883,732 882,661 802,658 775,642 641,674 567,658 500,676"/>
                <Baseline points="510,710 535,710 560,710 585,710 610,711 635,712 660,713 685,713 710,713 735,713 760,715 785,716 810,716 835,716 860,716 886,719"/>
                <TextEquiv>
                    <Unicode>Ausschnitt aus:</Unicode>
                </TextEquiv>
            </TextLine>
            <TextLine id="tr_1_tl_6" custom="readingOrder {index:5;}">
                <Coords points="498,831 1379,869 1377,778 1286,767 498,765"/>
                <Baseline points="507,823 550,829 594,829 638,829 681,826 725,823 769,823 812,825 856,826 900,826 944,826 987,828 1031,827 1075,826 1118,828 1162,829 1206,833 1249,837 1293,840 1337,841 1381,847"/>
                <TextEquiv>
                    <Unicode>vom Leinen Zeitung</Unicode>
                </TextEquiv>
            </TextLine>
            <TextLine id="tr_1_tl_7" custom="readingOrder {index:6;}">
                <Coords points="891,1032 949,1021 986,1034 1050,1026 1075,1040 1102,1029 1181,1045 1227,1035 1224,982 1129,981 1094,954 1026,966 966,941 938,960 888,963"/>
                <Baseline points="898,1002 923,1007 948,1011 974,1013 999,1015 1025,1017 1050,1018 1076,1020 1101,1022 1127,1023 1152,1025 1178,1025 1203,1024 1229,1023"/>
                <TextEquiv>
                    <Unicode>Premieren.</Unicode>
                </TextEquiv>
            </TextLine>
            <TextLine id="tr_1_tl_8" custom="readingOrder {index:7;}">
                <Coords points="1184,1089 1625,1110 1621,1046 1556,1056 1471,1034 1375,1061 1280,1019 1182,1038"/>
                <Baseline points="1193,1074 1218,1077 1244,1080 1269,1082 1295,1084 1321,1086 1346,1087 1372,1089 1398,1089 1423,1089 1449,1091 1475,1093 1500,1095 1526,1095 1552,1095 1577,1097 1603,1098 1629,1098"/>
                <TextEquiv>
                    <Unicode>Berlin, 3. Dezember.</Unicode>
                </TextEquiv>
            </TextLine>
            <TextLine id="tr_1_tl_9" custom="readingOrder {index:8;}">
                <Coords points="474,1105 1596,1161 1682,1155 1681,1110 804,1051 676,1080 471,1037"/>
                <Baseline points="483,1092 543,1096 603,1100 663,1104 723,1105 783,1109 843,1110 904,1111 964,1118 1024,1122 1084,1123 1144,1125 1204,1128 1264,1131 1325,1134 1385,1137 1445,1138 1505,1142 1565,1146 1625,1148 1686,1149"/>
                <TextEquiv>
                    <Unicode>Während das „Neue Schauspielhaus" sich zur Hebung seines</Unicode>
                </TextEquiv>
            </TextLine>
            <TextLine id="tr_1_tl_10" custom="readingOrder {index:9;}">
                <Coords points="414,1137 1679,1195 1639,1152 663,1123 412,1075"/>
                <Baseline points="423,1128 486,1132 549,1136 612,1141 675,1145 738,1146 801,1147 864,1152 927,1155 990,1157 1053,1160 1116,1164 1179,1169 1242,1170 1305,1172 1368,1175 1431,1177 1494,1181 1557,1184 1620,1186 1683,1187"/>
                <TextEquiv>
                    <Unicode>immer mehr am Historischen hängenden Spielplans den Mephisto der</Unicode>
                </TextEquiv>
            </TextLine>
            <TextLine id="tr_1_tl_11" custom="readingOrder {index:10;}">
                <Coords points="411,1181 1681,1235 1677,1192 409,1137"/>
                <Baseline points="420,1169 483,1173 546,1175 609,1179 672,1183 735,1184 798,1188 862,1193 925,1196 988,1198 1051,1199 1114,1205 1177,1208 1240,1211 1304,1211 1367,1214 1430,1219 1493,1220 1556,1224 1619,1226 1683,1226"/>
                <TextEquiv>
                    <Unicode>Alt=Wiener Posse, Johann Nestroy, und seinen dreiaktigen Schwank</Unicode>
                </TextEquiv>
            </TextLine>
            <TextLine id="tr_1_tl_12" custom="readingOrder {index:11;}">
                <Coords points="401,1235 1637,1297 1671,1233 398,1176"/>
                <Baseline points="408,1217 471,1214 534,1216 598,1221 661,1223 725,1226 788,1229 852,1234 915,1236 979,1240 1042,1244 1105,1246 1169,1250 1232,1248 1296,1252 1359,1254 1423,1261 1486,1265 1550,1265 1613,1268 1677,1265"/>
                <TextEquiv>
                    <Unicode>„Der Zerrissene" verschrieb, rekonstruierte das „Lessing¬</Unicode>
                </TextEquiv>
            </TextLine>
            <TextLine id="tr_1_tl_13" custom="readingOrder {index:12;}">
                <Coords points="355,1351 1625,1337 1613,1300 1192,1300 1088,1262 355,1307"/>
                <Baseline points="364,1340 427,1340 490,1340 553,1340 617,1339 680,1339 743,1337 806,1337 870,1337 933,1337 996,1337 1059,1337 1123,1337 1186,1334 1249,1334 1312,1331 1376,1331 1439,1331 1502,1331 1565,1333 1629,1328"/>
                <TextEquiv>
                    <Unicode>theater“ mit der Aufführung von fünf Anatol-Einaktern, die zu</Unicode>
                </TextEquiv>
            </TextLine>
            <TextLine id="tr_1_tl_14" custom="readingOrder {index:13;}">
                <Coords points="351,1380 1628,1380 1605,1334 351,1363"/>
                <Baseline points="361,1378 424,1381 488,1381 551,1381 615,1380 678,1378 742,1381 805,1379 869,1378 932,1375 996,1375 1060,1375 1123,1375 1187,1375 1250,1372 1314,1375 1377,1372 1441,1372 1504,1372 1568,1369 1632,1369"/>
                <TextEquiv>
                    <Unicode>einem abendfüllenden Zyklus vereint wurden, ein jüngeres Bildnis</Unicode>
                </TextEquiv>
            </TextLine>
            <TextLine id="tr_1_tl_15" custom="readingOrder {index:14;}">
                <Coords points="775,1425 1625,1415 1625,1375 775,1390"/>
                <Baseline points="784,1420 826,1417 868,1417 910,1417 953,1417 995,1417 1037,1417 1079,1415 1122,1416 1164,1415 1206,1414 1248,1414 1291,1414 1333,1414 1375,1414 1417,1413 1460,1411 1502,1411 1544,1411 1586,1411 1629,1408"/>
                <TextEquiv>
                    <Unicode>s aus der Zeit von vor siebzehn Jahren: aus</Unicode>
                </TextEquiv>
            </TextLine>
            <TextLine id="tr_1_tl_16" custom="readingOrder {index:15;}">
                <Coords points="358,1428 380,1423 398,1441 427,1436 462,1451 556,1449 556,1390 524,1385 487,1393 460,1383 423,1396 406,1385 358,1387"/>
                <Baseline points="367,1423 394,1420 421,1420 448,1420 476,1420 503,1420 530,1420 558,1420"/>
                <TextEquiv>
                    <Unicode>Art</Unicode>
                </TextEquiv>
            </TextLine>
            <TextLine id="tr_1_tl_17" custom="readingOrder {index:16;}">
                <Coords points="708,1460 1628,1460 1628,1415 708,1433"/>
                <Baseline points="716,1453 761,1456 807,1456 853,1456 899,1458 945,1459 990,1459 1036,1459 1082,1457 1128,1456 1174,1454 1219,1455 1265,1456 1311,1454 1357,1453 1403,1456 1448,1456 1494,1453 1540,1453 1586,1453 1632,1450"/>
                <TextEquiv>
                    <Unicode>dreißigjährige noch nicht zwischen Ibsen und</Unicode>
                </TextEquiv>
            </TextLine>
            <TextLine id="tr_1_tl_18" custom="readingOrder {index:17;}">
                <Coords points="364,1495 1625,1503 1625,1459 1558,1454 364,1478"/>
                <Baseline points="373,1492 435,1496 498,1498 561,1500 624,1498 687,1501 749,1498 812,1498 875,1498 938,1496 1001,1498 1063,1498 1126,1496 1189,1495 1252,1495 1315,1495 1377,1495 1440,1495 1503,1492 1566,1492 1629,1495"/>
                <TextEquiv>
                    <Unicode>— Sardou stand, sondern dass von Richard Dehmel mit tiefem Ernst</Unicode>
                </TextEquiv>
            </TextLine>
            <TextLine id="tr_1_tl_19" custom="readingOrder {index:18;}">
                <Coords points="355,1545 1634,1540 1530,1492 355,1498"/>
                <Baseline points="364,1540 427,1537 491,1540 555,1540 618,1540 682,1540 746,1540 809,1538 873,1537 937,1537 1001,1535 1064,1537 1128,1539 1192,1537 1255,1536 1319,1534 1383,1535 1446,1535 1510,1534 1574,1532 1638,1534"/>
                <TextEquiv>
                    <Unicode>angeschlagene Thema „Weib und Welt“, im lässig heiteren Sinne variierte.</Unicode>
                </TextEquiv>
            </TextLine>
            <TextLine id="tr_1_tl_20" custom="readingOrder {index:19;}">
                <Coords points="351,1582 1625,1586 1625,1538 1577,1535 351,1545"/>
                <Baseline points="361,1575 424,1581 487,1579 551,1578 614,1580 678,1578 741,1578 804,1578 868,1578 931,1578 995,1578 1058,1578 1121,1580 1185,1578 1248,1575 1312,1575 1375,1575 1438,1575 1502,1577 1565,1572 1629,1572"/>
                <TextEquiv>
                    <Unicode>Man hat diese galanten Lustspiel-Intermezzi schon häufig aufgeführt,</Unicode>
                </TextEquiv>
            </TextLine>
            <TextLine id="tr_1_tl_21" custom="readingOrder {index:20;}">
                <Coords points="355,1628 1628,1621 1604,1578 355,1583"/>
                <Baseline points="364,1620 427,1620 490,1620 554,1620 617,1620 681,1620 744,1620 807,1620 871,1620 934,1622 998,1623 1061,1622 1124,1618 1188,1617 1251,1616 1315,1617 1378,1616 1441,1616 1505,1617 1568,1614 1632,1614"/>
                <TextEquiv>
                    <Unicode>die „Episode", die gestern zwischen „Frage an das Schicksal", „Weih¬</Unicode>
                </TextEquiv>
            </TextLine>
            <TextLine id="tr_1_tl_22" custom="readingOrder {index:21;}">
                <Coords points="358,1666 1626,1665 1626,1617 358,1625"/>
                <Baseline points="367,1659 430,1659 493,1659 556,1659 619,1660 682,1659 745,1659 808,1659 871,1659 934,1659 998,1662 1061,1661 1124,1659 1187,1659 1250,1657 1313,1656 1376,1656 1439,1656 1502,1656 1565,1656 1629,1653"/>
                <TextEquiv>
                    <Unicode>nachtseinkäufe", „Abschiedssouper" und „Anatols Hochzeitsmorgen" stand,</Unicode>
                </TextEquiv>
            </TextLine>
            <TextLine id="tr_1_tl_23" custom="readingOrder {index:22;}">
                <Coords points="364,1708 1628,1705 1599,1658 364,1668"/>
                <Baseline points="373,1698 439,1701 505,1701 571,1701 638,1701 704,1701 770,1701 836,1701 903,1701 969,1699 1035,1701 1101,1701 1168,1701 1234,1698 1300,1698 1366,1695 1433,1697 1499,1698 1565,1695 1632,1698"/>
                <TextEquiv>
                    <Unicode>hier und da durch die ernsthafter gearteten „Denksteine" ersetzt, aber</Unicode>
                </TextEquiv>
            </TextLine>
            <TextLine id="tr_1_tl_24" custom="readingOrder {index:23;}">
                <Coords points="351,1752 1628,1743 1594,1698 351,1709"/>
                <Baseline points="361,1742 424,1742 488,1740 551,1742 615,1742 678,1742 742,1742 805,1740 869,1740 932,1741 996,1740 1060,1740 1123,1741 1187,1740 1250,1740 1314,1737 1377,1737 1441,1737 1504,1736 1568,1734 1632,1737"/>
                <TextEquiv>
                    <Unicode>immer den Kunstbau des Anatol-Komplexes zerstückt, indem man — für</Unicode>
                </TextEquiv>
            </TextLine>
            <TextLine id="tr_1_tl_25" custom="readingOrder {index:24;}">
                <Coords points="358,1792 1634,1784 1618,1741 358,1754"/>
                <Baseline points="367,1781 430,1781 494,1782 557,1781 621,1781 684,1781 748,1781 811,1781 875,1781 938,1781 1002,1781 1066,1781 1129,1779 1193,1781 1256,1778 1320,1778 1383,1778 1447,1778 1510,1772 1574,1774 1638,1778"/>
                <TextEquiv>
                    <Unicode>ein lever de rideau oder den Abschluß eines Theaterabends — nur</Unicode>
                </TextEquiv>
            </TextLine>
            <TextLine id="tr_1_tl_26" custom="readingOrder {index:25;}">
                <Coords points="355,1823 1631,1831 1631,1781 1559,1773 355,1792"/>
                <Baseline points="364,1820 427,1820 491,1823 554,1823 618,1820 681,1820 745,1823 808,1823 872,1823 935,1824 999,1824 1063,1820 1126,1820 1190,1823 1253,1820 1317,1823 1380,1818 1444,1820 1507,1817 1571,1817 1635,1817"/>
                <TextEquiv>
                    <Unicode>einzelne der Einakter aus dem Zusammenhang riß. Das geht nicht!</Unicode>
                </TextEquiv>
            </TextLine>
            <TextLine id="tr_1_tl_27" custom="readingOrder {index:26;}">
                <Coords points="361,1871 1634,1864 1572,1820 361,1824"/>
                <Baseline points="370,1862 433,1862 496,1862 560,1862 623,1862 687,1862 750,1862 813,1865 877,1862 940,1862 1004,1862 1067,1862 1130,1862 1194,1859 1257,1859 1321,1859 1384,1859 1447,1859 1511,1859 1574,1857 1638,1859"/>
                <TextEquiv>
                    <Unicode>Nur wenn man diesem Faublas der Neu=Wiener Decadence, der seine</Unicode>
                </TextEquiv>
            </TextLine>
            <TextLine id="tr_1_tl_28" custom="readingOrder {index:27;}">
                <Coords points="361,1914 1637,1912 1637,1867 1471,1861 361,1871"/>
                <Baseline points="370,1904 433,1901 497,1901 560,1901 624,1901 687,1901 751,1901 814,1904 878,1904 941,1903 1005,1901 1069,1901 1132,1903 1196,1901 1259,1901 1323,1898 1386,1900 1450,1898 1513,1898 1577,1898 1641,1901"/>
                <TextEquiv>
                    <Unicode>Liebesevolutionen vor dem Spiegel einstudiert, eine Zeitlang von Alkoven</Unicode>
                </TextEquiv>
            </TextLine>
            <TextLine id="tr_1_tl_29" custom="readingOrder {index:28;}">
                <Coords points="351,1951 1631,1949 1578,1903 351,1914"/>
                <Baseline points="361,1945 424,1942 488,1942 552,1944 615,1942 679,1942 743,1942 806,1942 870,1942 934,1942 998,1942 1061,1942 1125,1944 1189,1942 1252,1939 1316,1939 1380,1941 1443,1941 1507,1939 1571,1939 1635,1942"/>
                <TextEquiv>
                    <Unicode>zu Alkoven, von Abenteuer zu Abenteuer folgt, wird man ganz verstehen,</Unicode>
                </TextEquiv>
            </TextLine>
            <TextLine id="tr_1_tl_30" custom="readingOrder {index:29;}">
                <Coords points="387,1990 1625,1986 1596,1944 387,1959"/>
                <Baseline points="396,1988 457,1982 519,1984 580,1984 642,1984 704,1982 765,1981 827,1981 889,1981 950,1981 1012,1983 1074,1981 1135,1981 1197,1981 1259,1981 1320,1981 1382,1981 1444,1980 1505,1980 1567,1978 1629,1978"/>
                <TextEquiv>
                    <Unicode>welche scharfe, zynische Menschenkritik in den Einzelheiten dieses ge¬</Unicode>
                </TextEquiv>
            </TextLine>
            <TextLine id="tr_1_tl_31" custom="readingOrder {index:30;}">
                <Coords points="364,2032 1634,2032 1634,1994 1558,1979 364,1992"/>
                <Baseline points="373,2017 436,2023 499,2023 562,2023 626,2023 689,2023 752,2023 815,2023 879,2023 942,2025 1005,2023 1068,2023 1132,2023 1195,2020 1258,2020 1321,2020 1385,2020 1448,2020 1511,2020 1574,2017 1638,2020"/>
                <TextEquiv>
                    <Unicode>fälligen Spieles eingeschlossen liegt; man wird begreifen, wie Schnitzler</Unicode>
                </TextEquiv>
            </TextLine>
            <TextLine id="tr_1_tl_32" custom="readingOrder {index:31;}">
                <Coords points="361,2077 1637,2072 1602,2024 361,2032"/>
                <Baseline points="370,2065 433,2065 497,2065 560,2065 624,2062 687,2064 751,2065 814,2065 878,2065 941,2063 1005,2063 1069,2063 1132,2063 1196,2062 1259,2062 1323,2062 1386,2060 1450,2062 1513,2062 1577,2060 1641,2062"/>
                <TextEquiv>
                    <Unicode>hier nur in der Form gallisch anmutig ist (ein klügerer Capus, ein</Unicode>
                </TextEquiv>
            </TextLine>
            <TextLine id="tr_1_tl_33" custom="readingOrder {index:32;}">
                <Coords points="358,2118 1631,2109 1570,2059 358,2072"/>
                <Baseline points="367,2104 430,2104 493,2104 557,2104 620,2104 684,2104 747,2104 810,2104 874,2104 937,2102 1001,2104 1064,2104 1127,2104 1191,2101 1254,2101 1318,2101 1381,2101 1444,2101 1508,2101 1571,2099 1635,2098"/>
                <TextEquiv>
                    <Unicode>munterer Donnay), wie er aber in der Tat mit dem rücksichtslosen Sar¬</Unicode>
                </TextEquiv>
            </TextLine>
            <TextLine id="tr_1_tl_34" custom="readingOrder {index:33;}">
                <Coords points="364,2157 1641,2149 1641,2115 1551,2104 364,2115"/>
                <Baseline points="373,2142 436,2145 500,2145 563,2145 627,2143 690,2142 754,2144 817,2142 881,2144 944,2144 1008,2144 1072,2144 1135,2145 1199,2142 1262,2142 1326,2141 1389,2141 1453,2142 1516,2142 1580,2139 1644,2142"/>
                <TextEquiv>
                    <Unicode>kasmus Nestroys die Empfindungen seinen Nachbarn, seiner Nachbarinnen</Unicode>
                </TextEquiv>
            </TextLine>
            <TextLine id="tr_1_tl_35" custom="readingOrder {index:34;}">
                <Coords points="358,2190 1634,2187 1612,2144 358,2153"/>
                <Baseline points="367,2184 430,2184 494,2185 557,2187 621,2184 684,2184 748,2184 811,2184 875,2184 938,2184 1002,2184 1066,2184 1129,2184 1193,2184 1256,2183 1320,2181 1383,2181 1447,2181 1510,2181 1574,2181 1638,2181"/>
                <TextEquiv>
                    <Unicode>und nicht zum wenigsten seine eigenen auf ihre Echtheit nachprüft. Das</Unicode>
                </TextEquiv>
            </TextLine>
            <TextLine id="tr_1_tl_36" custom="readingOrder {index:35;}">
                <Coords points="358,2236 1634,2232 1634,2185 358,2192"/>
                <Baseline points="367,2226 430,2226 494,2226 557,2226 621,2226 684,2226 748,2226 811,2226 875,2226 938,2224 1002,2226 1066,2224 1129,2226 1193,2223 1256,2223 1320,2223 1383,2223 1447,2223 1510,2223 1574,2221 1638,2220"/>
                <TextEquiv>
                    <Unicode>Resultat: ein Hohngelächter, wenn es auch hinter den Portieren des</Unicode>
                </TextEquiv>
            </TextLine>
            <TextLine id="tr_1_tl_37" custom="readingOrder {index:36;}">
                <Coords points="367,2278 1636,2273 1609,2227 367,2235"/>
                <Baseline points="376,2271 439,2270 502,2268 565,2268 628,2267 691,2268 754,2268 817,2270 880,2268 943,2268 1007,2265 1070,2266 1133,2266 1196,2265 1259,2265 1322,2262 1385,2266 1448,2266 1511,2262 1574,2262 1638,2265"/>
                <TextEquiv>
                    <Unicode>Anatol-Salons ein wenig gedämpft kling. Nichts von Heldentum in</Unicode>
                </TextEquiv>
            </TextLine>
            <TextLine id="tr_1_tl_38" custom="readingOrder {index:37;}">
                <Coords points="361,2320 1637,2313 1613,2265 361,2276"/>
                <Baseline points="370,2307 433,2310 497,2310 560,2307 624,2307 687,2307 751,2307 814,2307 878,2307 941,2307 1005,2305 1069,2309 1132,2307 1196,2307 1259,2304 1323,2304 1386,2304 1450,2304 1513,2304 1577,2304 1641,2307"/>
                <TextEquiv>
                    <Unicode>dieser Liebesmelodie, die fast von Talt zu Takt die Themen wechselt.</Unicode>
                </TextEquiv>
            </TextLine>
            <TextLine id="tr_1_tl_39" custom="readingOrder {index:38;}">
                <Coords points="367,2361 1636,2352 1636,2315 1537,2307 367,2316"/>
                <Baseline points="376,2348 439,2348 502,2348 565,2348 628,2348 691,2348 754,2348 817,2348 880,2348 943,2348 1007,2348 1070,2347 1133,2345 1196,2345 1259,2347 1322,2345 1385,2345 1448,2343 1511,2342 1574,2342 1638,2345"/>
                <TextEquiv>
                    <Unicode>Nein: mit schneidender Aufrichtigkeit geben Anatol, der Dichter=Viveur</Unicode>
                </TextEquiv>
            </TextLine>
            <TextLine id="tr_1_tl_40" custom="readingOrder {index:39;}">
                <Coords points="367,2393 1636,2391 1636,2352 1561,2348 367,2361"/>
                <Baseline points="376,2390 439,2390 502,2388 565,2390 628,2387 691,2390 754,2389 817,2389 880,2390 943,2387 1007,2387 1070,2389 1133,2387 1196,2384 1259,2384 1322,2384 1385,2384 1448,2384 1511,2387 1574,2384 1638,2381"/>
                <TextEquiv>
                    <Unicode>mit der Stirnlocke, geben die Zerlinen, die dem modernen Don Juan</Unicode>
                </TextEquiv>
            </TextLine>
            <TextLine id="tr_1_tl_41" custom="readingOrder {index:40;}">
                <Coords points="364,2435 1634,2438 1615,2390 364,2395"/>
                <Baseline points="373,2432 436,2429 499,2431 562,2429 626,2429 689,2429 752,2430 815,2430 879,2429 942,2427 1005,2429 1068,2426 1132,2426 1195,2426 1258,2426 1321,2426 1385,2426 1448,2426 1511,2426 1574,2425 1638,2426"/>
                <TextEquiv>
                    <Unicode>in sein Palais folgen, zu, daß es ihnen allen weniger darauf ankommt,</Unicode>
                </TextEquiv>
            </TextLine>
            <TextLine id="tr_1_tl_42" custom="readingOrder {index:41;}">
                <Coords points="367,2478 1631,2475 1631,2433 1548,2427 367,2446"/>
                <Baseline points="376,2471 442,2471 508,2471 574,2471 641,2469 707,2468 773,2468 839,2470 906,2468 972,2470 1038,2468 1104,2468 1171,2468 1237,2465 1303,2468 1369,2468 1436,2465 1502,2465 1568,2465 1635,2462"/>
                <TextEquiv>
                    <Unicode>echte Gefühle ausströmen zu lassen, als geschickt die Stichworte der Ge¬</Unicode>
                </TextEquiv>
            </TextLine>
            <TextLine id="tr_1_tl_43" custom="readingOrder {index:42;}">
                <Coords points="364,2521 1637,2516 1607,2470 364,2484"/>
                <Baseline points="373,2513 436,2510 499,2511 563,2510 626,2510 690,2510 753,2510 816,2512 880,2510 943,2510 1007,2510 1070,2508 1133,2508 1197,2507 1260,2507 1324,2507 1387,2507 1450,2507 1514,2507 1577,2504 1641,2504"/>
                <TextEquiv>
                    <Unicode>fühlsrolle zu bringen; daß sie Puppenspieler und spielerinnen sind, denen</Unicode>
                </TextEquiv>
            </TextLine>
            <TextLine id="tr_1_tl_44" custom="readingOrder {index:43;}">
                <Coords points="364,2566 1637,2558 1613,2510 364,2522"/>
                <Baseline points="373,2551 436,2551 499,2551 563,2551 626,2550 690,2550 753,2548 816,2551 880,2548 943,2548 1007,2551 1070,2548 1133,2548 1197,2548 1260,2545 1324,2545 1387,2545 1450,2545 1514,2545 1577,2543 1641,2542"/>
                <TextEquiv>
                    <Unicode>das Wahrhaftigkeitsexamen ohne weiteres die Larve von den zur Gri¬</Unicode>
                </TextEquiv>
            </TextLine>
            <TextLine id="tr_1_tl_45" custom="readingOrder {index:44;}">
                <Coords points="364,2609 1610,2585 1548,2550 364,2566"/>
                <Baseline points="373,2596 435,2596 497,2593 559,2593 621,2591 683,2590 745,2590 807,2590 869,2590 931,2590 993,2593 1055,2588 1117,2590 1179,2587 1241,2587 1303,2587 1365,2587 1427,2587 1489,2587 1551,2587 1614,2584"/>
                <TextEquiv>
                    <Unicode>masse heuchlerischer Süßlichkeit verzogenen Gesichtern reißen müßte. —</Unicode>
                </TextEquiv>
            </TextLine>
            <TextLine id="tr_1_tl_46" custom="readingOrder {index:45;}">
                <Coords points="371,2647 1562,2642 1636,2633 1637,2591 372,2604"/>
                <Baseline points="379,2635 442,2635 505,2635 568,2635 631,2634 694,2632 757,2632 820,2634 883,2632 946,2632 1010,2632 1073,2629 1136,2629 1199,2629 1262,2627 1325,2626 1388,2626 1451,2626 1514,2629 1577,2624 1641,2623"/>
                <TextEquiv>
                    <Unicode>Bei der Aufführung des „Lessingtheaters“ sah man diese Grimasse in</Unicode>
                </TextEquiv>
            </TextLine>
            <TextLine id="tr_1_tl_47" custom="readingOrder {index:46;}">
                <Coords points="367,2689 1637,2677 1602,2628 367,2650"/>
                <Baseline points="376,2677 439,2674 502,2674 565,2674 629,2674 692,2674 755,2671 818,2671 882,2674 945,2671 1008,2671 1071,2671 1135,2671 1198,2668 1261,2668 1324,2668 1388,2667 1451,2667 1514,2668 1577,2665 1641,2668"/>
                <TextEquiv>
                    <Unicode>einem Falle mehr als es gut war. Denn Herr Mounas (Anatol)</Unicode>
                </TextEquiv>
            </TextLine>
            <TextLine id="tr_1_tl_48" custom="readingOrder {index:47;}">
                <Coords points="363,2724 1636,2724 1593,2669 364,2685"/>
                <Baseline points="373,2715 436,2715 499,2715 563,2712 626,2712 690,2712 753,2709 816,2711 880,2709 943,2709 1007,2712 1070,2711 1133,2709 1197,2709 1260,2708 1324,2709 1387,2707 1450,2707 1514,2707 1577,2707 1641,2707"/>
                <TextEquiv>
                    <Unicode>erhob die kokette Gespreiztheit, welche die ewig düpierte Unwiderstehlich¬</Unicode>
                </TextEquiv>
            </TextLine>
            <TextLine id="tr_1_tl_49" custom="readingOrder {index:48;}">
                <Coords points="364,2764 1574,2759 1574,2716 1505,2714 364,2727"/>
                <Baseline points="373,2757 433,2756 493,2754 553,2754 614,2754 674,2754 734,2754 794,2753 855,2754 915,2751 975,2751 1035,2751 1096,2751 1156,2751 1216,2748 1276,2748 1337,2750 1397,2748 1457,2748 1517,2748 1578,2748"/>
                <TextEquiv>
                    <Unicode>keit des Dichterlings nur als leise ironischer Nebenion geleiten darf</Unicode>
                </TextEquiv>
            </TextLine>
            <TextLine id="tr_1_tl_50" custom="readingOrder {index:49;}">
                <Coords points="363,2796 1637,2796 1628,2754 364,2764"/>
                <Baseline points="373,2787 436,2796 499,2796 563,2793 626,2795 690,2793 753,2793 816,2793 880,2793 943,2793 1007,2793 1070,2793 1133,2791 1197,2790 1260,2790 1324,2787 1387,2786 1450,2790 1514,2790 1577,2787 1641,2784"/>
                <TextEquiv>
                    <Unicode>so macht es in dieser Rolle Josef Farno, jetzt in Wien —, zum führen¬</Unicode>
                </TextEquiv>
            </TextLine>
            <TextLine id="tr_1_tl_51" custom="readingOrder {index:50;}">
                <Coords points="364,2852 1637,2840 1637,2792 364,2796"/>
                <Baseline points="373,2838 436,2838 499,2835 563,2835 626,2835 690,2835 753,2832 816,2833 880,2832 943,2832 1007,2832 1070,2832 1133,2832 1197,2829 1260,2829 1324,2829 1387,2829 1450,2829 1514,2826 1577,2829 1641,2829"/>
                <TextEquiv>
                    <Unicode>den Charakterzug seines Bildes. Das aber verdarb der Rolle das Kon¬</Unicode>
                </TextEquiv>
            </TextLine>
            <TextLine id="tr_1_tl_52" custom="readingOrder {index:51;}">
                <Coords points="364,2885 1645,2877 1615,2834 364,2852"/>
                <Baseline points="373,2880 436,2877 500,2877 564,2877 628,2876 692,2876 756,2877 819,2874 883,2874 947,2874 1011,2874 1075,2874 1139,2874 1203,2871 1266,2871 1330,2871 1394,2868 1458,2868 1522,2868 1586,2868 1650,2868"/>
                <TextEquiv>
                    <Unicode>zept. Es entstand ein „Schaute mit vergnügten Sinnen", kein immerhin</Unicode>
                </TextEquiv>
            </TextLine>
            <TextLine id="tr_1_tl_53" custom="readingOrder {index:52;}">
                <Coords points="379,2939 1641,2922 1642,2876 380,2888"/>
                <Baseline points="387,2924 449,2920 512,2916 575,2915 638,2915 701,2915 764,2914 826,2914 889,2915 952,2915 1015,2915 1078,2913 1141,2913 1204,2911 1266,2909 1329,2909 1392,2909 1455,2909 1518,2908 1581,2908 1644,2909"/>
                <TextEquiv>
                    <Unicode>sympathischer Vogelfanger, dessen Bauer, aus welchen Gründen auch</Unicode>
                </TextEquiv>
            </TextLine>
            <TextLine id="tr_1_tl_54" custom="readingOrder {index:53;}">
                <Coords points="371,2976 1639,2960 1639,2922 1551,2911 371,2939"/>
                <Baseline points="379,2960 442,2958 505,2958 568,2957 631,2956 694,2954 757,2954 820,2954 883,2954 946,2952 1010,2954 1073,2951 1136,2951 1199,2951 1262,2952 1325,2948 1388,2948 1451,2948 1514,2948 1577,2948 1641,2948"/>
                <TextEquiv>
                    <Unicode>immer, dauernd gefüllt ist. Und keineswegs war zu erkennen, daß dieses</Unicode>
                </TextEquiv>
            </TextLine>
            <TextLine id="tr_1_tl_55" custom="readingOrder {index:54;}">
                <Coords points="379,3013 1639,2999 1639,2960 1567,2954 379,2971"/>
                <Baseline points="387,2996 449,2998 512,2996 575,2996 637,2996 700,2996 763,2991 825,2993 888,2994 951,2994 1014,2993 1076,2993 1139,2993 1202,2995 1264,2993 1327,2990 1390,2990 1452,2990 1515,2988 1578,2990 1641,2993"/>
                <TextEquiv>
                    <Unicode>massio-karikaturistische Porträt als erste Skizze zu Herrmann Bahrs</Unicode>
                </TextEquiv>
            </TextLine>
            <TextLine id="tr_1_tl_56" custom="readingOrder {index:55;}">
                <Coords points="393,3050 1637,3038 1637,2999 1315,2991 393,3011"/>
                <Baseline points="402,3035 467,3038 532,3038 597,3038 662,3035 728,3038 793,3035 858,3037 923,3035 988,3035 1054,3035 1119,3035 1184,3033 1249,3032 1314,3032 1380,3032 1445,3032 1510,3032 1575,3031 1641,3032"/>
                <TextEquiv>
                    <Unicode>Gustav Heink, und zu Schnitzlers „Meister Amadeus gedacht ist. Auch</Unicode>
                </TextEquiv>
            </TextLine>
            <TextLine id="tr_1_tl_57" custom="readingOrder {index:56;}">
                <Coords points="374,3093 1620,3091 1639,3037 375,3034"/>
                <Baseline points="382,3083 448,3082 514,3080 580,3080 647,3075 713,3077 779,3077 845,3077 912,3077 978,3077 1044,3075 1110,3077 1177,3074 1243,3074 1309,3072 1375,3071 1442,3069 1508,3068 1574,3071 1641,3074"/>
                <TextEquiv>
                    <Unicode>Reicher als Anatols Eckermann (Max), die Triesch als letzte Rose</Unicode>
                </TextEquiv>
            </TextLine>
            <TextLine id="tr_1_tl_58" custom="readingOrder {index:57;}">
                <Coords points="364,3130 1642,3123 1642,3086 1457,3067 364,3094"/>
                <Baseline points="373,3121 436,3124 500,3121 564,3121 627,3120 691,3115 755,3118 818,3116 882,3115 946,3115 1010,3117 1073,3115 1137,3115 1201,3112 1264,3112 1328,3112 1392,3110 1455,3112 1519,3112 1583,3112 1647,3115"/>
                <TextEquiv>
                    <Unicode>auf dem Junggesellenwege Anatols (Ilona) hatten zu viel Erdenschwere.</Unicode>
                </TextEquiv>
            </TextLine>
            <TextLine id="tr_1_tl_59" custom="readingOrder {index:58;}">
                <Coords points="371,3171 1641,3160 1641,3120 1569,3117 371,3134"/>
                <Baseline points="379,3157 442,3155 505,3160 568,3160 632,3159 695,3157 758,3154 821,3156 885,3157 948,3156 1011,3154 1074,3154 1138,3154 1201,3151 1264,3152 1327,3151 1391,3151 1454,3151 1517,3151 1580,3151 1644,3151"/>
                <TextEquiv>
                    <Unicode>Um so wirbelnder wirkte die mousserhaltige Pikanterie des Fräuleins</Unicode>
                </TextEquiv>
            </TextLine>
            <TextLine id="tr_1_tl_60" custom="readingOrder {index:59;}">
                <Coords points="371,3209 1621,3213 1644,3160 371,3169"/>
                <Baseline points="379,3202 442,3202 505,3201 569,3202 632,3201 696,3199 759,3199 822,3199 886,3199 949,3199 1013,3196 1076,3196 1139,3196 1203,3196 1266,3195 1330,3193 1393,3193 1456,3191 1520,3193 1583,3193 1647,3193"/>
                <TextEquiv>
                    <Unicode>Sussin, die der Annie im „Abschiedssouper“ zugute kam und endlich</Unicode>
                </TextEquiv>
            </TextLine>
            <TextLine id="tr_1_tl_61" custom="readingOrder {index:60;}">
                <Coords points="374,3251 1642,3238 1582,3198 374,3211"/>
                <Baseline points="382,3247 445,3243 508,3243 571,3241 634,3241 697,3241 760,3238 823,3238 886,3238 949,3239 1013,3238 1076,3238 1139,3236 1202,3235 1265,3235 1328,3235 1391,3235 1454,3235 1517,3235 1580,3234 1644,3235"/>
                <TextEquiv>
                    <Unicode>einmal Hansi Nieses hallendamenähnliche Derbheit aus dem geschmeidigen</Unicode>
                </TextEquiv>
            </TextLine>
            <TextLine id="tr_1_tl_62" custom="readingOrder {index:61;}">
                <Coords points="374,3296 1645,3289 1634,3240 374,3251"/>
                <Baseline points="382,3286 445,3283 508,3282 572,3280 635,3280 699,3280 762,3280 825,3277 889,3280 952,3280 1016,3280 1079,3277 1142,3277 1206,3277 1269,3277 1333,3274 1396,3274 1459,3276 1523,3274 1586,3274 1650,3274"/>
                <TextEquiv>
                    <Unicode>Körper dieser ramine berausdrängte. Und Frl. Lina Lossen ab</Unicode>
                </TextEquiv>
            </TextLine>
            <TextLine id="tr_1_tl_63" custom="readingOrder {index:62;}">
                <Coords points="374,3329 1642,3326 1602,3280 374,3296"/>
                <Baseline points="382,3327 445,3324 508,3319 571,3321 635,3321 698,3321 761,3320 824,3320 888,3321 951,3321 1014,3321 1077,3315 1141,3315 1204,3318 1267,3316 1330,3315 1394,3315 1457,3315 1520,3315 1583,3315 1647,3312"/>
                <TextEquiv>
                    <Unicode>mit verführerischer Schlichtheit jene anständige Frau“ in den „Weih¬</Unicode>
                </TextEquiv>
            </TextLine>
            <TextLine id="tr_1_tl_64" custom="readingOrder {index:63;}">
                <Coords points="374,3376 1650,3371 1650,3321 374,3331"/>
                <Baseline points="382,3366 445,3363 509,3363 572,3363 636,3364 699,3364 763,3360 826,3360 890,3360 953,3362 1017,3360 1081,3359 1144,3359 1208,3357 1271,3357 1335,3357 1398,3357 1462,3357 1525,3357 1589,3357 1653,3357"/>
                <TextEquiv>
                    <Unicode>nachtseinkäufen", die es Anatol gegenüber um alles gern einmal nicht</Unicode>
                </TextEquiv>
            </TextLine>
            <TextLine id="tr_1_tl_65" custom="readingOrder {index:64;}">
                <Coords points="374,3436 406,3439 462,3409 498,3419 629,3403 663,3417 751,3417 752,3380 613,3384 578,3368 375,3376"/>
                <Baseline points="382,3411 408,3407 435,3405 461,3404 488,3402 515,3402 541,3402 568,3402 595,3402 621,3402 648,3402 675,3402 701,3402 728,3402 755,3402"/>
                <TextEquiv>
                    <Unicode>gewesen wäre. . . . .</Unicode>
                </TextEquiv>
            </TextLine>
            <TextLine id="tr_1_tl_66" custom="readingOrder {index:65;}">
                <Coords points="433,3451 1645,3449 1647,3399 1513,3376 435,3409"/>
                <Baseline points="441,3444 501,3444 561,3444 622,3441 682,3441 743,3441 803,3441 864,3441 924,3441 985,3441 1045,3441 1105,3441 1166,3441 1226,3439 1287,3438 1347,3438 1408,3438 1468,3435 1529,3435 1589,3435 1650,3435"/>
                <TextEquiv>
                    <Unicode>Das Publikum amüsierte sich ausgezeichnet: so ausgezeichnet, wie es</Unicode>
                </TextEquiv>
            </TextLine>
            <TextLine id="tr_1_tl_67" custom="readingOrder {index:66;}">
                <Coords points="377,3503 1649,3486 1596,3441 377,3435"/>
                <Baseline points="385,3482 448,3485 511,3482 575,3482 638,3481 702,3482 765,3482 828,3481 892,3480 955,3480 1019,3480 1082,3479 1145,3477 1209,3477 1272,3477 1336,3477 1399,3479 1462,3477 1526,3477 1589,3477 1653,3474"/>
                <TextEquiv>
                    <Unicode>sich neuerdings im Hause Otto Brahms immer amüsiert, seit es nach den</Unicode>
                </TextEquiv>
            </TextLine>
            <TextLine id="tr_1_tl_68" custom="readingOrder {index:67;}">
                <Coords points="377,3545 1655,3548 1655,3486 1580,3478 377,3503"/>
                <Baseline points="385,3527 448,3524 512,3524 576,3524 639,3521 703,3521 767,3521 830,3519 894,3518 958,3518 1022,3518 1085,3518 1149,3518 1213,3515 1276,3518 1340,3518 1404,3516 1467,3516 1531,3518 1595,3518 1659,3518"/>
                <TextEquiv>
                    <Unicode>Erfolgen von Herrmann Bahr und Björnson dort gestattet ist, sich zu</Unicode>
                </TextEquiv>
            </TextLine>
            <TextLine id="tr_1_tl_69" custom="readingOrder {index:68;}">
                <Coords points="1089,3583 1248,3564 1334,3577 1361,3561 1407,3588 1457,3566 1599,3562 1599,3530 1545,3522 1286,3538 1089,3526"/>
                <Baseline points="1098,3557 1123,3559 1148,3560 1173,3560 1198,3559 1224,3558 1249,3557 1274,3557 1299,3557 1324,3557 1350,3559 1375,3560 1400,3560 1425,3559 1450,3557 1476,3557 1501,3557 1526,3559 1551,3560 1576,3562 1602,3563"/>
                <TextEquiv>
                    <Unicode>Walter Turszinsky.</Unicode>
                </TextEquiv>
            </TextLine>
            <TextLine id="tr_1_tl_70" custom="readingOrder {index:69;}">
                <Coords points="377,3591 554,3593 631,3564 682,3583 716,3566 749,3585 965,3577 965,3532 944,3524 379,3542"/>
                <Baseline points="387,3572 416,3570 445,3568 474,3566 503,3566 532,3565 561,3563 590,3563 619,3563 648,3563 678,3563 707,3563 736,3563 765,3562 794,3560 823,3560 852,3560 881,3560 910,3560 939,3560 969,3560"/>
                <TextEquiv>
                    <Unicode>amüsieren und nur zu amüsieren.</Unicode>
                </TextEquiv>
            </TextLine>
            <TextLine id="tr_1_tl_71" custom="readingOrder {index:70;}">
                <Coords points="559,3687 768,3703 1227,3663 1425,3700 1412,3609 562,3625"/>
                <Baseline points="570,3668 613,3668 656,3668 699,3668 742,3668 785,3666 828,3665 871,3664 914,3662 957,3661 1001,3659 1044,3658 1087,3655 1130,3652 1173,3650 1216,3649 1259,3647 1302,3644 1345,3641 1388,3641 1432,3635"/>
                <TextEquiv>
                    <Unicode></Unicode>
                </TextEquiv>
            </TextLine>
            <TextEquiv>
                <Unicode></Unicode>
            </TextEquiv>
        </TextRegion>
        <TextRegion orientation="0.0" id="tr_2" custom="readingOrder {index:1;}">
            <Coords points="1889,1452 1889,2819 3026,2819 3026,1452"/>
            <TextLine id="tr_2_tl_1" custom="readingOrder {index:0;}">
                <Coords points="2665,1508 3022,1505 3022,1444 2968,1431 2933,1447 2856,1420 2816,1433 2772,1422 2741,1441 2708,1425 2665,1452"/>
                <Baseline points="2674,1483 2699,1481 2724,1480 2749,1480 2774,1480 2799,1480 2824,1480 2850,1480 2875,1480 2900,1480 2925,1480 2950,1480 2975,1480 3000,1480 3026,1480"/>
                <TextEquiv>
                    <Unicode>Telephon 12.801.</Unicode>
                </TextEquiv>
            </TextLine>
            <TextLine id="tr_2_tl_2" custom="readingOrder {index:1;}">
                <Coords points="2773,1588 2794,1588 2800,1583 2808,1590 2839,1578 2845,1582 2852,1578 2876,1588 2880,1508 2860,1513 2853,1506 2848,1511 2824,1513 2810,1522 2776,1521"/>
                <Baseline points="2784,1575 2816,1572 2848,1571 2880,1569"/>
                <TextEquiv>
                    <Unicode>24</Unicode>
                </TextEquiv>
            </TextLine>
            <TextLine id="tr_2_tl_3" custom="readingOrder {index:2;}">
                <Coords points="2115,1665 2189,1647 2347,1674 2433,1655 2484,1665 2492,1526 2444,1505 2377,1506 2260,1534 2209,1529 2160,1558 2121,1559"/>
                <Baseline points="2125,1650 2151,1644 2177,1641 2203,1637 2229,1635 2256,1635 2282,1634 2308,1632 2334,1630 2360,1629 2387,1627 2413,1626 2439,1626 2465,1626 2492,1625"/>
                <TextEquiv>
                    <Unicode>OBSE</Unicode>
                </TextEquiv>
            </TextLine>
            <TextLine id="tr_2_tl_4" custom="readingOrder {index:3;}">
                <Coords points="1963,1724 2976,1722 3018,1665 1965,1661"/>
                <Baseline points="1972,1710 2024,1708 2076,1707 2129,1707 2181,1706 2234,1703 2286,1701 2338,1701 2391,1701 2443,1701 2496,1701 2548,1701 2600,1701 2653,1701 2705,1701 2758,1698 2810,1701 2862,1700 2915,1700 2967,1701 3020,1698"/>
                <TextEquiv>
                    <Unicode>1. österr. beh. konz. Unternehmen für Zeitungs¬</Unicode>
                </TextEquiv>
            </TextLine>
            <TextLine id="tr_2_tl_5" custom="readingOrder {index:4;}">
                <Coords points="2166,1756 2673,1767 2807,1748 2807,1713 2773,1706 2166,1709"/>
                <Baseline points="2175,1742 2206,1742 2238,1742 2270,1742 2302,1742 2334,1742 2365,1742 2397,1740 2429,1740 2461,1740 2493,1740 2524,1740 2556,1740 2588,1740 2620,1740 2652,1741 2683,1741 2715,1740 2747,1740 2779,1740 2811,1742"/>
                <TextEquiv>
                    <Unicode>Ausschnitte und Bibliographie.</Unicode>
                </TextEquiv>
            </TextLine>
            <TextLine id="tr_2_tl_6" custom="readingOrder {index:5;}">
                <Coords points="2142,1834 2224,1813 2268,1836 2655,1834 2773,1810 2861,1834 2844,1746 2788,1778 2636,1751 2291,1778 2142,1756"/>
                <Baseline points="2151,1808 2186,1808 2222,1808 2258,1808 2293,1808 2329,1808 2365,1806 2400,1805 2436,1805 2472,1805 2508,1805 2543,1805 2579,1805 2615,1805 2650,1805 2686,1805 2722,1803 2757,1802 2793,1803 2829,1805 2865,1808"/>
                <TextEquiv>
                    <Unicode>Wien, I., Concordiaplatz 4.</Unicode>
                </TextEquiv>
            </TextLine>
            <TextLine id="tr_2_tl_7" custom="readingOrder {index:6;}">
                <Coords points="2358,1883 2427,1893 2441,1882 2586,1890 2636,1879 2636,1816 2538,1826 2524,1839 2484,1844 2447,1824 2404,1826 2395,1836 2358,1831"/>
                <Baseline points="2366,1871 2393,1873 2420,1874 2447,1874 2474,1874 2502,1874 2529,1874 2556,1874 2583,1874 2610,1874 2638,1871"/>
                <TextEquiv>
                    <Unicode>Vertretungen</Unicode>
                </TextEquiv>
            </TextLine>
            <TextLine id="tr_2_tl_8" custom="readingOrder {index:7;}">
                <Coords points="1960,1931 3021,1923 3022,1859 2965,1852 2776,1887 2273,1861 1962,1890"/>
                <Baseline points="1969,1919 2021,1919 2074,1919 2127,1919 2180,1916 2233,1916 2286,1916 2338,1916 2391,1914 2444,1913 2497,1913 2550,1914 2603,1914 2656,1913 2708,1913 2761,1913 2814,1912 2867,1910 2920,1910 2973,1910 3026,1913"/>
                <TextEquiv>
                    <Unicode>in Berlin, Brüssel, Budapest, Chicago, Cleveland, Christiania,</Unicode>
                </TextEquiv>
            </TextLine>
            <TextLine id="tr_2_tl_9" custom="readingOrder {index:8;}">
                <Coords points="1967,1965 3022,1963 2989,1915 1967,1931"/>
                <Baseline points="1975,1957 2027,1957 2080,1957 2132,1957 2185,1954 2237,1954 2290,1954 2342,1952 2395,1951 2447,1951 2500,1951 2553,1951 2605,1951 2658,1951 2710,1951 2763,1951 2815,1950 2868,1948 2920,1948 2973,1948 3026,1954"/>
                <TextEquiv>
                    <Unicode>Genf, Kopenhagen, London, Madrid, Mailand, Minneapolis,</Unicode>
                </TextEquiv>
            </TextLine>
            <TextLine id="tr_2_tl_10" custom="readingOrder {index:9;}">
                <Coords points="1967,2006 3022,2000 3022,1962 2947,1952 1967,1965"/>
                <Baseline points="1975,1996 2027,1994 2080,1996 2132,1996 2185,1995 2237,1994 2290,1994 2342,1993 2395,1990 2447,1990 2500,1990 2553,1990 2605,1992 2658,1991 2710,1990 2763,1987 2815,1988 2868,1989 2920,1985 2973,1986 3026,1984"/>
                <TextEquiv>
                    <Unicode>New-York, Paris, Rom, San Francisco, Stockholm, St. Peters¬</Unicode>
                </TextEquiv>
            </TextLine>
            <TextLine id="tr_2_tl_11" custom="readingOrder {index:10;}">
                <Coords points="2358,2046 2395,2038 2427,2050 2470,2037 2492,2046 2505,2035 2530,2048 2604,2035 2628,2042 2628,2006 2599,1998 2543,2008 2502,1995 2470,2006 2398,1995 2358,2002"/>
                <Baseline points="2366,2029 2392,2029 2419,2030 2445,2031 2472,2031 2499,2029 2525,2029 2552,2029 2578,2027 2605,2027 2632,2029"/>
                <TextEquiv>
                    <Unicode>burg, Toronto.</Unicode>
                </TextEquiv>
            </TextLine>
            <TextLine id="tr_2_tl_12" custom="readingOrder {index:11;}">
                <Coords points="2315,2094 2366,2094 2387,2075 2427,2098 2483,2080 2543,2096 2590,2075 2628,2094 2681,2094 2681,2045 2669,2043 2315,2038"/>
                <Baseline points="2324,2068 2349,2066 2375,2065 2400,2065 2426,2065 2452,2065 2477,2065 2503,2065 2529,2065 2554,2065 2580,2065 2606,2064 2631,2062 2657,2065 2683,2068"/>
                <TextEquiv>
                    <Unicode>Quellenangabe ohne Gewähr.)</Unicode>
                </TextEquiv>
            </TextLine>
            <TextLine id="tr_2_tl_13" custom="readingOrder {index:12;}">
                <Coords points="1959,2153 2029,2161 2104,2145 2235,2166 2308,2142 2336,2150 2336,2094 2243,2088 2224,2104 2168,2094 2137,2106 2104,2094 2067,2110 1960,2093"/>
                <Baseline points="1969,2142 1995,2140 2021,2142 2048,2141 2074,2139 2101,2139 2127,2139 2154,2139 2180,2139 2206,2139 2233,2139 2259,2139 2286,2139 2312,2138 2339,2136"/>
                <TextEquiv>
                    <Unicode>Ausschnitt aus:</Unicode>
                </TextEquiv>
            </TextLine>
            <TextLine id="tr_2_tl_14" custom="readingOrder {index:13;}">
                <Coords points="2361,2254 2415,2238 2559,2256 2582,2238 2685,2251 2719,2240 2717,2160 2641,2192 2535,2153 2475,2155 2417,2177 2360,2173"/>
                <Baseline points="2369,2217 2394,2219 2419,2220 2444,2222 2469,2223 2494,2223 2519,2223 2545,2223 2570,2224 2595,2226 2620,2226 2645,2226 2670,2226 2695,2226 2721,2223"/>
                <TextEquiv>
                    <Unicode>Wien</Unicode>
                </TextEquiv>
            </TextLine>
            <TextLine id="tr_2_tl_15" custom="readingOrder {index:14;}">
                <Coords points="1880,2251 1893,2252 1901,2248 1911,2257 1922,2249 1928,2251 1936,2243 1947,2248 1959,2244 1959,2182 1933,2181 1927,2187 1912,2192 1901,2189 1880,2195"/>
                <Baseline points="1889,2235 1926,2233 1963,2235"/>
                <TextEquiv>
                    <Unicode>50</Unicode>
                </TextEquiv>
            </TextLine>
            <TextLine id="tr_2_tl_16" custom="readingOrder {index:15;}">
                <Coords points="1981,2268 2000,2264 2067,2267 2112,2260 2110,2203 2091,2201 2061,2230 2038,2214 2030,2219 2016,2211 1997,2229 1979,2224"/>
                <Baseline points="1990,2256 2015,2258 2040,2259 2065,2259 2090,2259 2116,2259"/>
                <TextEquiv>
                    <Unicode>vom</Unicode>
                </TextEquiv>
            </TextLine>
            <TextLine id="tr_2_tl_17" custom="readingOrder {index:16;}">
                <Coords points="1967,2396 2923,2431 2922,2336 2551,2379 1965,2342"/>
                <Baseline points="1975,2396 2022,2396 2070,2399 2117,2399 2165,2400 2213,2402 2260,2402 2308,2402 2355,2402 2403,2402 2451,2402 2498,2404 2546,2405 2593,2405 2641,2405 2689,2405 2736,2408 2784,2405 2831,2405 2879,2405 2927,2405"/>
                <TextEquiv>
                    <Unicode>Aus Berlin wird uns telegraphiert: Im Lessing=</Unicode>
                </TextEquiv>
            </TextLine>
            <TextLine id="tr_2_tl_18" custom="readingOrder {index:17;}">
                <Coords points="1922,2467 2893,2475 2923,2431 1920,2409"/>
                <Baseline points="1931,2447 1980,2447 2030,2447 2080,2447 2130,2448 2180,2448 2229,2447 2279,2447 2329,2450 2379,2450 2429,2450 2478,2450 2528,2450 2578,2450 2628,2450 2678,2450 2727,2450 2777,2450 2827,2453 2877,2453 2927,2456"/>
                <TextEquiv>
                    <Unicode>theater erzielte Schnitzlers „Anatol“=Zyklus heitere Erfolge.</Unicode>
                </TextEquiv>
            </TextLine>
            <TextLine id="tr_2_tl_19" custom="readingOrder {index:18;}">
                <Coords points="1930,2506 2927,2500 2906,2462 1930,2463"/>
                <Baseline points="1939,2495 1988,2492 2038,2495 2087,2495 2137,2495 2186,2495 2236,2495 2285,2495 2335,2495 2384,2498 2434,2501 2484,2498 2533,2498 2583,2498 2632,2498 2682,2498 2731,2498 2781,2498 2830,2498 2880,2498 2930,2501"/>
                <TextEquiv>
                    <Unicode>Die Aufführungen waren sein gestimmt. Heinz Monnard</Unicode>
                </TextEquiv>
            </TextLine>
            <TextLine id="tr_2_tl_20" custom="readingOrder {index:19;}">
                <Coords points="1933,2553 2888,2566 2930,2561 2928,2508 1931,2506"/>
                <Baseline points="1942,2539 1991,2539 2041,2539 2090,2539 2140,2540 2189,2542 2239,2542 2288,2542 2338,2542 2387,2545 2437,2545 2487,2542 2536,2542 2586,2542 2635,2542 2685,2544 2734,2545 2784,2547 2833,2545 2883,2545 2933,2545"/>
                <TextEquiv>
                    <Unicode>spielte den Anatol etwas gedehnt, mit einem gewissen</Unicode>
                </TextEquiv>
            </TextLine>
            <TextLine id="tr_2_tl_21" custom="readingOrder {index:20;}">
                <Coords points="1922,2585 2923,2607 2923,2562 2842,2553 1922,2556"/>
                <Baseline points="1931,2584 1980,2587 2030,2587 2080,2587 2130,2587 2180,2587 2229,2589 2279,2590 2329,2590 2379,2590 2429,2590 2478,2590 2528,2590 2578,2590 2628,2590 2678,2590 2727,2590 2777,2590 2827,2590 2877,2590 2927,2590"/>
                <TextEquiv>
                    <Unicode>wienerischen, literarischen Kaffeehauston, aber mit über¬</Unicode>
                </TextEquiv>
            </TextLine>
            <TextLine id="tr_2_tl_22" custom="readingOrder {index:21;}">
                <Coords points="1930,2655 2778,2658 2923,2647 2922,2607 1928,2596"/>
                <Baseline points="1939,2632 1988,2632 2037,2635 2087,2634 2136,2633 2186,2635 2235,2635 2284,2635 2334,2635 2383,2635 2433,2635 2482,2638 2531,2637 2581,2635 2630,2636 2680,2638 2729,2636 2778,2637 2828,2638 2877,2638 2927,2638"/>
                <TextEquiv>
                    <Unicode>legenem Humor, fein ironischer Sentimentalität und</Unicode>
                </TextEquiv>
            </TextLine>
            <TextLine id="tr_2_tl_23" custom="readingOrder {index:22;}">
                <Coords points="1922,2693 2920,2692 2920,2660 2850,2644 1922,2657"/>
                <Baseline points="1931,2677 1980,2680 2030,2680 2079,2681 2129,2682 2179,2680 2228,2680 2278,2680 2328,2680 2377,2683 2427,2683 2477,2683 2526,2683 2576,2683 2626,2685 2675,2686 2725,2686 2775,2686 2824,2686 2874,2686 2924,2683"/>
                <TextEquiv>
                    <Unicode>charakteristischen Variationen. Er erzielte neben</Unicode>
                </TextEquiv>
            </TextLine>
            <TextLine id="tr_2_tl_24" custom="readingOrder {index:23;}">
                <Coords points="1925,2740 2923,2760 2923,2697 2880,2690 1925,2693"/>
                <Baseline points="1934,2724 1983,2727 2033,2727 2082,2727 2132,2727 2182,2727 2231,2729 2281,2728 2331,2727 2380,2727 2430,2730 2480,2730 2529,2730 2579,2730 2629,2730 2678,2732 2728,2733 2778,2733 2827,2733 2877,2733 2927,2730"/>
                <TextEquiv>
                    <Unicode>Reichers ausgezeichnetem Max den darstellerischen Haupt¬</Unicode>
                </TextEquiv>
            </TextLine>
            <TextLine id="tr_2_tl_25" custom="readingOrder {index:24;}">
                <Coords points="1927,2808 2099,2781 2304,2805 2637,2794 2637,2751 2607,2740 2134,2730 2086,2754 2013,2732 1927,2754"/>
                <Baseline points="1936,2769 1971,2774 2006,2775 2041,2775 2077,2775 2112,2775 2147,2777 2182,2778 2218,2778 2253,2778 2288,2778 2323,2776 2359,2776 2394,2778 2429,2778 2464,2778 2500,2776 2535,2776 2570,2778 2605,2778 2641,2778"/>
                <TextEquiv>
                    <Unicode>erfolg an diesem amüsanten Theaterabend.</Unicode>
                </TextEquiv>
            </TextLine>
            <TextLine id="tr_2_tl_26" custom="readingOrder {index:25;}">
                <Coords points="2856,2820 2907,2815 2939,2829 2968,2829 2968,2789 2947,2789 2914,2770 2906,2776 2880,2775 2871,2783 2856,2783"/>
                <Baseline points="2865,2805 2891,2805 2918,2805 2945,2805 2972,2805"/>
                <TextEquiv>
                    <Unicode></Unicode>
                </TextEquiv>
            </TextLine>
            <TextEquiv>
                <Unicode></Unicode>
            </TextEquiv>
        </TextRegion>
    </Page>
</PcGts>
