<?xml version="1.0" encoding="UTF-8" standalone="yes"?>
<PcGts xmlns="http://schema.primaresearch.org/PAGE/gts/pagecontent/2013-07-15" xmlns:xsi="http://www.w3.org/2001/XMLSchema-instance" xsi:schemaLocation="http://schema.primaresearch.org/PAGE/gts/pagecontent/2013-07-15 http://schema.primaresearch.org/PAGE/gts/pagecontent/2013-07-15/pagecontent.xsd">
    <Metadata>
        <Creator>prov=READ-COOP:name=PyLaia@TranskribusPlatform:version=2.12.1:model_id=39995:lm=provided:date=29_03_2024_01:48</Creator>
        <Created>2019-10-07T11:52:09.247+02:00</Created>
        <LastChange>2024-03-29T01:48:16.791+01:00</LastChange>
        <TranskribusMetadata docId="223994" pageId="9506071" pageNr="566" tsid="156430619" status="IN_PROGRESS" userId="40391" imgUrl="https://files.transkribus.eu/Get?id=MEMMNTIYYDXWRCBPGYIGOQNM&amp;fileType=view" xmlUrl="https://files.transkribus.eu/Get?id=XNCPIPAAOPLCKZNEBAQJPWJS" imageId="6196285"/>
    </Metadata>
    <Page imageFilename="223994_0566.jpeg" imageWidth="3436" imageHeight="4352">
        <ReadingOrder>
            <OrderedGroup id="ro_1712662550304" caption="Regions reading order">
                <RegionRefIndexed index="0" regionRef="tr_1"/>
                <RegionRefIndexed index="1" regionRef="tr_2"/>
                <RegionRefIndexed index="2" regionRef="tr_3"/>
            </OrderedGroup>
        </ReadingOrder>
        <TextRegion orientation="0.0" id="tr_1" custom="readingOrder {index:0;}">
            <Coords points="283,217 283,2886 1244,2886 1244,217"/>
            <TextLine id="tr_1_tl_1" custom="readingOrder {index:0;}">
                <Coords points="1009,258 1042,244 1072,252 1183,247 1183,195 1141,202 1120,187 1073,195 1050,182 1031,193 1009,191"/>
                <Baseline points="1014,242 1042,241 1071,241 1099,241 1128,241 1156,241 1185,241"/>
                <TextEquiv>
                    <Unicode>ku</Unicode>
                </TextEquiv>
            </TextLine>
            <TextLine id="tr_1_tl_2" custom="readingOrder {index:1;}">
                <Coords points="284,252 379,245 467,265 509,245 768,251 756,186 717,203 614,182 569,202 552,192 482,235 418,190 345,205 314,190 284,207"/>
                <Baseline points="289,241 314,243 339,244 364,246 390,247 415,247 440,248 466,250 491,247 516,244 542,246 567,247 592,247 618,246 643,244 668,244 694,244 719,242 744,242 770,245"/>
                <TextEquiv>
                    <Unicode>4.9. Anato</Unicode>
                </TextEquiv>
            </TextLine>
            <TextLine id="tr_1_tl_3" custom="readingOrder {index:2;}">
                <Coords points="800,273 820,270 867,285 891,271 907,276 919,270 947,292 965,290 968,216 927,227 894,251 887,243 854,236 837,218 801,228"/>
                <Baseline points="805,259 832,259 859,259 887,260 914,261 941,257 969,249"/>
                <TextEquiv>
                    <Unicode>.</Unicode>
                </TextEquiv>
            </TextLine>
            <TextLine id="tr_1_tl_4" custom="readingOrder {index:3;}">
                <Coords points="1093,276 1103,278 1108,273 1133,283 1141,275 1153,279 1161,273 1183,274 1183,252 1147,250 1140,246 1134,251 1118,249 1112,254 1093,251"/>
                <Baseline points="1098,262 1127,262 1156,262 1185,262"/>
                <TextEquiv>
                    <Unicode></Unicode>
                </TextEquiv>
            </TextLine>
            <TextLine id="tr_1_tl_5" custom="readingOrder {index:4;}">
                <Coords points="353,1190 403,1182 484,1211 607,1196 629,1207 666,1205 711,1169 780,1173 768,1108 509,1122 441,1108 352,1124"/>
                <Baseline points="358,1170 384,1171 411,1173 437,1175 464,1177 490,1181 517,1184 543,1187 570,1187 596,1187 623,1187 649,1185 676,1182 702,1180 729,1174 755,1169 782,1185"/>
                <TextEquiv>
                    <Unicode>OBSE</Unicode>
                </TextEquiv>
            </TextLine>
            <TextLine id="tr_1_tl_6" custom="readingOrder {index:5;}">
                <Coords points="705,1205 761,1215 815,1194 859,1218 947,1204 1182,1226 1201,1222 1199,1150 1056,1112 919,1137 878,1119 848,1151 819,1144 773,1173 704,1170"/>
                <Baseline points="710,1179 735,1185 761,1189 787,1185 813,1186 839,1188 865,1190 891,1190 917,1190 943,1194 968,1196 994,1196 1020,1198 1046,1201 1072,1199 1098,1196 1124,1196 1150,1195 1176,1194 1202,1196"/>
                <TextEquiv>
                    <Unicode>VER</Unicode>
                </TextEquiv>
            </TextLine>
            <TextLine id="tr_1_tl_7" custom="readingOrder {index:6;}">
                <Coords points="451,1246 1054,1270 1091,1259 1090,1225 449,1199"/>
                <Baseline points="456,1235 487,1237 519,1238 551,1238 583,1240 615,1241 646,1241 678,1241 710,1243 742,1245 774,1247 805,1247 837,1247 869,1248 901,1250 933,1250 964,1251 996,1253 1028,1253 1060,1253 1092,1253"/>
                <TextEquiv>
                    <Unicode>I. österr. behördl. konzessioniertes</Unicode>
                </TextEquiv>
            </TextLine>
            <TextLine id="tr_1_tl_8" custom="readingOrder {index:7;}">
                <Coords points="403,1282 1102,1318 1136,1308 1135,1270 401,1231"/>
                <Baseline points="408,1277 444,1275 480,1276 517,1278 553,1280 590,1280 626,1283 663,1283 699,1283 736,1284 772,1286 808,1289 845,1291 881,1292 918,1292 954,1293 991,1295 1027,1295 1064,1295 1100,1295 1137,1295"/>
                <TextEquiv>
                    <Unicode>Unternehmen für Zeitungs-Ausschnitte</Unicode>
                </TextEquiv>
            </TextLine>
            <TextLine id="tr_1_tl_9" custom="readingOrder {index:8;}">
                <Coords points="461,1357 1091,1372 1089,1320 458,1300"/>
                <Baseline points="465,1337 496,1337 527,1337 559,1337 590,1339 621,1341 653,1343 684,1343 715,1343 747,1345 778,1349 809,1351 841,1352 872,1352 903,1354 935,1355 966,1356 997,1358 1029,1358 1060,1358 1092,1358"/>
                <TextEquiv>
                    <Unicode>WIEN, I., VOLLEILE 11</Unicode>
                </TextEquiv>
            </TextLine>
            <TextLine id="tr_1_tl_10" custom="readingOrder {index:9;}">
                <Coords points="542,1411 584,1399 765,1418 799,1400 875,1416 902,1403 945,1422 994,1406 993,1363 729,1369 699,1352 540,1352"/>
                <Baseline points="546,1390 571,1392 596,1393 621,1393 646,1394 671,1395 696,1396 721,1396 746,1397 771,1399 796,1399 821,1399 846,1401 871,1402 896,1402 921,1403 946,1405 971,1405 996,1405"/>
                <TextEquiv>
                    <Unicode>TELEPHON R-23-0-43</Unicode>
                </TextEquiv>
            </TextLine>
            <TextLine id="tr_1_tl_11" custom="readingOrder {index:10;}">
                <Coords points="347,1543 418,1555 485,1537 564,1550 584,1538 642,1561 691,1552 690,1507 663,1497 629,1507 509,1484 459,1504 415,1500 389,1481 346,1492"/>
                <Baseline points="352,1528 378,1528 404,1529 430,1530 456,1531 482,1531 508,1532 535,1534 561,1534 587,1534 613,1534 639,1535 665,1537 692,1537"/>
                <TextEquiv>
                    <Unicode>Ausschnitt aus:</Unicode>
                </TextEquiv>
            </TextLine>
            <TextLine id="tr_1_tl_12" custom="readingOrder {index:11;}">
                <Coords points="335,1766 356,1769 370,1760 385,1769 391,1765 411,1769 422,1762 432,1762 441,1771 457,1768 454,1708 422,1712 391,1697 364,1704 357,1699 332,1710"/>
                <Baseline points="340,1755 369,1755 399,1756 429,1758 459,1761"/>
                <TextEquiv>
                    <Unicode>vom</Unicode>
                </TextEquiv>
            </TextLine>
            <TextLine id="tr_1_tl_13" custom="readingOrder {index:12;}">
                <Coords points="279,1919 335,1908 352,1915 370,1909 399,1923 451,1913 494,1925 493,1875 471,1885 420,1870 374,1883 336,1862 321,1872 278,1858"/>
                <Baseline points="283,1904 309,1904 336,1904 362,1904 389,1904 415,1904 442,1906 468,1906 495,1904"/>
                <TextEquiv>
                    <Unicode>Extrait de</Unicode>
                </TextEquiv>
            </TextLine>
            <TextLine id="tr_1_tl_14" custom="readingOrder {index:13;}">
                <Coords points="544,1944 616,1921 1243,1929 1245,1841 545,1867"/>
                <Baseline points="549,1922 583,1918 618,1913 653,1915 688,1916 722,1916 757,1916 792,1913 827,1913 861,1913 896,1912 931,1910 966,1910 1000,1910 1035,1910 1070,1910 1105,1910 1139,1910 1174,1907 1209,1903 1244,1901"/>
                <TextEquiv>
                    <Unicode>L'INTRANSIGEANT</Unicode>
                </TextEquiv>
            </TextLine>
            <TextLine id="tr_1_tl_15" custom="readingOrder {index:14;}">
                <Coords points="602,2009 843,1993 1012,2011 1043,1992 1092,2011 1197,1990 1198,1939 1115,1931 604,1942"/>
                <Baseline points="608,1993 637,1992 667,1990 696,1990 726,1990 755,1990 785,1990 814,1990 844,1990 873,1988 903,1987 933,1987 962,1985 992,1984 1021,1984 1051,1984 1080,1984 1110,1984 1139,1982 1169,1980 1199,1978"/>
                <TextEquiv>
                    <Unicode>RUE REAUMUR, 100, 11</Unicode>
                </TextEquiv>
            </TextLine>
            <TextLine id="tr_1_tl_16" custom="readingOrder {index:15;}">
                <Coords points="278,2002 332,2029 356,2017 383,2021 396,2010 419,2014 448,2008 447,1970 408,1968 389,1959 361,1965 344,1956 325,1958 313,1949 294,1955 277,1946"/>
                <Baseline points="283,2002 310,2002 338,2002 366,2002 394,2003 422,2005 450,2002"/>
                <TextEquiv>
                    <Unicode>Adresse:</Unicode>
                </TextEquiv>
            </TextLine>
            <TextLine id="tr_1_tl_17" custom="readingOrder {index:16;}">
                <Coords points="281,2117 321,2111 335,2104 359,2120 365,2114 377,2119 393,2106 406,2103 405,2074 380,2079 356,2070 337,2072 328,2066 317,2070 301,2058 280,2059"/>
                <Baseline points="286,2104 316,2102 347,2102 377,2104 408,2104"/>
                <TextEquiv>
                    <Unicode>Dale</Unicode>
                </TextEquiv>
            </TextLine>
            <TextLine id="tr_1_tl_18" custom="readingOrder {index:17;}">
                <Coords points="639,2133 746,2155 821,2132 876,2147 979,2129 1064,2155 1144,2136 1139,2042 1020,2052 913,2021 761,2068 640,2070"/>
                <Baseline points="644,2128 669,2128 694,2128 719,2128 744,2127 769,2126 794,2125 819,2125 844,2125 869,2125 895,2125 920,2125 945,2125 970,2125 995,2125 1020,2125 1045,2125 1070,2125 1095,2125 1120,2125 1146,2128"/>
                <TextEquiv>
                    <Unicode>18 JANVIER 1932</Unicode>
                </TextEquiv>
            </TextLine>
            <TextLine id="tr_1_tl_19" custom="readingOrder {index:18;}">
                <Coords points="278,2202 325,2218 366,2209 396,2224 439,2213 482,2225 482,2167 442,2177 393,2169 367,2180 331,2162 300,2170 278,2162"/>
                <Baseline points="283,2196 308,2196 333,2198 358,2199 383,2199 408,2199 433,2199 458,2196 483,2193"/>
                <TextEquiv>
                    <Unicode>Signature:</Unicode>
                </TextEquiv>
            </TextLine>
            <TextLine id="tr_1_tl_20" custom="readingOrder {index:19;}">
                <Coords points="278,2307 347,2317 380,2301 423,2301 449,2310 475,2303 476,2253 461,2261 430,2253 412,2265 393,2252 324,2274 307,2263 279,2263"/>
                <Baseline points="283,2298 310,2298 338,2298 366,2298 393,2298 421,2296 449,2295 477,2295"/>
                <TextEquiv>
                    <Unicode>Exposition</Unicode>
                </TextEquiv>
            </TextLine>
            <TextLine id="tr_1_tl_21" custom="readingOrder {index:20;}">
                <Coords points="442,2335 1142,2342 1152,2275 811,2283 747,2262 670,2287 566,2262 442,2308"/>
                <Baseline points="447,2334 482,2334 517,2334 552,2334 588,2333 623,2331 658,2331 693,2331 729,2331 764,2331 799,2331 834,2331 870,2331 905,2331 940,2331 975,2331 1011,2331 1046,2329 1081,2328 1116,2327 1152,2325"/>
                <TextEquiv>
                    <Unicode>Les deux nouveaux spectacles de</Unicode>
                </TextEquiv>
            </TextLine>
            <TextLine id="tr_1_tl_22" custom="readingOrder {index:21;}">
                <Coords points="427,2371 1138,2371 1125,2334 427,2341"/>
                <Baseline points="432,2367 467,2367 502,2367 538,2367 573,2366 609,2364 644,2367 679,2365 715,2364 750,2364 786,2364 821,2364 856,2362 892,2362 927,2364 963,2364 998,2364 1033,2362 1069,2361 1104,2360 1140,2358"/>
                <TextEquiv>
                    <Unicode>Potaatin et de l'Avenue pas¬</Unicode>
                </TextEquiv>
            </TextLine>
            <TextLine id="tr_1_tl_23" custom="readingOrder {index:22;}">
                <Coords points="427,2422 1138,2402 1138,2371 1065,2364 987,2385 427,2373"/>
                <Baseline points="432,2402 467,2402 502,2400 538,2399 573,2399 609,2399 644,2399 679,2399 715,2399 750,2399 786,2399 821,2396 856,2396 892,2396 927,2396 963,2396 998,2399 1033,2397 1069,2396 1104,2395 1140,2393"/>
                <TextEquiv>
                    <Unicode>sant le même soir en répétition générale</Unicode>
                </TextEquiv>
            </TextLine>
            <TextLine id="tr_1_tl_24" custom="readingOrder {index:23;}">
                <Coords points="427,2451 1139,2432 1127,2401 1057,2400 426,2423"/>
                <Baseline points="432,2432 467,2430 502,2432 538,2432 573,2432 609,2432 644,2431 679,2428 715,2429 750,2430 786,2432 821,2432 856,2429 892,2431 927,2432 963,2432 998,2432 1033,2432 1069,2432 1104,2432 1140,2429"/>
                <TextEquiv>
                    <Unicode>vendredi 22 — la direction du Théâ¬</Unicode>
                </TextEquiv>
            </TextLine>
            <TextLine id="tr_1_tl_25" custom="readingOrder {index:24;}">
                <Coords points="433,2473 1144,2484 1144,2432 698,2455 433,2434"/>
                <Baseline points="438,2471 473,2468 508,2468 544,2468 579,2468 615,2468 650,2468 685,2468 721,2468 756,2468 792,2468 827,2465 862,2467 898,2467 933,2465 969,2465 1004,2465 1039,2465 1075,2465 1110,2465 1146,2465"/>
                <TextEquiv>
                    <Unicode>tre Tchekhoff, qui présente Anatole à</Unicode>
                </TextEquiv>
            </TextLine>
            <TextLine id="tr_1_tl_26" custom="readingOrder {index:25;}">
                <Coords points="433,2514 1138,2503 1138,2468 433,2472"/>
                <Baseline points="438,2501 473,2504 508,2501 543,2501 578,2502 613,2503 648,2501 683,2501 718,2501 753,2501 789,2501 824,2501 859,2501 894,2501 929,2501 964,2501 999,2501 1034,2501 1069,2501 1104,2500 1140,2495"/>
                <TextEquiv>
                    <Unicode>l'Avenue, écrit aux critiques pour les invi¬</Unicode>
                </TextEquiv>
            </TextLine>
            <TextLine id="tr_1_tl_27" custom="readingOrder {index:26;}">
                <Coords points="427,2546 1138,2539 1122,2505 427,2512"/>
                <Baseline points="432,2537 467,2537 502,2537 538,2537 573,2537 609,2537 644,2537 679,2537 715,2535 750,2534 786,2534 821,2534 856,2534 892,2534 927,2534 963,2534 998,2537 1033,2535 1069,2535 1104,2536 1140,2531"/>
                <TextEquiv>
                    <Unicode>ter à voir la pièce de Schnitzler, le soir</Unicode>
                </TextEquiv>
            </TextLine>
            <TextLine id="tr_1_tl_28" custom="readingOrder {index:27;}">
                <Coords points="430,2585 1139,2585 1139,2539 784,2561 430,2543"/>
                <Baseline points="435,2572 470,2572 505,2572 540,2572 576,2572 611,2572 646,2572 681,2572 717,2571 752,2570 787,2570 822,2570 858,2568 893,2568 928,2570 963,2570 999,2570 1034,2570 1069,2570 1104,2569 1140,2567"/>
                <TextEquiv>
                    <Unicode>qui leur plaira, au cas où ils ne pour¬</Unicode>
                </TextEquiv>
            </TextLine>
            <TextLine id="tr_1_tl_29" custom="readingOrder {index:28;}">
                <Coords points="436,2624 788,2607 820,2627 1090,2626 1141,2618 1142,2585 437,2585"/>
                <Baseline points="441,2605 476,2605 511,2605 546,2605 581,2605 616,2605 651,2605 686,2605 721,2605 756,2605 792,2605 827,2605 862,2605 897,2605 932,2605 967,2605 1002,2603 1037,2603 1072,2605 1107,2602 1143,2605"/>
                <TextEquiv>
                    <Unicode>raient assister à la répétition générale.</Unicode>
                </TextEquiv>
            </TextLine>
            <TextLine id="tr_1_tl_30" custom="readingOrder {index:29;}">
                <Coords points="466,2653 1141,2656 1135,2616 466,2618"/>
                <Baseline points="471,2644 504,2646 538,2647 571,2647 605,2647 639,2647 672,2647 706,2647 739,2647 773,2647 807,2647 840,2647 874,2647 907,2647 941,2647 975,2647 1008,2647 1042,2647 1075,2647 1109,2647 1143,2647"/>
                <TextEquiv>
                    <Unicode>La danseuse espagnole Manuel del</Unicode>
                </TextEquiv>
            </TextLine>
            <TextLine id="tr_1_tl_31" custom="readingOrder {index:30;}">
                <Coords points="430,2693 1141,2685 1141,2656 1091,2650 651,2671 430,2646"/>
                <Baseline points="435,2683 470,2683 505,2683 541,2683 576,2683 612,2683 647,2683 682,2681 718,2682 753,2683 789,2683 824,2683 859,2683 895,2683 930,2682 966,2680 1001,2683 1036,2681 1072,2680 1107,2679 1143,2677"/>
                <TextEquiv>
                    <Unicode>Rio donnera, pour la première fois à Pa¬</Unicode>
                </TextEquiv>
            </TextLine>
            <TextLine id="tr_1_tl_32" custom="readingOrder {index:31;}">
                <Coords points="427,2731 1144,2726 1144,2683 427,2696"/>
                <Baseline points="432,2716 467,2716 503,2716 539,2717 574,2718 610,2716 646,2716 681,2718 717,2718 753,2716 789,2716 824,2716 860,2716 896,2716 931,2717 967,2719 1003,2717 1038,2716 1074,2716 1110,2715 1146,2713"/>
                <TextEquiv>
                    <Unicode>ris, un récital, le mardi 26 janvier, à</Unicode>
                </TextEquiv>
            </TextLine>
            <TextLine id="tr_1_tl_33" custom="readingOrder {index:32;}">
                <Coords points="436,2758 1111,2765 1143,2755 1144,2725 437,2724"/>
                <Baseline points="441,2749 476,2752 511,2752 546,2752 582,2752 617,2752 652,2752 687,2752 723,2750 758,2750 793,2752 828,2749 864,2749 899,2750 934,2751 969,2749 1005,2749 1040,2749 1075,2749 1110,2748 1146,2746"/>
                <TextEquiv>
                    <Unicode>9 heures, à la Salle Pleyel. MM. Tiny do</Unicode>
                </TextEquiv>
            </TextLine>
            <TextLine id="tr_1_tl_34" custom="readingOrder {index:33;}">
                <Coords points="436,2789 1141,2792 1126,2753 436,2758"/>
                <Baseline points="441,2784 476,2784 511,2786 546,2786 581,2784 616,2784 651,2784 686,2784 721,2784 756,2784 792,2784 827,2784 862,2784 897,2784 932,2784 967,2784 1002,2784 1037,2784 1072,2784 1107,2781 1143,2784"/>
                <TextEquiv>
                    <Unicode>Vigk, Joaquim Roca, Marius Faraillet</Unicode>
                </TextEquiv>
            </TextLine>
            <TextLine id="tr_1_tl_35" custom="readingOrder {index:34;}">
                <Coords points="436,2828 1145,2832 1145,2792 1088,2788 436,2792"/>
                <Baseline points="441,2820 476,2820 511,2820 546,2820 582,2820 617,2820 652,2820 687,2820 723,2820 758,2820 793,2820 828,2820 864,2820 899,2820 934,2819 969,2817 1005,2820 1040,2818 1075,2817 1110,2816 1146,2814"/>
                <TextEquiv>
                    <Unicode>Mlle La Gousseau lui prêteront leur</Unicode>
                </TextEquiv>
            </TextLine>
            <TextLine id="tr_1_tl_36" custom="readingOrder {index:35;}">
                <Coords points="430,2884 474,2884 483,2877 497,2886 517,2879 528,2887 554,2879 589,2885 590,2826 555,2834 545,2825 521,2834 511,2827 500,2835 483,2829 473,2836 451,2824 431,2829"/>
                <Baseline points="435,2856 461,2856 487,2854 513,2853 539,2853 565,2853 591,2853"/>
                <TextEquiv>
                    <Unicode>concours</Unicode>
                </TextEquiv>
            </TextLine>
            <TextLine id="tr_1_tl_37" custom="readingOrder {index:36;}">
                <Coords points="678,2877 699,2875 714,2883 759,2874 778,2884 790,2877 797,2882 808,2875 833,2877 834,2832 809,2827 802,2832 793,2826 761,2831 755,2825 741,2835 724,2828 708,2834 679,2830"/>
                <Baseline points="683,2874 708,2874 733,2874 759,2873 784,2871 809,2871 835,2871"/>
                <TextEquiv>
                    <Unicode>de</Unicode>
                </TextEquiv>
            </TextLine>
            <TextEquiv>
                <Unicode></Unicode>
            </TextEquiv>
        </TextRegion>
        <TextRegion orientation="0.0" id="tr_2" custom="readingOrder {index:1;}">
            <Coords points="1325,215 1325,3788 2201,3788 2201,215"/>
            <TextLine id="tr_2_tl_1" custom="readingOrder {index:0;}">
                <Coords points="1403,242 1505,260 1601,240 1656,266 1757,251 1757,181 1673,198 1614,178 1556,205 1403,189"/>
                <Baseline points="1408,238 1433,238 1458,238 1483,240 1508,241 1533,241 1558,241 1583,241 1608,241 1633,241 1658,241 1683,241 1708,239 1733,238 1758,238"/>
                <TextEquiv>
                    <Unicode>box 9/4</Unicode>
                </TextEquiv>
            </TextLine>
            <TextLine id="tr_2_tl_2" custom="readingOrder {index:1;}">
                <Coords points="1844,719 1865,715 1877,725 1906,716 1942,724 1951,716 1966,727 1994,720 2018,726 2019,615 2002,610 1988,620 1943,622 1894,603 1845,603"/>
                <Baseline points="1849,695 1877,697 1906,697 1934,695 1963,695 1991,695 2020,695"/>
                <TextEquiv>
                    <Unicode></Unicode>
                </TextEquiv>
            </TextLine>
            <TextLine id="tr_2_tl_3" custom="readingOrder {index:2;}">
                <Coords points="1365,709 1423,701 1488,727 1592,727 1632,711 1663,724 1774,718 1773,617 1730,607 1516,626 1474,611 1436,617 1396,649 1365,646"/>
                <Baseline points="1370,695 1395,697 1420,699 1446,701 1471,701 1496,701 1522,703 1547,704 1573,704 1598,704 1623,704 1649,701 1674,696 1699,700 1725,701 1750,701 1776,703"/>
                <TextEquiv>
                    <Unicode>OBSE</Unicode>
                </TextEquiv>
            </TextLine>
            <TextLine id="tr_2_tl_4" custom="readingOrder {index:3;}">
                <Coords points="1463,764 2083,772 2108,729 1464,727"/>
                <Baseline points="1468,758 1500,756 1532,758 1564,758 1596,758 1628,758 1660,758 1692,758 1724,759 1756,761 1789,758 1821,758 1853,758 1885,758 1917,758 1949,758 1981,758 2013,758 2045,756 2077,755 2110,755"/>
                <TextEquiv>
                    <Unicode>I. österr. behördl. konzessioniertes</Unicode>
                </TextEquiv>
            </TextLine>
            <TextLine id="tr_2_tl_5" custom="readingOrder {index:4;}">
                <Coords points="1424,818 2153,805 2153,767 2126,763 1424,767"/>
                <Baseline points="1429,796 1465,796 1501,798 1537,799 1574,799 1610,799 1646,799 1683,799 1719,799 1755,799 1792,799 1828,799 1864,799 1900,797 1937,796 1973,796 2009,796 2046,798 2082,797 2118,796 2155,799"/>
                <TextEquiv>
                    <Unicode>Unternehmen für Zeitungs-Ausschnitte</Unicode>
                </TextEquiv>
            </TextLine>
            <TextLine id="tr_2_tl_6" custom="readingOrder {index:5;}">
                <Coords points="1472,867 2102,883 2102,827 2078,820 2045,836 2019,814 1696,828 1472,809"/>
                <Baseline points="1477,859 1508,859 1539,859 1571,859 1602,859 1633,860 1665,861 1696,859 1727,859 1759,860 1790,862 1821,862 1853,862 1884,862 1915,862 1947,861 1978,860 2009,862 2041,860 2072,859 2104,859"/>
                <TextEquiv>
                    <Unicode>WIEN, I., WOLLEILE 11</Unicode>
                </TextEquiv>
            </TextLine>
            <TextLine id="tr_2_tl_7" custom="readingOrder {index:6;}">
                <Coords points="1568,915 1732,929 1811,915 2015,921 2003,873 1816,885 1789,871 1568,869"/>
                <Baseline points="1573,913 1599,913 1625,912 1651,911 1677,910 1703,910 1729,910 1755,910 1781,912 1808,913 1834,913 1860,913 1886,913 1912,911 1938,910 1964,910 1990,910 2017,910"/>
                <TextEquiv>
                    <Unicode>TELEPHON R-23-0-43</Unicode>
                </TextEquiv>
            </TextLine>
            <TextLine id="tr_2_tl_8" custom="readingOrder {index:7;}">
                <Coords points="1365,1069 1420,1061 1483,1079 1548,1067 1644,1073 1693,1057 1717,1065 1716,1026 1595,1001 1542,1013 1511,1005 1486,1023 1411,1010 1364,1022"/>
                <Baseline points="1370,1053 1396,1053 1423,1053 1450,1053 1477,1053 1504,1053 1531,1053 1557,1053 1584,1053 1611,1053 1638,1053 1665,1055 1692,1056 1719,1056"/>
                <TextEquiv>
                    <Unicode>Ausschnitt aus:</Unicode>
                </TextEquiv>
            </TextLine>
            <TextLine id="tr_2_tl_9" custom="readingOrder {index:8;}">
                <Coords points="1377,1292 1387,1293 1407,1280 1425,1292 1446,1289 1451,1284 1467,1290 1491,1288 1491,1252 1479,1252 1466,1245 1432,1247 1424,1241 1411,1251 1377,1245"/>
                <Baseline points="1382,1280 1409,1280 1437,1280 1464,1280 1492,1280"/>
                <TextEquiv>
                    <Unicode>vom</Unicode>
                </TextEquiv>
            </TextLine>
            <TextLine id="tr_2_tl_10" custom="readingOrder {index:9;}">
                <Coords points="1424,1455 1485,1435 1559,1458 1588,1447 1616,1459 1628,1450 1646,1462 1673,1460 1696,1450 1697,1410 1597,1412 1580,1399 1552,1417 1498,1401 1425,1410"/>
                <Baseline points="1429,1441 1455,1441 1482,1441 1509,1441 1536,1441 1563,1441 1590,1441 1617,1440 1644,1439 1671,1437 1698,1435"/>
                <TextEquiv>
                    <Unicode>No DE DEBIT.</Unicode>
                </TextEquiv>
            </TextLine>
            <TextLine id="tr_2_tl_11" custom="readingOrder {index:10;}">
                <Coords points="1514,1541 2198,1539 2200,1471 1939,1446 1516,1462"/>
                <Baseline points="1519,1525 1553,1530 1587,1528 1621,1522 1655,1519 1689,1517 1723,1517 1757,1519 1791,1519 1825,1519 1860,1519 1894,1519 1928,1519 1962,1517 1996,1516 2030,1515 2064,1513 2098,1513 2132,1513 2166,1513 2201,1512"/>
                <TextEquiv>
                    <Unicode>CHICAGO TRIBUNE</Unicode>
                </TextEquiv>
            </TextLine>
            <TextLine id="tr_2_tl_12" custom="readingOrder {index:11;}">
                <Coords points="1327,1581 1354,1580 1362,1572 1382,1566 1414,1576 1426,1566 1440,1567 1440,1528 1428,1521 1415,1527 1407,1520 1393,1524 1373,1512 1351,1518 1337,1506 1325,1508"/>
                <Baseline points="1331,1561 1358,1559 1386,1559 1413,1561 1441,1561"/>
                <TextEquiv>
                    <Unicode>de</Unicode>
                </TextEquiv>
            </TextLine>
            <TextLine id="tr_2_tl_13" custom="readingOrder {index:12;}">
                <Coords points="1507,1607 2188,1601 2189,1536 2102,1524 2005,1551 1928,1531 1707,1556 1509,1542"/>
                <Baseline points="1513,1593 1546,1593 1580,1593 1614,1593 1648,1593 1682,1593 1716,1592 1749,1590 1783,1587 1817,1587 1851,1587 1885,1587 1919,1587 1953,1587 1986,1586 2020,1584 2054,1584 2088,1584 2122,1583 2156,1581 2190,1579"/>
                <TextEquiv>
                    <Unicode>RUE LAMARTINE, 5, IX</Unicode>
                </TextEquiv>
            </TextLine>
            <TextLine id="tr_2_tl_14" custom="readingOrder {index:13;}">
                <Coords points="1320,1667 1340,1666 1351,1673 1364,1665 1377,1666 1380,1663 1397,1662 1397,1635 1389,1635 1378,1628 1374,1631 1361,1629 1356,1625 1343,1636 1320,1630"/>
                <Baseline points="1325,1662 1362,1662 1399,1662"/>
                <TextEquiv>
                    <Unicode>se :</Unicode>
                </TextEquiv>
            </TextLine>
            <TextLine id="tr_2_tl_15" custom="readingOrder {index:14;}">
                <Coords points="1549,1748 1801,1722 1904,1753 2004,1727 2035,1738 2037,1645 2020,1640 1995,1656 1943,1637 1692,1662 1612,1636 1551,1663"/>
                <Baseline points="1555,1725 1580,1725 1605,1724 1631,1722 1656,1722 1682,1722 1707,1722 1732,1722 1758,1722 1783,1721 1809,1719 1834,1719 1860,1719 1885,1717 1910,1716 1936,1718 1961,1718 1987,1716 2012,1716 2038,1716"/>
                <TextEquiv>
                    <Unicode>16 JANVIER 1932</Unicode>
                </TextEquiv>
            </TextLine>
            <TextLine id="tr_2_tl_16" custom="readingOrder {index:15;}">
                <Coords points="1329,1869 1349,1874 1359,1883 1398,1870 1418,1878 1437,1862 1445,1862 1444,1818 1422,1822 1413,1813 1397,1818 1376,1808 1365,1816 1328,1805"/>
                <Baseline points="1334,1850 1362,1852 1390,1853 1418,1853 1447,1850"/>
                <TextEquiv>
                    <Unicode>ture :</Unicode>
                </TextEquiv>
            </TextLine>
            <TextLine id="tr_2_tl_17" custom="readingOrder {index:16;}">
                <Coords points="1329,1967 1352,1958 1372,1959 1385,1967 1417,1957 1431,1962 1441,1958 1452,1965 1468,1962 1481,1957 1482,1911 1468,1905 1454,1910 1435,1898 1409,1916 1372,1906 1340,1929 1329,1928"/>
                <Baseline points="1334,1952 1363,1952 1393,1952 1423,1952 1453,1951 1483,1949"/>
                <TextEquiv>
                    <Unicode>tion :</Unicode>
                </TextEquiv>
            </TextLine>
            <TextLine id="tr_2_tl_18" custom="readingOrder {index:17;}">
                <Coords points="1487,2010 1523,2004 1554,2025 1590,2006 1710,2018 1796,2006 1845,2024 1917,2008 1916,1986 1858,1970 1723,1981 1680,1959 1486,1957"/>
                <Baseline points="1492,1999 1517,1999 1542,1999 1567,1999 1592,1999 1617,1999 1642,1999 1667,1999 1692,1999 1718,1999 1743,1999 1768,1999 1793,1999 1818,2000 1843,2002 1868,2002 1893,2002 1919,1999"/>
                <TextEquiv>
                    <Unicode>Comédie-Française.</Unicode>
                </TextEquiv>
            </TextLine>
            <TextLine id="tr_2_tl_19" custom="readingOrder {index:18;}">
                <Coords points="1409,2050 1504,2071 1550,2051 2099,2060 2099,2019 1980,2008 1409,2022"/>
                <Baseline points="1414,2044 1448,2046 1482,2045 1517,2045 1551,2047 1585,2049 1620,2048 1654,2047 1688,2047 1723,2047 1757,2047 1791,2047 1826,2047 1860,2047 1894,2047 1929,2047 1963,2047 1997,2047 2032,2047 2066,2047 2101,2044"/>
                <TextEquiv>
                    <Unicode>The anniversary of the birth of</Unicode>
                </TextEquiv>
            </TextLine>
            <TextLine id="tr_2_tl_20" custom="readingOrder {index:19;}">
                <Coords points="1371,2097 2087,2088 2087,2053 2056,2049 1505,2072 1371,2050"/>
                <Baseline points="1376,2083 1411,2085 1447,2086 1482,2086 1518,2085 1554,2083 1589,2085 1625,2086 1661,2086 1696,2086 1732,2086 1768,2086 1803,2086 1839,2085 1875,2083 1910,2083 1946,2085 1982,2084 2017,2083 2053,2083 2089,2083"/>
                <TextEquiv>
                    <Unicode>Beaumarchais is to be celebrated We¬</Unicode>
                </TextEquiv>
            </TextLine>
            <TextLine id="tr_2_tl_21" custom="readingOrder {index:20;}">
                <Coords points="1377,2144 2093,2141 2093,2106 2005,2086 1377,2107"/>
                <Baseline points="1382,2125 1417,2125 1453,2125 1488,2125 1524,2125 1560,2125 1595,2125 1631,2125 1667,2125 1702,2125 1738,2125 1774,2125 1809,2125 1845,2125 1881,2124 1916,2122 1952,2122 1988,2124 2023,2125 2059,2124 2095,2122"/>
                <TextEquiv>
                    <Unicode>nesday evening at the Comédie-Française</Unicode>
                </TextEquiv>
            </TextLine>
            <TextLine id="tr_2_tl_22" custom="readingOrder {index:21;}">
                <Coords points="1379,2173 2099,2176 2074,2136 1379,2139"/>
                <Baseline points="1384,2164 1419,2164 1455,2164 1491,2164 1527,2164 1563,2164 1599,2164 1634,2164 1670,2164 1706,2164 1742,2164 1778,2164 1814,2164 1850,2163 1885,2162 1921,2164 1957,2162 1993,2161 2029,2161 2065,2161 2101,2161"/>
                <TextEquiv>
                    <Unicode>with a presentation of the authors</Unicode>
                </TextEquiv>
            </TextLine>
            <TextLine id="tr_2_tl_23" custom="readingOrder {index:22;}">
                <Coords points="1377,2214 2102,2213 2091,2173 1377,2173"/>
                <Baseline points="1382,2199 1418,2199 1454,2199 1490,2200 1526,2202 1562,2202 1598,2199 1634,2199 1670,2200 1706,2201 1743,2199 1779,2199 1815,2199 1851,2199 1887,2199 1923,2199 1959,2199 1995,2199 2031,2199 2067,2199 2104,2199"/>
                <TextEquiv>
                    <Unicode>burlesque review. Les Pottes de Sept</Unicode>
                </TextEquiv>
            </TextLine>
            <TextLine id="tr_2_tl_24" custom="readingOrder {index:23;}">
                <Coords points="1377,2246 2096,2249 2096,2214 2048,2208 1377,2214"/>
                <Baseline points="1382,2241 1417,2239 1453,2238 1489,2238 1525,2238 1561,2238 1596,2238 1632,2238 1668,2238 1704,2238 1740,2238 1775,2238 1811,2238 1847,2238 1883,2238 1919,2238 1954,2238 1990,2238 2026,2238 2062,2239 2098,2241"/>
                <TextEquiv>
                    <Unicode>Lieues. Beaumarchais, it will be recalled,</Unicode>
                </TextEquiv>
            </TextLine>
            <TextLine id="tr_2_tl_25" custom="readingOrder {index:24;}">
                <Coords points="1377,2298 2093,2284 2080,2244 1377,2247"/>
                <Baseline points="1382,2280 1417,2277 1453,2277 1488,2277 1524,2277 1560,2277 1595,2277 1631,2277 1667,2277 1702,2277 1738,2277 1774,2277 1809,2277 1845,2277 1881,2277 1916,2277 1952,2277 1988,2277 2023,2277 2059,2277 2095,2277"/>
                <TextEquiv>
                    <Unicode>is the author of Le Barbier de Séville</Unicode>
                </TextEquiv>
            </TextLine>
            <TextLine id="tr_2_tl_26" custom="readingOrder {index:25;}">
                <Coords points="1379,2329 2103,2335 2103,2289 2070,2283 1379,2298"/>
                <Baseline points="1384,2319 1420,2318 1456,2317 1492,2316 1528,2316 1564,2316 1600,2316 1636,2316 1672,2316 1708,2316 1744,2316 1780,2316 1816,2316 1852,2316 1888,2316 1924,2316 1960,2316 1996,2316 2032,2316 2068,2316 2104,2316"/>
                <TextEquiv>
                    <Unicode>and Le Mariage de Figaro, immortalized</Unicode>
                </TextEquiv>
            </TextLine>
            <TextLine id="tr_2_tl_27" custom="readingOrder {index:26;}">
                <Coords points="1385,2370 2096,2364 2090,2321 1385,2327"/>
                <Baseline points="1390,2358 1425,2358 1460,2356 1496,2355 1531,2355 1567,2355 1602,2355 1637,2355 1673,2355 1708,2355 1744,2355 1779,2355 1814,2355 1850,2355 1885,2355 1921,2355 1956,2355 1991,2355 2027,2355 2062,2355 2098,2355"/>
                <TextEquiv>
                    <Unicode>y Mozart and Rossini, Les Bottes de</Unicode>
                </TextEquiv>
            </TextLine>
            <TextLine id="tr_2_tl_28" custom="readingOrder {index:27;}">
                <Coords points="1377,2410 2093,2407 2093,2362 1377,2371"/>
                <Baseline points="1382,2393 1417,2393 1453,2393 1488,2392 1524,2391 1560,2393 1595,2393 1631,2393 1667,2393 1702,2393 1738,2393 1774,2393 1809,2393 1845,2393 1881,2393 1916,2393 1952,2393 1988,2393 2023,2393 2059,2392 2095,2390"/>
                <TextEquiv>
                    <Unicode>Septimus, in one act, will be played by</Unicode>
                </TextEquiv>
            </TextLine>
            <TextLine id="tr_2_tl_29" custom="readingOrder {index:28;}">
                <Coords points="1382,2439 2096,2443 2096,2411 2053,2394 1873,2419 1648,2395 1382,2409"/>
                <Baseline points="1387,2429 1422,2429 1458,2429 1493,2429 1529,2429 1564,2432 1600,2432 1635,2430 1671,2429 1706,2429 1742,2432 1778,2430 1813,2431 1849,2432 1884,2432 1920,2429 1955,2431 1991,2432 2026,2432 2062,2432 2098,2432"/>
                <TextEquiv>
                    <Unicode>Jeanne Sully, Pierre Bertin, Jean Weber,</Unicode>
                </TextEquiv>
            </TextLine>
            <TextLine id="tr_2_tl_30" custom="readingOrder {index:29;}">
                <Coords points="1379,2485 1985,2486 1985,2443 1967,2441 1504,2455 1379,2436"/>
                <Baseline points="1384,2468 1414,2468 1444,2468 1474,2468 1504,2468 1534,2468 1564,2468 1595,2468 1625,2469 1655,2471 1685,2469 1715,2468 1745,2468 1775,2468 1806,2468 1836,2468 1866,2468 1896,2468 1926,2468 1956,2468 1987,2471"/>
                <TextEquiv>
                    <Unicode>Lucien Dubos and le Marchand.</Unicode>
                </TextEquiv>
            </TextLine>
            <TextLine id="tr_2_tl_31" custom="readingOrder {index:30;}">
                <Coords points="1418,2518 2099,2527 2099,2485 2046,2476 1418,2482"/>
                <Baseline points="1423,2507 1456,2507 1490,2507 1524,2507 1558,2507 1592,2507 1626,2507 1660,2508 1694,2510 1728,2508 1762,2507 1795,2508 1829,2510 1863,2508 1897,2507 1931,2507 1965,2507 1999,2510 2033,2508 2067,2508 2101,2507"/>
                <TextEquiv>
                    <Unicode>Henri uernis to act comedy Les</Unicode>
                </TextEquiv>
            </TextLine>
            <TextLine id="tr_2_tl_32" custom="readingOrder {index:31;}">
                <Coords points="1377,2552 2096,2557 2082,2516 1377,2520"/>
                <Baseline points="1382,2543 1417,2543 1453,2545 1489,2546 1525,2546 1561,2546 1596,2546 1632,2546 1668,2546 1704,2546 1740,2546 1775,2546 1811,2546 1847,2546 1883,2546 1919,2546 1954,2546 1990,2546 2026,2546 2062,2547 2098,2549"/>
                <TextEquiv>
                    <Unicode>Cadet, and Sache Guitry's three act play</Unicode>
                </TextEquiv>
            </TextLine>
            <TextLine id="tr_2_tl_33" custom="readingOrder {index:32;}">
                <Coords points="1377,2594 2093,2600 2093,2556 2052,2553 1377,2563"/>
                <Baseline points="1382,2584 1417,2584 1453,2584 1488,2584 1524,2583 1560,2581 1595,2583 1631,2584 1667,2584 1702,2584 1738,2584 1774,2584 1809,2584 1845,2584 1881,2584 1916,2584 1952,2584 1988,2584 2023,2584 2059,2584 2095,2584"/>
                <TextEquiv>
                    <Unicode>Jean, will be given at the Théâtre</Unicode>
                </TextEquiv>
            </TextLine>
            <TextLine id="tr_2_tl_34" custom="readingOrder {index:33;}">
                <Coords points="1379,2637 1792,2624 1892,2655 1955,2627 2099,2630 2099,2601 1963,2589 1582,2591 1528,2616 1379,2596"/>
                <Baseline points="1384,2623 1419,2621 1455,2622 1491,2623 1527,2622 1563,2620 1599,2622 1634,2623 1670,2623 1706,2623 1742,2623 1778,2623 1814,2623 1850,2624 1885,2626 1921,2626 1957,2624 1993,2623 2029,2623 2065,2622 2101,2620"/>
                <TextEquiv>
                    <Unicode>Michel Wednesday evening. Pierre</Unicode>
                </TextEquiv>
            </TextLine>
            <TextLine id="tr_2_tl_35" custom="readingOrder {index:34;}">
                <Coords points="1379,2667 1643,2679 1759,2665 1863,2684 1863,2645 1818,2628 1624,2647 1379,2633"/>
                <Baseline points="1384,2662 1409,2660 1434,2659 1459,2659 1485,2660 1510,2661 1535,2662 1561,2662 1586,2662 1611,2662 1637,2662 1662,2662 1687,2662 1713,2662 1738,2662 1763,2662 1789,2662 1814,2662 1839,2663 1865,2665"/>
                <TextEquiv>
                    <Unicode>Fresnay will play in both.</Unicode>
                </TextEquiv>
            </TextLine>
            <TextLine id="tr_2_tl_36" custom="readingOrder {index:35;}">
                <Coords points="1415,2718 2099,2717 2081,2669 1699,2670 1612,2693 1415,2675"/>
                <Baseline points="1420,2701 1454,2699 1488,2698 1522,2698 1556,2698 1590,2698 1624,2700 1658,2701 1692,2701 1726,2701 1760,2701 1794,2701 1828,2701 1862,2701 1896,2701 1930,2701 1964,2701 1998,2701 2032,2701 2066,2701 2101,2701"/>
                <TextEquiv>
                    <Unicode>Thursday evening the Théâtre des</Unicode>
                </TextEquiv>
            </TextLine>
            <TextLine id="tr_2_tl_37" custom="readingOrder {index:36;}">
                <Coords points="1382,2749 1946,2763 2096,2753 2096,2720 1381,2709"/>
                <Baseline points="1387,2737 1422,2737 1458,2737 1493,2737 1529,2737 1564,2740 1600,2740 1635,2740 1671,2740 1706,2740 1742,2740 1778,2740 1813,2740 1849,2740 1884,2740 1920,2740 1955,2742 1991,2743 2026,2742 2062,2740 2098,2743"/>
                <TextEquiv>
                    <Unicode>Nouveautés is putting on Amitié, a play</Unicode>
                </TextEquiv>
            </TextLine>
            <TextLine id="tr_2_tl_38" custom="readingOrder {index:37;}">
                <Coords points="1377,2785 2099,2793 2099,2747 1377,2749"/>
                <Baseline points="1382,2775 1419,2778 1457,2776 1495,2775 1533,2776 1571,2777 1609,2775 1646,2775 1684,2775 1722,2777 1760,2778 1798,2778 1836,2778 1873,2778 1911,2778 1949,2778 1987,2776 2025,2776 2063,2778 2101,2778"/>
                <TextEquiv>
                    <Unicode>in three acts and four senes by Michel</Unicode>
                </TextEquiv>
            </TextLine>
            <TextLine id="tr_2_tl_39" custom="readingOrder {index:38;}">
                <Coords points="1377,2826 2102,2824 2079,2785 1640,2805 1377,2786"/>
                <Baseline points="1382,2817 1418,2814 1454,2814 1490,2814 1526,2814 1562,2817 1598,2815 1634,2816 1670,2817 1706,2817 1743,2814 1779,2814 1815,2814 1851,2815 1887,2817 1923,2814 1959,2814 1995,2814 2031,2815 2067,2816 2104,2814"/>
                <TextEquiv>
                    <Unicode>Mourguet. In the afternoon the Théâtre</Unicode>
                </TextEquiv>
            </TextLine>
            <TextLine id="tr_2_tl_40" custom="readingOrder {index:39;}">
                <Coords points="1379,2859 2099,2867 2099,2824 1379,2823"/>
                <Baseline points="1384,2856 1419,2854 1455,2853 1491,2853 1527,2854 1563,2856 1599,2854 1634,2853 1670,2853 1706,2853 1742,2853 1778,2853 1814,2855 1850,2856 1885,2856 1921,2856 1957,2856 1993,2854 2029,2853 2065,2854 2101,2856"/>
                <TextEquiv>
                    <Unicode>Antoine is giving a classical matinée of</Unicode>
                </TextEquiv>
            </TextLine>
            <TextLine id="tr_2_tl_41" custom="readingOrder {index:40;}">
                <Coords points="1378,2902 2097,2911 2096,2869 1377,2872"/>
                <Baseline points="1382,2892 1417,2890 1453,2889 1489,2890 1525,2892 1561,2892 1596,2892 1632,2892 1668,2892 1704,2892 1740,2892 1775,2892 1811,2892 1847,2892 1883,2892 1919,2892 1954,2892 1990,2892 2026,2892 2062,2893 2098,2895"/>
                <TextEquiv>
                    <Unicode>férence by Racine, and le jeu de</Unicode>
                </TextEquiv>
            </TextLine>
            <TextLine id="tr_2_tl_42" custom="readingOrder {index:41;}">
                <Coords points="1371,2935 2040,2946 2040,2913 1982,2902 1371,2901"/>
                <Baseline points="1376,2931 1409,2931 1442,2930 1475,2928 1509,2928 1542,2928 1575,2929 1608,2931 1642,2931 1675,2931 1708,2931 1741,2931 1775,2931 1808,2931 1841,2931 1874,2931 1908,2931 1941,2931 1974,2932 2007,2934 2041,2934"/>
                <TextEquiv>
                    <Unicode>l'Amour et du hasard by Marivaux.</Unicode>
                </TextEquiv>
            </TextLine>
            <TextLine id="tr_2_tl_43" custom="readingOrder {index:42;}">
                <Coords points="1412,2971 2093,2979 2093,2924 2065,2922 2008,2953 1412,2941"/>
                <Baseline points="1417,2967 1450,2967 1484,2967 1518,2967 1552,2967 1586,2969 1620,2969 1654,2969 1688,2969 1722,2969 1756,2969 1789,2969 1823,2969 1857,2969 1891,2969 1925,2970 1959,2972 1993,2969 2027,2969 2061,2969 2095,2969"/>
                <TextEquiv>
                    <Unicode>René Benjamins play Paris, in two</Unicode>
                </TextEquiv>
            </TextLine>
            <TextLine id="tr_2_tl_44" custom="readingOrder {index:43;}">
                <Coords points="1371,3020 2096,3022 2096,2981 2046,2975 1371,2977"/>
                <Baseline points="1376,3008 1412,3008 1448,3006 1484,3005 1520,3005 1556,3005 1592,3008 1628,3008 1664,3008 1700,3008 1737,3008 1773,3008 1809,3008 1845,3008 1881,3008 1917,3008 1953,3008 1989,3008 2025,3008 2061,3008 2098,3011"/>
                <TextEquiv>
                    <Unicode>acts and right scenes, will have its début</Unicode>
                </TextEquiv>
            </TextLine>
            <TextLine id="tr_2_tl_45" custom="readingOrder {index:44;}">
                <Coords points="1371,3049 2096,3058 2096,3025 2013,3019 1371,3019"/>
                <Baseline points="1376,3044 1412,3044 1448,3044 1484,3044 1520,3044 1556,3044 1592,3044 1628,3046 1664,3047 1700,3046 1737,3044 1773,3044 1809,3046 1845,3046 1881,3045 1917,3047 1953,3044 1989,3046 2025,3047 2061,3048 2098,3050"/>
                <TextEquiv>
                    <Unicode>at the Théâtre de la Porte St. Martin on</Unicode>
                </TextEquiv>
            </TextLine>
            <TextLine id="tr_2_tl_46" custom="readingOrder {index:45;}">
                <Coords points="1374,3105 2096,3093 2095,3059 2055,3055 1373,3050"/>
                <Baseline points="1379,3086 1416,3083 1454,3083 1492,3081 1530,3081 1568,3083 1606,3083 1643,3086 1681,3086 1719,3084 1757,3083 1795,3083 1833,3083 1870,3086 1908,3086 1946,3086 1984,3086 2022,3086 2060,3087 2098,3089"/>
                <TextEquiv>
                    <Unicode>Friday evening. Dorville is in the lead.</Unicode>
                </TextEquiv>
            </TextLine>
            <TextLine id="tr_2_tl_47" custom="readingOrder {index:46;}">
                <Coords points="1371,3135 2102,3134 2090,3092 1371,3103"/>
                <Baseline points="1376,3122 1412,3124 1448,3123 1485,3122 1521,3122 1558,3122 1594,3122 1630,3124 1667,3123 1703,3123 1740,3125 1776,3125 1812,3123 1849,3122 1885,3122 1922,3122 1958,3122 1994,3124 2031,3123 2067,3123 2104,3125"/>
                <TextEquiv>
                    <Unicode>Arthur Schnitzers Anatole, which was</Unicode>
                </TextEquiv>
            </TextLine>
            <TextLine id="tr_2_tl_48" custom="readingOrder {index:47;}">
                <Coords points="1377,3169 2096,3180 2096,3134 1377,3135"/>
                <Baseline points="1382,3161 1417,3161 1453,3161 1489,3161 1525,3161 1561,3161 1596,3161 1632,3161 1668,3161 1704,3161 1740,3161 1775,3161 1811,3163 1847,3163 1883,3161 1919,3161 1954,3161 1990,3163 2026,3163 2062,3161 2098,3161"/>
                <TextEquiv>
                    <Unicode>announced for last week, will be given</Unicode>
                </TextEquiv>
            </TextLine>
            <TextLine id="tr_2_tl_49" custom="readingOrder {index:48;}">
                <Coords points="1377,3213 2093,3209 2093,3174 1967,3166 1774,3187 1377,3169"/>
                <Baseline points="1382,3199 1417,3199 1453,3199 1488,3199 1524,3199 1560,3199 1595,3199 1631,3199 1667,3199 1702,3199 1738,3199 1774,3199 1809,3199 1845,3199 1881,3199 1916,3199 1952,3199 1988,3201 2023,3202 2059,3202 2095,3202"/>
                <TextEquiv>
                    <Unicode>Friday evening at the Théâtre de</Unicode>
                </TextEquiv>
            </TextLine>
            <TextLine id="tr_2_tl_50" custom="readingOrder {index:49;}">
                <Coords points="1374,3243 2103,3247 2103,3217 2052,3208 1374,3212"/>
                <Baseline points="1379,3241 1415,3238 1451,3237 1487,3235 1524,3235 1560,3235 1596,3237 1632,3237 1669,3236 1705,3238 1741,3238 1777,3240 1814,3239 1850,3238 1886,3238 1922,3238 1959,3238 1995,3240 2031,3240 2067,3238 2104,3238"/>
                <TextEquiv>
                    <Unicode>l'Avenue. The French translation was</Unicode>
                </TextEquiv>
            </TextLine>
            <TextLine id="tr_2_tl_51" custom="readingOrder {index:50;}">
                <Coords points="1371,3286 2100,3294 2092,3244 1882,3265 1580,3242 1371,3268"/>
                <Baseline points="1376,3277 1412,3277 1448,3277 1484,3277 1521,3277 1557,3277 1593,3277 1629,3277 1666,3277 1702,3277 1738,3277 1774,3277 1811,3279 1847,3280 1883,3280 1919,3280 1956,3280 1992,3280 2028,3280 2064,3280 2101,3280"/>
                <TextEquiv>
                    <Unicode>done by Suzanne Clauser, Rémon and</Unicode>
                </TextEquiv>
            </TextLine>
            <TextLine id="tr_2_tl_52" custom="readingOrder {index:51;}">
                <Coords points="1382,3333 1465,3321 1502,3326 1513,3319 1523,3328 1547,3328 1547,3292 1540,3290 1518,3295 1491,3284 1469,3295 1430,3285 1419,3292 1404,3284 1382,3289"/>
                <Baseline points="1387,3313 1414,3313 1441,3313 1468,3313 1495,3313 1522,3313 1549,3316"/>
                <TextEquiv>
                    <Unicode>Vaucaire.</Unicode>
                </TextEquiv>
            </TextLine>
            <TextLine id="tr_2_tl_53" custom="readingOrder {index:52;}">
                <Coords points="1406,3366 2093,3361 2093,3338 2020,3317 1917,3335 1696,3299 1641,3323 1406,3331"/>
                <Baseline points="1411,3352 1445,3352 1479,3352 1513,3353 1547,3355 1582,3353 1616,3352 1650,3353 1684,3355 1718,3355 1753,3355 1787,3355 1821,3355 1855,3355 1889,3355 1924,3355 1958,3356 1992,3358 2026,3356 2060,3355 2095,3355"/>
                <TextEquiv>
                    <Unicode>Saturday there are three new perfor¬</Unicode>
                </TextEquiv>
            </TextLine>
            <TextLine id="tr_2_tl_54" custom="readingOrder {index:53;}">
                <Coords points="1379,3402 2103,3401 2088,3362 1379,3362"/>
                <Baseline points="1384,3393 1420,3393 1456,3391 1492,3390 1528,3390 1564,3390 1600,3392 1636,3393 1672,3393 1708,3393 1744,3393 1780,3393 1816,3395 1852,3395 1888,3393 1924,3393 1960,3393 1996,3395 2032,3395 2068,3393 2104,3393"/>
                <TextEquiv>
                    <Unicode>mances. There is the review at the</Unicode>
                </TextEquiv>
            </TextLine>
            <TextLine id="tr_2_tl_55" custom="readingOrder {index:54;}">
                <Coords points="1379,3447 2096,3447 2096,3406 2072,3403 1379,3399"/>
                <Baseline points="1384,3432 1419,3430 1455,3429 1491,3429 1526,3429 1562,3426 1598,3428 1633,3431 1669,3431 1705,3429 1741,3432 1776,3432 1812,3432 1848,3432 1883,3432 1919,3432 1955,3432 1990,3432 2026,3432 2062,3432 2098,3435"/>
                <TextEquiv>
                    <Unicode>Folies Bergère, Louis Marchard's Nuits</Unicode>
                </TextEquiv>
            </TextLine>
            <TextLine id="tr_2_tl_56" custom="readingOrder {index:55;}">
                <Coords points="1377,3478 1962,3488 2102,3480 2101,3445 1376,3448"/>
                <Baseline points="1382,3468 1418,3468 1454,3468 1490,3468 1526,3468 1562,3468 1598,3468 1634,3468 1670,3468 1706,3469 1743,3471 1779,3471 1815,3471 1851,3471 1887,3471 1923,3471 1959,3471 1995,3471 2031,3471 2067,3471 2104,3471"/>
                <TextEquiv>
                    <Unicode>de Folies in which all the charms of the</Unicode>
                </TextEquiv>
            </TextLine>
            <TextLine id="tr_2_tl_57" custom="readingOrder {index:56;}">
                <Coords points="1374,3521 2099,3520 2093,3479 1374,3486"/>
                <Baseline points="1379,3510 1415,3508 1451,3507 1487,3507 1523,3507 1559,3507 1595,3507 1631,3507 1667,3507 1703,3508 1740,3510 1776,3510 1812,3510 1848,3510 1884,3510 1920,3510 1956,3510 1992,3510 2028,3510 2064,3511 2101,3513"/>
                <TextEquiv>
                    <Unicode>flesh, female vampires and a gorgeous</Unicode>
                </TextEquiv>
            </TextLine>
            <TextLine id="tr_2_tl_58" custom="readingOrder {index:57;}">
                <Coords points="1377,3549 2096,3556 2096,3518 1377,3524"/>
                <Baseline points="1382,3546 1417,3546 1453,3546 1489,3545 1525,3544 1561,3546 1596,3546 1632,3546 1668,3546 1704,3546 1740,3546 1775,3546 1811,3546 1847,3547 1883,3548 1919,3546 1954,3548 1990,3549 2026,3548 2062,3547 2098,3549"/>
                <TextEquiv>
                    <Unicode>display of scenery and color will be on</Unicode>
                </TextEquiv>
            </TextLine>
            <TextLine id="tr_2_tl_59" custom="readingOrder {index:58;}">
                <Coords points="1371,3586 2100,3591 2077,3555 1371,3557"/>
                <Baseline points="1376,3581 1412,3583 1448,3584 1484,3584 1521,3584 1557,3584 1593,3584 1629,3584 1666,3584 1702,3584 1738,3584 1774,3584 1811,3586 1847,3587 1883,3587 1919,3587 1956,3587 1992,3587 2028,3587 2064,3587 2101,3587"/>
                <TextEquiv>
                    <Unicode>view. In the afternoon Jeunesse and</Unicode>
                </TextEquiv>
            </TextLine>
            <TextLine id="tr_2_tl_60" custom="readingOrder {index:59;}">
                <Coords points="1379,3638 2096,3631 2095,3603 2056,3592 1378,3591"/>
                <Baseline points="1384,3623 1419,3621 1455,3620 1491,3620 1526,3620 1562,3620 1598,3620 1633,3622 1669,3622 1705,3620 1741,3623 1776,3623 1812,3625 1848,3626 1883,3626 1919,3623 1955,3625 1990,3624 2026,3623 2062,3623 2098,3626"/>
                <TextEquiv>
                    <Unicode>L'ombre are to be inaugurated at the</Unicode>
                </TextEquiv>
            </TextLine>
            <TextLine id="tr_2_tl_61" custom="readingOrder {index:60;}">
                <Coords points="1379,3671 2093,3671 2093,3632 2021,3627 1379,3638"/>
                <Baseline points="1384,3662 1419,3660 1455,3659 1490,3659 1526,3659 1561,3662 1597,3660 1632,3659 1668,3659 1703,3659 1739,3662 1775,3662 1810,3662 1846,3663 1881,3665 1917,3665 1952,3663 1988,3662 2023,3662 2059,3662 2095,3662"/>
                <TextEquiv>
                    <Unicode>teher, and evening the Théâtre</Unicode>
                </TextEquiv>
            </TextLine>
            <TextLine id="tr_2_tl_62" custom="readingOrder {index:61;}">
                <Coords points="1371,3707 2096,3719 2096,3682 2052,3668 1371,3673"/>
                <Baseline points="1376,3698 1412,3698 1448,3698 1484,3698 1520,3698 1556,3698 1592,3701 1628,3699 1664,3698 1700,3699 1737,3701 1773,3701 1809,3699 1845,3699 1881,3702 1917,3704 1953,3701 1989,3699 2025,3700 2061,3702 2098,3704"/>
                <TextEquiv>
                    <Unicode>Daunou is presenting Deux fois deux,</Unicode>
                </TextEquiv>
            </TextLine>
            <TextLine id="tr_2_tl_63" custom="readingOrder {index:62;}">
                <Coords points="1377,3747 2099,3756 2099,3720 2061,3710 1377,3704"/>
                <Baseline points="1382,3737 1419,3737 1457,3737 1495,3737 1533,3738 1571,3740 1609,3740 1646,3740 1684,3740 1722,3740 1760,3740 1798,3740 1836,3740 1873,3743 1911,3741 1949,3740 1987,3742 2025,3743 2063,3744 2101,3746"/>
                <TextEquiv>
                    <Unicode>operetto Praxy, musi by</Unicode>
                </TextEquiv>
            </TextLine>
            <TextLine id="tr_2_tl_64" custom="readingOrder {index:63;}">
                <Coords points="1362,3795 1435,3782 1504,3804 1547,3784 1627,3806 1721,3805 1721,3758 1676,3747 1557,3754 1524,3738 1415,3753 1362,3742"/>
                <Baseline points="1367,3775 1392,3777 1417,3778 1443,3778 1468,3777 1493,3776 1519,3775 1544,3775 1569,3775 1595,3775 1620,3775 1645,3775 1671,3775 1696,3775 1722,3775"/>
                <TextEquiv>
                    <Unicode>broche.</Unicode>
                </TextEquiv>
            </TextLine>
            <TextEquiv>
                <Unicode></Unicode>
            </TextEquiv>
        </TextRegion>
        <TextRegion orientation="0.0" id="tr_3" custom="readingOrder {index:2;}">
            <Coords points="2319,147 2319,4114 3205,4114 3205,147"/>
            <TextLine id="tr_3_tl_1" custom="readingOrder {index:0;}">
                <Coords points="2313,193 2333,195 2359,185 2365,188 2389,172 2397,176 2404,172 2418,184 2438,182 2441,116 2427,117 2418,125 2398,124 2379,135 2372,131 2363,138 2354,134 2326,141 2315,136"/>
                <Baseline points="2319,170 2349,170 2380,168 2410,167 2441,167"/>
                <TextEquiv>
                    <Unicode>vom</Unicode>
                </TextEquiv>
            </TextLine>
            <TextLine id="tr_3_tl_2" custom="readingOrder {index:1;}">
                <Coords points="3041,218 3059,218 3082,227 3102,213 3112,212 3121,217 3134,212 3139,140 3122,136 3107,144 3083,139 3047,154"/>
                <Baseline points="3047,202 3077,199 3107,196 3137,194"/>
                <TextEquiv>
                    <Unicode>20</Unicode>
                </TextEquiv>
            </TextLine>
            <TextLine id="tr_3_tl_3" custom="readingOrder {index:2;}">
                <Coords points="2997,292 3031,292 3074,271 3091,276 3122,262 3146,262 3160,274 3198,273 3208,203 3152,221 3134,211 3107,214 3083,230 3059,217 3034,225 3007,216"/>
                <Baseline points="3005,268 3030,265 3055,263 3080,261 3105,257 3130,253 3155,248 3180,244 3205,241"/>
                <TextEquiv>
                    <Unicode>Janvier</Unicode>
                </TextEquiv>
            </TextLine>
            <TextLine id="tr_3_tl_4" custom="readingOrder {index:3;}">
                <Coords points="2462,305 2493,300 2509,309 2527,298 2561,302 2600,287 2642,291 2647,226 2622,228 2600,214 2549,240 2526,231 2503,244 2466,248"/>
                <Baseline points="2468,286 2493,286 2518,285 2543,282 2568,279 2593,277 2618,277 2644,277"/>
                <TextEquiv>
                    <Unicode></Unicode>
                </TextEquiv>
            </TextLine>
            <TextLine id="tr_3_tl_5" custom="readingOrder {index:4;}">
                <Coords points="3075,327 3102,329 3109,335 3123,327 3146,330 3174,321 3194,321 3198,273 3181,268 3154,276 3131,268 3116,277 3109,270 3079,273"/>
                <Baseline points="3080,322 3109,319 3138,315 3167,313 3196,313"/>
                <TextEquiv>
                    <Unicode>1932</Unicode>
                </TextEquiv>
            </TextLine>
            <TextLine id="tr_3_tl_6" custom="readingOrder {index:5;}">
                <Coords points="2477,426 2489,425 2508,441 2535,437 2557,450 2566,448 2575,360 2552,364 2523,351 2482,371"/>
                <Baseline points="2483,417 2512,413 2542,410 2572,408"/>
                <TextEquiv>
                    <Unicode>1</Unicode>
                </TextEquiv>
            </TextLine>
            <TextLine id="tr_3_tl_7" custom="readingOrder {index:6;}">
                <Coords points="2427,587 2594,605 2743,580 2913,604 2974,585 3027,603 3027,517 2427,528"/>
                <Baseline points="2432,576 2461,576 2491,576 2521,576 2551,576 2581,576 2611,576 2640,576 2670,575 2700,573 2730,573 2760,574 2790,576 2820,576 2849,576 2879,576 2909,576 2939,576 2969,576 2999,576 3029,576"/>
                <TextEquiv>
                    <Unicode>A propos d' Anatole</Unicode>
                </TextEquiv>
            </TextLine>
            <TextLine id="tr_3_tl_8" custom="readingOrder {index:7;}">
                <Coords points="2487,685 2528,669 2667,679 2710,662 2831,681 2911,671 2956,690 2955,613 2879,596 2811,614 2779,597 2674,618 2630,598 2486,614"/>
                <Baseline points="2492,659 2517,659 2543,659 2569,661 2595,661 2621,659 2647,660 2673,662 2699,662 2725,662 2750,662 2776,662 2802,662 2828,662 2854,662 2880,662 2906,662 2932,662 2958,665"/>
                <TextEquiv>
                    <Unicode>d'Arthur Schnitzler</Unicode>
                </TextEquiv>
            </TextLine>
            <TextLine id="tr_3_tl_9" custom="readingOrder {index:8;}">
                <Coords points="2400,761 3087,761 3087,721 2400,719"/>
                <Baseline points="2405,752 2439,754 2473,755 2507,755 2541,755 2576,753 2610,754 2644,755 2678,755 2712,755 2747,755 2781,754 2815,752 2849,755 2883,755 2918,755 2952,755 2986,755 3020,755 3054,754 3089,752"/>
                <TextEquiv>
                    <Unicode>Le Théâtre de l'Avenue va repré¬</Unicode>
                </TextEquiv>
            </TextLine>
            <TextLine id="tr_3_tl_10" custom="readingOrder {index:9;}">
                <Coords points="2362,799 3091,800 3091,762 2976,755 2362,765"/>
                <Baseline points="2367,793 2403,793 2439,793 2475,792 2512,791 2548,791 2584,791 2620,791 2657,792 2693,793 2729,793 2765,793 2802,793 2838,793 2874,793 2910,793 2947,793 2983,793 3019,793 3055,793 3092,793"/>
                <TextEquiv>
                    <Unicode>senter Anatole, du poète autrichien</Unicode>
                </TextEquiv>
            </TextLine>
            <TextLine id="tr_3_tl_11" custom="readingOrder {index:10;}">
                <Coords points="2362,839 3091,857 3080,798 2362,799"/>
                <Baseline points="2367,832 2403,832 2439,832 2475,832 2512,832 2548,832 2584,832 2620,832 2657,832 2693,832 2729,832 2765,832 2802,832 2838,832 2874,832 2910,832 2947,832 2983,832 3019,832 3055,832 3092,832"/>
                <TextEquiv>
                    <Unicode>Arthur Schnitzler, mort récemment à</Unicode>
                </TextEquiv>
            </TextLine>
            <TextLine id="tr_3_tl_12" custom="readingOrder {index:11;}">
                <Coords points="2373,884 2382,881 2403,892 2429,875 2459,886 2477,872 2508,885 2508,853 2490,843 2476,847 2460,840 2454,846 2433,849 2420,847 2409,837 2373,838"/>
                <Baseline points="2378,868 2404,868 2430,868 2457,868 2483,868 2510,868"/>
                <TextEquiv>
                    <Unicode>Vienne.</Unicode>
                </TextEquiv>
            </TextLine>
            <TextLine id="tr_3_tl_13" custom="readingOrder {index:12;}">
                <Coords points="2403,919 3097,923 3097,875 3068,872 2538,862 2403,885"/>
                <Baseline points="2408,907 2442,907 2477,907 2511,907 2546,907 2580,907 2615,907 2649,907 2684,907 2718,907 2753,907 2787,907 2822,907 2856,907 2891,907 2925,907 2960,907 2994,907 3029,910 3063,908 3098,910"/>
                <TextEquiv>
                    <Unicode>Arthur Schnitzler a été et restera de</Unicode>
                </TextEquiv>
            </TextLine>
            <TextLine id="tr_3_tl_14" custom="readingOrder {index:13;}">
                <Coords points="2368,956 3087,955 3073,914 2368,913"/>
                <Baseline points="2373,946 2408,946 2444,946 2480,946 2516,946 2552,946 2587,946 2623,946 2659,946 2695,946 2731,946 2766,946 2802,946 2838,946 2874,946 2910,946 2945,946 2981,946 3017,946 3053,945 3089,943"/>
                <TextEquiv>
                    <Unicode>façon indiscutable le meilleur repré¬</Unicode>
                </TextEquiv>
            </TextLine>
            <TextLine id="tr_3_tl_15" custom="readingOrder {index:14;}">
                <Coords points="2370,990 3094,1005 3087,954 2370,955"/>
                <Baseline points="2375,985 2411,985 2447,985 2483,985 2519,985 2555,985 2591,985 2627,985 2663,985 2699,985 2735,985 2771,985 2807,985 2843,985 2879,985 2915,985 2951,985 2987,987 3023,987 3059,986 3095,988"/>
                <TextEquiv>
                    <Unicode>sentant de cette époque fastueuse que</Unicode>
                </TextEquiv>
            </TextLine>
            <TextLine id="tr_3_tl_16" custom="readingOrder {index:15;}">
                <Coords points="2362,1030 3091,1035 3069,998 2936,1016 2461,990 2415,1015 2362,991"/>
                <Baseline points="2367,1023 2403,1025 2439,1024 2475,1023 2512,1023 2548,1023 2584,1023 2620,1023 2657,1023 2693,1024 2729,1026 2765,1023 2802,1023 2838,1023 2874,1023 2910,1023 2947,1023 2983,1023 3019,1023 3055,1024 3092,1026"/>
                <TextEquiv>
                    <Unicode>la Vienne d'avant-guerre a connue,</Unicode>
                </TextEquiv>
            </TextLine>
            <TextLine id="tr_3_tl_17" custom="readingOrder {index:16;}">
                <Coords points="2362,1071 3081,1071 3081,1041 3039,1029 2362,1037"/>
                <Baseline points="2367,1059 2402,1061 2438,1062 2474,1062 2510,1062 2546,1062 2581,1062 2617,1062 2653,1062 2689,1062 2725,1062 2760,1062 2796,1062 2832,1062 2868,1062 2904,1062 2939,1062 2975,1062 3011,1062 3047,1061 3083,1059"/>
                <TextEquiv>
                    <Unicode>roulant de réception en réception, dan¬</Unicode>
                </TextEquiv>
            </TextLine>
            <TextLine id="tr_3_tl_18" custom="readingOrder {index:17;}">
                <Coords points="2365,1111 2970,1128 3090,1106 3090,1079 3040,1069 2365,1071"/>
                <Baseline points="2370,1098 2406,1100 2442,1101 2478,1101 2514,1101 2550,1101 2586,1101 2622,1101 2658,1101 2694,1101 2731,1101 2767,1101 2803,1101 2839,1101 2875,1101 2911,1101 2947,1101 2983,1101 3019,1101 3055,1101 3092,1098"/>
                <TextEquiv>
                    <Unicode>sant en valses sans fin, mondaine et co¬</Unicode>
                </TextEquiv>
            </TextLine>
            <TextLine id="tr_3_tl_19" custom="readingOrder {index:18;}">
                <Coords points="2370,1162 2435,1144 2932,1148 2920,1109 2541,1107 2493,1125 2370,1111"/>
                <Baseline points="2375,1143 2404,1140 2433,1140 2463,1140 2492,1140 2522,1140 2551,1140 2580,1140 2610,1140 2639,1140 2669,1140 2698,1138 2728,1138 2757,1140 2786,1140 2816,1140 2845,1140 2875,1140 2904,1140 2934,1140"/>
                <TextEquiv>
                    <Unicode>quette, aimable et insouciante.</Unicode>
                </TextEquiv>
            </TextLine>
            <TextLine id="tr_3_tl_20" custom="readingOrder {index:19;}">
                <Coords points="2397,1179 3087,1188 3087,1156 2979,1135 2909,1156 2397,1153"/>
                <Baseline points="2402,1176 2436,1176 2470,1178 2505,1179 2539,1179 2573,1179 2608,1179 2642,1178 2676,1176 2711,1179 2745,1179 2779,1179 2814,1179 2848,1179 2882,1179 2917,1179 2951,1179 2985,1179 3020,1179 3054,1179 3089,1179"/>
                <TextEquiv>
                    <Unicode>Alors, les problèmes sociaux ne trou¬</Unicode>
                </TextEquiv>
            </TextLine>
            <TextLine id="tr_3_tl_21" custom="readingOrder {index:20;}">
                <Coords points="2365,1224 3081,1232 3090,1187 2510,1204 2364,1173"/>
                <Baseline points="2370,1211 2406,1213 2442,1214 2478,1215 2514,1217 2550,1217 2586,1214 2622,1216 2658,1216 2694,1215 2731,1217 2767,1217 2803,1217 2839,1217 2875,1217 2911,1217 2947,1217 2983,1217 3019,1217 3055,1217 3092,1220"/>
                <TextEquiv>
                    <Unicode>blaient pas les esprits, au moins, le</Unicode>
                </TextEquiv>
            </TextLine>
            <TextLine id="tr_3_tl_22" custom="readingOrder {index:21;}">
                <Coords points="2369,1266 3094,1267 3093,1231 3059,1222 2368,1223"/>
                <Baseline points="2373,1253 2409,1253 2445,1253 2481,1253 2517,1253 2553,1253 2589,1253 2625,1253 2661,1253 2697,1254 2734,1256 2770,1253 2806,1255 2842,1256 2878,1256 2914,1256 2950,1256 2986,1256 3022,1256 3058,1256 3095,1256"/>
                <TextEquiv>
                    <Unicode>monde des lettres affectait-il de s'en</Unicode>
                </TextEquiv>
            </TextLine>
            <TextLine id="tr_3_tl_23" custom="readingOrder {index:22;}">
                <Coords points="2368,1304 2811,1324 3093,1305 3079,1261 2368,1270"/>
                <Baseline points="2373,1289 2409,1291 2445,1294 2481,1294 2517,1292 2553,1292 2589,1295 2625,1295 2661,1295 2697,1295 2734,1295 2770,1298 2806,1296 2842,1295 2878,1295 2914,1295 2950,1295 2986,1295 3022,1295 3058,1295 3095,1295"/>
                <TextEquiv>
                    <Unicode>désintéresser, comme il se détachait de</Unicode>
                </TextEquiv>
            </TextLine>
            <TextLine id="tr_3_tl_24" custom="readingOrder {index:23;}">
                <Coords points="2368,1341 2408,1336 2436,1349 2451,1336 2476,1344 2515,1338 2533,1348 2549,1339 2564,1346 2594,1342 2594,1302 2578,1299 2551,1310 2517,1298 2421,1311 2368,1303"/>
                <Baseline points="2373,1334 2400,1332 2428,1331 2456,1331 2484,1331 2512,1331 2540,1331 2568,1331 2596,1331"/>
                <TextEquiv>
                    <Unicode>la politique.</Unicode>
                </TextEquiv>
            </TextLine>
            <TextLine id="tr_3_tl_25" custom="readingOrder {index:24;}">
                <Coords points="2403,1383 3099,1389 3099,1336 3036,1329 2916,1352 2403,1337"/>
                <Baseline points="2408,1370 2442,1370 2477,1370 2511,1370 2546,1370 2581,1370 2615,1370 2650,1370 2685,1371 2719,1373 2754,1373 2789,1373 2823,1373 2858,1373 2893,1373 2927,1373 2962,1373 2997,1373 3031,1373 3066,1373 3101,1373"/>
                <TextEquiv>
                    <Unicode>Schnitzler fut comme les autres ; du</Unicode>
                </TextEquiv>
            </TextLine>
            <TextLine id="tr_3_tl_26" custom="readingOrder {index:25;}">
                <Coords points="2368,1422 3087,1419 3087,1388 3048,1381 2709,1394 2684,1374 2620,1398 2368,1375"/>
                <Baseline points="2373,1408 2408,1408 2444,1410 2480,1411 2516,1411 2552,1411 2587,1409 2623,1408 2659,1409 2695,1411 2731,1411 2766,1411 2802,1411 2838,1410 2874,1409 2910,1411 2945,1409 2981,1410 3017,1411 3053,1411 3089,1411"/>
                <TextEquiv>
                    <Unicode>moins dans ses premières œuvres.</Unicode>
                </TextEquiv>
            </TextLine>
            <TextLine id="tr_3_tl_27" custom="readingOrder {index:26;}">
                <Coords points="2370,1457 3084,1452 3084,1420 3027,1413 2370,1422"/>
                <Baseline points="2375,1444 2410,1446 2446,1447 2481,1447 2517,1447 2552,1447 2588,1447 2623,1447 2659,1447 2694,1447 2730,1450 2766,1450 2801,1450 2837,1450 2872,1450 2908,1447 2943,1449 2979,1449 3014,1447 3050,1447 3086,1447"/>
                <TextEquiv>
                    <Unicode>C'est à celles-ci qu'appartient Ana¬</Unicode>
                </TextEquiv>
            </TextLine>
            <TextLine id="tr_3_tl_28" custom="readingOrder {index:27;}">
                <Coords points="2365,1499 3084,1495 3060,1455 2365,1460"/>
                <Baseline points="2370,1486 2405,1486 2441,1486 2477,1486 2513,1486 2549,1486 2584,1486 2620,1488 2656,1488 2692,1487 2728,1489 2763,1489 2799,1487 2835,1487 2871,1488 2907,1486 2942,1486 2978,1488 3014,1489 3050,1488 3086,1486"/>
                <TextEquiv>
                    <Unicode>tole écrit en 1889. Cette œuvre consa¬</Unicode>
                </TextEquiv>
            </TextLine>
            <TextLine id="tr_3_tl_29" custom="readingOrder {index:28;}">
                <Coords points="2368,1532 3090,1539 3090,1495 2368,1499"/>
                <Baseline points="2373,1525 2410,1525 2448,1527 2486,1528 2524,1528 2562,1528 2600,1528 2637,1525 2675,1525 2713,1527 2751,1528 2789,1528 2827,1528 2864,1528 2902,1528 2940,1528 2978,1528 3016,1528 3054,1529 3092,1528"/>
                <TextEquiv>
                    <Unicode>cra Schnitzler devant le grand public.</Unicode>
                </TextEquiv>
            </TextLine>
            <TextLine id="tr_3_tl_30" custom="readingOrder {index:29;}">
                <Coords points="2376,1570 3087,1572 3051,1534 2376,1532"/>
                <Baseline points="2381,1564 2416,1564 2451,1564 2487,1565 2522,1567 2558,1567 2593,1567 2628,1565 2664,1564 2699,1564 2735,1567 2770,1567 2805,1567 2841,1567 2876,1567 2912,1567 2947,1567 2982,1568 3018,1569 3053,1567 3089,1567"/>
                <TextEquiv>
                    <Unicode>Désormais, le poète — qui, de sa pro¬</Unicode>
                </TextEquiv>
            </TextLine>
            <TextLine id="tr_3_tl_31" custom="readingOrder {index:30;}">
                <Coords points="2373,1615 3090,1613 3090,1572 2842,1591 2373,1571"/>
                <Baseline points="2378,1602 2413,1602 2449,1602 2485,1603 2520,1605 2556,1602 2592,1602 2627,1602 2663,1602 2699,1602 2735,1602 2770,1604 2806,1602 2842,1601 2877,1605 2913,1605 2949,1605 2984,1603 3020,1603 3056,1605 3092,1605"/>
                <TextEquiv>
                    <Unicode>fession, était médecin — allait vouer</Unicode>
                </TextEquiv>
            </TextLine>
            <TextLine id="tr_3_tl_32" custom="readingOrder {index:31;}">
                <Coords points="2370,1653 3000,1660 3087,1651 3087,1611 2369,1613"/>
                <Baseline points="2375,1641 2410,1641 2446,1641 2482,1641 2517,1641 2553,1641 2589,1641 2624,1641 2660,1642 2696,1644 2732,1641 2767,1643 2803,1644 2839,1644 2874,1644 2910,1644 2946,1644 2981,1644 3017,1644 3053,1644 3089,1641"/>
                <TextEquiv>
                    <Unicode>toute sa vie à l'art, écrivant non seule¬</Unicode>
                </TextEquiv>
            </TextLine>
            <TextLine id="tr_3_tl_33" custom="readingOrder {index:32;}">
                <Coords points="2370,1691 2789,1688 2852,1712 3094,1687 3084,1648 2370,1655"/>
                <Baseline points="2375,1680 2411,1680 2447,1680 2483,1680 2519,1680 2555,1680 2591,1680 2627,1680 2663,1680 2699,1680 2735,1680 2771,1683 2807,1683 2843,1683 2879,1683 2915,1683 2951,1683 2987,1683 3023,1683 3059,1683 3095,1680"/>
                <TextEquiv>
                    <Unicode>ment pour la scène, mais encore des</Unicode>
                </TextEquiv>
            </TextLine>
            <TextLine id="tr_3_tl_34" custom="readingOrder {index:33;}">
                <Coords points="2362,1747 2420,1723 2521,1740 2545,1721 2609,1739 2678,1720 2715,1736 2831,1729 2831,1692 2789,1688 2768,1701 2629,1686 2594,1700 2362,1693"/>
                <Baseline points="2367,1719 2392,1719 2418,1719 2444,1719 2470,1719 2496,1719 2522,1719 2547,1719 2573,1719 2599,1719 2625,1719 2651,1719 2677,1719 2702,1719 2728,1719 2754,1721 2780,1722 2806,1722 2832,1722"/>
                <TextEquiv>
                    <Unicode>nouvelles et des romans.</Unicode>
                </TextEquiv>
            </TextLine>
            <TextLine id="tr_3_tl_35" custom="readingOrder {index:34;}">
                <Coords points="2409,1772 3099,1770 3092,1718 2950,1733 2876,1706 2789,1738 2680,1720 2595,1746 2549,1721 2409,1727"/>
                <Baseline points="2414,1758 2448,1758 2482,1758 2517,1758 2551,1758 2585,1758 2620,1758 2654,1758 2688,1758 2723,1758 2757,1758 2791,1758 2826,1759 2860,1761 2894,1761 2929,1760 2963,1759 2997,1761 3032,1759 3066,1758 3101,1761"/>
                <TextEquiv>
                    <Unicode>C'est le metteur en scène Otto</Unicode>
                </TextEquiv>
            </TextLine>
            <TextLine id="tr_3_tl_36" custom="readingOrder {index:35;}">
                <Coords points="2370,1804 3096,1809 3089,1767 2539,1776 2370,1754"/>
                <Baseline points="2375,1796 2411,1796 2447,1796 2483,1796 2519,1796 2555,1796 2591,1796 2628,1796 2664,1796 2700,1796 2736,1796 2772,1796 2808,1796 2844,1796 2881,1796 2917,1796 2953,1799 2989,1797 3025,1796 3061,1796 3098,1796"/>
                <TextEquiv>
                    <Unicode>Brahms qui avait demandé à monter</Unicode>
                </TextEquiv>
            </TextLine>
            <TextLine id="tr_3_tl_37" custom="readingOrder {index:36;}">
                <Coords points="2370,1840 3099,1841 3072,1804 2370,1807"/>
                <Baseline points="2375,1832 2411,1832 2447,1832 2483,1832 2520,1833 2556,1835 2592,1835 2629,1835 2665,1835 2701,1835 2738,1835 2774,1835 2810,1835 2846,1835 2883,1835 2919,1835 2955,1835 2992,1835 3028,1835 3064,1835 3101,1835"/>
                <TextEquiv>
                    <Unicode>Anatole, que, déjà, des étudiants de</Unicode>
                </TextEquiv>
            </TextLine>
            <TextLine id="tr_3_tl_38" custom="readingOrder {index:37;}">
                <Coords points="2373,1892 3090,1879 3090,1842 3049,1836 3002,1858 2373,1839"/>
                <Baseline points="2378,1871 2413,1873 2449,1874 2485,1873 2520,1871 2556,1874 2592,1874 2627,1872 2663,1872 2699,1874 2735,1874 2770,1874 2806,1874 2842,1874 2877,1874 2913,1874 2949,1874 2984,1874 3020,1874 3056,1874 3092,1871"/>
                <TextEquiv>
                    <Unicode>Berlin voulaient porter à la scène. De¬</Unicode>
                </TextEquiv>
            </TextLine>
            <TextLine id="tr_3_tl_39" custom="readingOrder {index:38;}">
                <Coords points="2370,1924 3094,1926 3094,1878 2370,1890"/>
                <Baseline points="2375,1910 2411,1912 2447,1913 2483,1912 2519,1910 2555,1910 2591,1910 2627,1910 2663,1910 2699,1911 2735,1913 2771,1910 2807,1912 2843,1912 2879,1910 2915,1910 2951,1910 2987,1912 3023,1913 3059,1913 3095,1913"/>
                <TextEquiv>
                    <Unicode>puis. Anatole a fait presque le tour du</Unicode>
                </TextEquiv>
            </TextLine>
            <TextLine id="tr_3_tl_40" custom="readingOrder {index:39;}">
                <Coords points="2368,1957 3097,1964 3097,1926 3064,1921 2368,1922"/>
                <Baseline points="2373,1949 2409,1949 2445,1949 2481,1949 2518,1948 2554,1946 2590,1949 2626,1949 2663,1949 2699,1949 2735,1949 2771,1949 2808,1949 2844,1949 2880,1950 2916,1952 2953,1952 2989,1952 3025,1952 3061,1952 3098,1952"/>
                <TextEquiv>
                    <Unicode>monde et s'est imposé à l'Europe en¬</Unicode>
                </TextEquiv>
            </TextLine>
            <TextLine id="tr_3_tl_41" custom="readingOrder {index:40;}">
                <Coords points="2376,1992 3093,1997 3093,1964 3022,1953 2985,1972 2376,1961"/>
                <Baseline points="2381,1987 2416,1987 2452,1987 2488,1987 2523,1987 2559,1987 2595,1987 2630,1987 2666,1987 2702,1987 2738,1987 2773,1989 2809,1990 2845,1989 2880,1987 2916,1990 2952,1990 2987,1990 3023,1990 3059,1990 3095,1990"/>
                <TextEquiv>
                    <Unicode>tière. Paris l'accueillera avec joie, car</Unicode>
                </TextEquiv>
            </TextLine>
            <TextLine id="tr_3_tl_42" custom="readingOrder {index:41;}">
                <Coords points="2376,2040 3090,2044 3090,2000 3059,1996 2376,1993"/>
                <Baseline points="2381,2029 2416,2029 2452,2029 2487,2028 2523,2026 2558,2026 2594,2028 2629,2027 2665,2026 2700,2026 2736,2029 2772,2027 2807,2028 2843,2029 2878,2029 2914,2029 2949,2029 2985,2029 3020,2029 3056,2029 3092,2035"/>
                <TextEquiv>
                    <Unicode>le public de nos scènes retrouvera à</Unicode>
                </TextEquiv>
            </TextLine>
            <TextLine id="tr_3_tl_43" custom="readingOrder {index:42;}">
                <Coords points="2370,2060 3099,2079 3099,2052 3044,2030 2370,2050"/>
                <Baseline points="2375,2059 2411,2061 2447,2062 2483,2062 2520,2062 2556,2062 2592,2062 2629,2064 2665,2065 2701,2065 2738,2065 2774,2065 2810,2063 2846,2064 2883,2065 2919,2065 2955,2065 2992,2065 3028,2065 3064,2067 3101,2071"/>
                <TextEquiv>
                    <Unicode>outre cette atmosphère enveloppante,</Unicode>
                </TextEquiv>
            </TextLine>
            <TextLine id="tr_3_tl_44" custom="readingOrder {index:43;}">
                <Coords points="2373,2108 3099,2117 3098,2078 2372,2080"/>
                <Baseline points="2378,2089 2414,2099 2450,2101 2486,2101 2522,2101 2558,2101 2594,2101 2631,2101 2667,2101 2703,2101 2739,2101 2775,2101 2811,2101 2847,2103 2884,2104 2920,2104 2956,2104 2992,2104 3028,2104 3064,2105 3101,2107"/>
                <TextEquiv>
                    <Unicode>si particulière à Vienne, faite toute de</Unicode>
                </TextEquiv>
            </TextLine>
            <TextLine id="tr_3_tl_45" custom="readingOrder {index:44;}">
                <Coords points="2376,2143 3093,2154 3081,2108 2907,2132 2839,2109 2376,2112"/>
                <Baseline points="2381,2140 2416,2140 2452,2140 2488,2140 2523,2140 2559,2140 2595,2140 2630,2140 2666,2140 2702,2140 2738,2140 2773,2142 2809,2143 2845,2143 2880,2143 2916,2143 2952,2141 2987,2142 3023,2143 3059,2143 3095,2140"/>
                <TextEquiv>
                    <Unicode>charme et de grâce légère, cette iné¬</Unicode>
                </TextEquiv>
            </TextLine>
            <TextLine id="tr_3_tl_46" custom="readingOrder {index:45;}">
                <Coords points="2379,2190 3090,2194 3068,2148 2379,2152"/>
                <Baseline points="2384,2176 2419,2178 2454,2178 2490,2177 2525,2176 2561,2178 2596,2178 2631,2178 2667,2178 2702,2178 2738,2178 2773,2178 2808,2178 2844,2177 2879,2176 2915,2176 2950,2179 2985,2181 3021,2181 3056,2181 3092,2181"/>
                <TextEquiv>
                    <Unicode>puisable source des poètes; l'amour.</Unicode>
                </TextEquiv>
            </TextLine>
            <TextLine id="tr_3_tl_47" custom="readingOrder {index:46;}">
                <Coords points="2368,2230 3097,2240 3097,2192 3053,2187 2368,2199"/>
                <Baseline points="2373,2214 2409,2216 2445,2215 2481,2214 2518,2215 2554,2217 2590,2217 2626,2217 2663,2216 2699,2215 2735,2217 2771,2217 2808,2217 2844,2217 2880,2217 2916,2217 2953,2217 2989,2219 3025,2220 3061,2221 3098,2220"/>
                <TextEquiv>
                    <Unicode>Schnitzler, c'est le poète de l'amour,</Unicode>
                </TextEquiv>
            </TextLine>
            <TextLine id="tr_3_tl_48" custom="readingOrder {index:47;}">
                <Coords points="2370,2259 3094,2266 3071,2224 2757,2244 2716,2222 2370,2227"/>
                <Baseline points="2375,2253 2411,2255 2447,2256 2483,2255 2519,2254 2555,2256 2591,2256 2627,2256 2663,2256 2699,2256 2735,2256 2771,2256 2807,2256 2843,2256 2879,2256 2915,2256 2951,2256 2987,2256 3023,2257 3059,2259 3095,2259"/>
                <TextEquiv>
                    <Unicode>de l'amour timide, de l'amour ina¬</Unicode>
                </TextEquiv>
            </TextLine>
            <TextLine id="tr_3_tl_49" custom="readingOrder {index:48;}">
                <Coords points="2373,2304 3097,2309 3088,2265 2373,2274"/>
                <Baseline points="2378,2292 2414,2292 2450,2292 2486,2293 2522,2294 2558,2292 2594,2292 2630,2294 2666,2295 2702,2295 2738,2295 2774,2295 2810,2295 2846,2295 2882,2295 2918,2295 2954,2298 2990,2296 3026,2295 3062,2296 3098,2295"/>
                <TextEquiv>
                    <Unicode>souvi, le poète de l'homme qui laisse</Unicode>
                </TextEquiv>
            </TextLine>
            <TextLine id="tr_3_tl_50" custom="readingOrder {index:49;}">
                <Coords points="2379,2336 3027,2341 3092,2364 3098,2305 2378,2309"/>
                <Baseline points="2384,2334 2419,2332 2455,2331 2491,2331 2527,2331 2563,2331 2599,2331 2634,2333 2670,2333 2706,2332 2742,2334 2778,2334 2814,2334 2850,2334 2885,2334 2921,2334 2957,2334 2993,2336 3029,2337 3065,2337 3101,2337"/>
                <TextEquiv>
                    <Unicode>passer le bonheur sous ses yeux et ne</Unicode>
                </TextEquiv>
            </TextLine>
            <TextLine id="tr_3_tl_51" custom="readingOrder {index:50;}">
                <Coords points="2376,2385 2900,2383 2899,2343 2875,2339 2789,2356 2658,2339 2413,2349 2375,2332"/>
                <Baseline points="2381,2373 2407,2371 2433,2370 2459,2370 2485,2370 2511,2370 2537,2371 2563,2373 2589,2371 2615,2371 2641,2372 2667,2373 2693,2373 2719,2373 2745,2373 2771,2373 2797,2373 2823,2373 2849,2374 2875,2375 2901,2375"/>
                <TextEquiv>
                    <Unicode>le voit qu'après, trop tard</Unicode>
                </TextEquiv>
            </TextLine>
            <TextLine id="tr_3_tl_52" custom="readingOrder {index:51;}">
                <Coords points="2404,2417 3096,2427 3095,2365 3034,2345 2911,2391 2403,2382"/>
                <Baseline points="2408,2408 2442,2410 2477,2409 2511,2408 2546,2408 2580,2408 2615,2410 2649,2411 2684,2411 2718,2411 2753,2411 2787,2411 2822,2411 2856,2411 2891,2411 2925,2411 2960,2411 2994,2411 3029,2411 3063,2413 3098,2414"/>
                <TextEquiv>
                    <Unicode>Et c'est là tout Anatole. Anatole,</Unicode>
                </TextEquiv>
            </TextLine>
            <TextLine id="tr_3_tl_53" custom="readingOrder {index:52;}">
                <Coords points="2373,2464 3097,2453 3062,2415 2373,2417"/>
                <Baseline points="2378,2447 2414,2447 2450,2447 2486,2447 2522,2447 2558,2447 2594,2447 2630,2447 2666,2447 2702,2448 2738,2450 2774,2450 2810,2450 2846,2450 2882,2449 2918,2447 2954,2450 2990,2450 3026,2450 3062,2450 3098,2447"/>
                <TextEquiv>
                    <Unicode>c'est l'éternel amoureux, l'éternel in¬</Unicode>
                </TextEquiv>
            </TextLine>
            <TextLine id="tr_3_tl_54" custom="readingOrder {index:53;}">
                <Coords points="2371,2497 3054,2507 3102,2500 3101,2457 2370,2463"/>
                <Baseline points="2375,2486 2411,2488 2447,2487 2484,2487 2520,2489 2557,2489 2593,2489 2630,2489 2666,2488 2703,2487 2739,2489 2775,2489 2812,2489 2848,2489 2885,2489 2921,2489 2958,2489 2994,2489 3031,2491 3067,2491 3104,2492"/>
                <TextEquiv>
                    <Unicode>satisfait, qui ne sait pas se fixer, qui</Unicode>
                </TextEquiv>
            </TextLine>
            <TextLine id="tr_3_tl_55" custom="readingOrder {index:54;}">
                <Coords points="2379,2544 3090,2537 3081,2495 2379,2504"/>
                <Baseline points="2384,2525 2419,2527 2454,2526 2490,2525 2525,2525 2561,2528 2596,2526 2631,2525 2667,2525 2702,2525 2738,2525 2773,2525 2808,2525 2844,2526 2879,2528 2915,2528 2950,2528 2985,2528 3021,2528 3056,2528 3092,2525"/>
                <TextEquiv>
                    <Unicode>ne se fixera pas. Et ceci même expli¬</Unicode>
                </TextEquiv>
            </TextLine>
            <TextLine id="tr_3_tl_56" custom="readingOrder {index:55;}">
                <Coords points="2370,2577 3096,2581 3078,2535 2370,2541"/>
                <Baseline points="2375,2561 2411,2563 2447,2564 2483,2564 2519,2564 2555,2564 2591,2564 2628,2566 2664,2567 2700,2567 2736,2567 2772,2567 2808,2565 2844,2565 2881,2567 2917,2567 2953,2567 2989,2567 3025,2567 3061,2566 3098,2564"/>
                <TextEquiv>
                    <Unicode>que la construction de cette... comé¬</Unicode>
                </TextEquiv>
            </TextLine>
            <TextLine id="tr_3_tl_57" custom="readingOrder {index:56;}">
                <Coords points="2373,2606 3093,2617 3093,2584 2994,2570 2373,2579"/>
                <Baseline points="2378,2602 2413,2604 2449,2605 2485,2604 2521,2602 2557,2602 2593,2602 2628,2602 2664,2603 2700,2605 2736,2605 2772,2603 2808,2604 2844,2605 2879,2604 2915,2602 2951,2604 2987,2605 3023,2605 3059,2605 3095,2605"/>
                <TextEquiv>
                    <Unicode>die, qui est un ensemble de petits ins¬</Unicode>
                </TextEquiv>
            </TextLine>
            <TextLine id="tr_3_tl_58" custom="readingOrder {index:57;}">
                <Coords points="2370,2655 3094,2647 3093,2616 2369,2602"/>
                <Baseline points="2375,2644 2411,2642 2447,2641 2483,2641 2519,2641 2555,2641 2591,2641 2627,2641 2663,2641 2699,2642 2735,2644 2771,2641 2807,2641 2843,2641 2879,2641 2915,2641 2951,2644 2987,2644 3023,2644 3059,2644 3095,2644"/>
                <TextEquiv>
                    <Unicode>tantanés en un acte, des épisodes amou¬</Unicode>
                </TextEquiv>
            </TextLine>
            <TextLine id="tr_3_tl_59" custom="readingOrder {index:58;}">
                <Coords points="2370,2689 3085,2704 3084,2660 3041,2646 2370,2659"/>
                <Baseline points="2375,2677 2410,2679 2446,2680 2481,2680 2517,2680 2552,2680 2588,2680 2623,2680 2659,2680 2694,2680 2730,2683 2766,2683 2801,2683 2837,2683 2872,2683 2908,2683 2943,2683 2979,2683 3014,2683 3050,2683 3086,2680"/>
                <TextEquiv>
                    <Unicode>reux de la vie d'un homme: Anatole</Unicode>
                </TextEquiv>
            </TextLine>
            <TextLine id="tr_3_tl_60" custom="readingOrder {index:59;}">
                <Coords points="2373,2725 2459,2736 2575,2724 2593,2737 2608,2725 2712,2723 2712,2698 2679,2686 2588,2702 2557,2688 2373,2688"/>
                <Baseline points="2378,2722 2403,2719 2429,2719 2455,2719 2481,2719 2506,2719 2532,2719 2558,2719 2584,2719 2609,2719 2635,2719 2661,2719 2687,2719 2713,2719"/>
                <TextEquiv>
                    <Unicode>la figure centrale.</Unicode>
                </TextEquiv>
            </TextLine>
            <TextLine id="tr_3_tl_61" custom="readingOrder {index:60;}">
                <Coords points="2403,2762 3093,2770 3083,2726 2403,2728"/>
                <Baseline points="2408,2749 2442,2751 2476,2754 2511,2756 2545,2758 2579,2758 2614,2758 2648,2758 2682,2758 2717,2758 2751,2758 2785,2759 2820,2760 2854,2758 2888,2758 2923,2759 2957,2760 2991,2758 3026,2760 3060,2761 3095,2758"/>
                <TextEquiv>
                    <Unicode>Racine donnait des confidentes à ses</Unicode>
                </TextEquiv>
            </TextLine>
            <TextLine id="tr_3_tl_62" custom="readingOrder {index:61;}">
                <Coords points="2368,2805 3099,2808 3099,2779 3065,2768 2368,2761"/>
                <Baseline points="2373,2793 2409,2795 2445,2796 2482,2796 2518,2796 2555,2796 2591,2796 2627,2796 2664,2796 2700,2796 2737,2796 2773,2796 2809,2798 2846,2797 2882,2797 2919,2799 2955,2799 2991,2799 3028,2797 3064,2796 3101,2796"/>
                <TextEquiv>
                    <Unicode>héroïnes. Schnitzer a doté son person¬</Unicode>
                </TextEquiv>
            </TextLine>
            <TextLine id="tr_3_tl_63" custom="readingOrder {index:62;}">
                <Coords points="2368,2845 3099,2840 3099,2807 3023,2803 2368,2806"/>
                <Baseline points="2373,2835 2409,2835 2445,2835 2482,2835 2518,2834 2555,2832 2591,2835 2627,2835 2664,2835 2700,2836 2737,2838 2773,2838 2809,2838 2846,2838 2882,2838 2919,2838 2955,2838 2991,2838 3028,2838 3064,2837 3101,2835"/>
                <TextEquiv>
                    <Unicode>nage d'un compagnon, brave philoso¬</Unicode>
                </TextEquiv>
            </TextLine>
            <TextLine id="tr_3_tl_64" custom="readingOrder {index:63;}">
                <Coords points="2373,2888 3097,2894 3097,2852 3050,2840 2929,2860 2373,2845"/>
                <Baseline points="2378,2874 2414,2872 2450,2871 2486,2872 2522,2873 2558,2871 2594,2873 2630,2874 2666,2874 2702,2875 2738,2877 2774,2877 2810,2877 2846,2877 2882,2877 2918,2877 2954,2877 2990,2877 3026,2877 3062,2878 3098,2880"/>
                <TextEquiv>
                    <Unicode>phe pratique. Il fallait cela à Anatole.</Unicode>
                </TextEquiv>
            </TextLine>
            <TextLine id="tr_3_tl_65" custom="readingOrder {index:64;}">
                <Coords points="2368,2911 2473,2935 2567,2914 3099,2931 3099,2894 3045,2884 2368,2888"/>
                <Baseline points="2373,2910 2409,2910 2445,2910 2482,2911 2518,2912 2555,2910 2591,2913 2627,2913 2664,2913 2700,2913 2737,2913 2773,2916 2809,2914 2846,2915 2882,2916 2919,2916 2955,2916 2991,2916 3028,2916 3064,2916 3101,2916"/>
                <TextEquiv>
                    <Unicode>qui traîne sa nostalgie de femme en</Unicode>
                </TextEquiv>
            </TextLine>
            <TextLine id="tr_3_tl_66" custom="readingOrder {index:65;}">
                <Coords points="2370,2966 3096,2964 3096,2940 3019,2921 2659,2918 2529,2943 2370,2917"/>
                <Baseline points="2375,2952 2411,2950 2447,2949 2483,2950 2519,2951 2555,2949 2591,2951 2628,2952 2664,2952 2700,2952 2736,2952 2772,2952 2808,2952 2844,2952 2881,2953 2917,2955 2953,2955 2989,2955 3025,2955 3061,2956 3098,2958"/>
                <TextEquiv>
                    <Unicode>femme, son désir toujours brûlant,</Unicode>
                </TextEquiv>
            </TextLine>
            <TextLine id="tr_3_tl_67" custom="readingOrder {index:66;}">
                <Coords points="2365,2994 2777,3017 3094,2995 3094,2970 3054,2960 2365,2966"/>
                <Baseline points="2370,2990 2406,2990 2442,2990 2478,2989 2515,2987 2551,2987 2587,2987 2623,2989 2660,2990 2696,2990 2732,2990 2768,2990 2805,2990 2841,2990 2877,2990 2913,2990 2950,2990 2986,2992 3022,2993 3058,2993 3095,2993"/>
                <TextEquiv>
                    <Unicode>appel des sens, sans doute. Schnitzler</Unicode>
                </TextEquiv>
            </TextLine>
            <TextLine id="tr_3_tl_68" custom="readingOrder {index:67;}">
                <Coords points="2368,3050 3097,3039 3096,2994 2779,3018 2565,2989 2368,3005"/>
                <Baseline points="2373,3029 2409,3029 2445,3027 2481,3026 2518,3026 2554,3026 2590,3026 2626,3026 2663,3027 2699,3029 2735,3029 2771,3029 2808,3029 2844,3031 2880,3032 2916,3032 2953,3029 2989,3031 3025,3032 3061,3032 3098,3032"/>
                <TextEquiv>
                    <Unicode>était un médecin, et, en même temps</Unicode>
                </TextEquiv>
            </TextLine>
            <TextLine id="tr_3_tl_69" custom="readingOrder {index:68;}">
                <Coords points="2370,3072 3097,3088 3096,3039 2370,3050"/>
                <Baseline points="2375,3068 2411,3066 2447,3067 2483,3067 2519,3066 2555,3068 2591,3068 2628,3068 2664,3068 2700,3068 2736,3068 2772,3068 2808,3068 2844,3068 2881,3069 2917,3071 2953,3068 2989,3070 3025,3071 3061,3071 3098,3071"/>
                <TextEquiv>
                    <Unicode>que Freud, il a compris l'importance</Unicode>
                </TextEquiv>
            </TextLine>
            <TextLine id="tr_3_tl_70" custom="readingOrder {index:69;}">
                <Coords points="2370,3107 3090,3119 3069,3078 2370,3071"/>
                <Baseline points="2375,3104 2410,3104 2446,3104 2482,3104 2518,3104 2554,3104 2590,3104 2625,3104 2661,3105 2697,3107 2733,3107 2769,3107 2805,3107 2841,3107 2876,3107 2912,3107 2948,3107 2984,3109 3020,3110 3056,3109 3092,3107"/>
                <TextEquiv>
                    <Unicode>du facteur sexuel dans les rapports en¬</Unicode>
                </TextEquiv>
            </TextLine>
            <TextLine id="tr_3_tl_71" custom="readingOrder {index:70;}">
                <Coords points="2370,3145 3051,3165 3096,3146 3061,3115 2630,3132 2370,3110"/>
                <Baseline points="2375,3143 2411,3143 2447,3143 2483,3143 2519,3143 2555,3143 2591,3145 2628,3144 2664,3144 2700,3146 2736,3146 2772,3146 2808,3146 2844,3146 2881,3146 2917,3146 2953,3146 2989,3146 3025,3146 3061,3146 3098,3146"/>
                <TextEquiv>
                    <Unicode>tre humains, mais aussi le besoin te¬</Unicode>
                </TextEquiv>
            </TextLine>
            <TextLine id="tr_3_tl_72" custom="readingOrder {index:71;}">
                <Coords points="2362,3187 3093,3201 3093,3149 3006,3172 2362,3146"/>
                <Baseline points="2367,3181 2403,3181 2439,3181 2476,3181 2512,3181 2549,3181 2585,3181 2621,3181 2658,3181 2694,3181 2731,3181 2767,3184 2803,3182 2840,3181 2876,3182 2913,3184 2949,3184 2985,3184 3022,3186 3058,3188 3095,3190"/>
                <TextEquiv>
                    <Unicode>nace d'un être qui cherche celle qui,</Unicode>
                </TextEquiv>
            </TextLine>
            <TextLine id="tr_3_tl_73" custom="readingOrder {index:72;}">
                <Coords points="2370,3225 3087,3228 3072,3197 3016,3189 2974,3208 2370,3191"/>
                <Baseline points="2375,3220 2410,3220 2446,3220 2482,3220 2517,3220 2553,3220 2589,3220 2624,3220 2660,3220 2696,3220 2732,3220 2767,3220 2803,3222 2839,3223 2874,3223 2910,3223 2946,3223 2981,3223 3017,3223 3053,3223 3089,3220"/>
                <TextEquiv>
                    <Unicode>enfin, lui apportera le bonheur, c'est¬</Unicode>
                </TextEquiv>
            </TextLine>
            <TextLine id="tr_3_tl_74" custom="readingOrder {index:73;}">
                <Coords points="2374,3275 3091,3280 3090,3226 2373,3231"/>
                <Baseline points="2378,3259 2413,3259 2449,3257 2485,3257 2520,3259 2556,3259 2592,3259 2627,3259 2663,3259 2699,3259 2735,3259 2770,3259 2806,3259 2842,3260 2877,3262 2913,3262 2949,3262 2984,3262 3020,3262 3056,3262 3092,3259"/>
                <TextEquiv>
                    <Unicode>à dire la paix intérieure, et ne la ren¬</Unicode>
                </TextEquiv>
            </TextLine>
            <TextLine id="tr_3_tl_75" custom="readingOrder {index:74;}">
                <Coords points="2370,3303 2688,3307 2734,3332 3094,3312 3094,3277 3033,3270 2370,3277"/>
                <Baseline points="2375,3295 2411,3295 2447,3295 2483,3295 2519,3296 2555,3298 2591,3298 2627,3298 2663,3299 2699,3301 2735,3301 2771,3301 2807,3301 2843,3301 2879,3302 2915,3304 2951,3301 2987,3301 3023,3301 3059,3302 3095,3301"/>
                <TextEquiv>
                    <Unicode>contrera que trop tard, quand il ne sera</Unicode>
                </TextEquiv>
            </TextLine>
            <TextLine id="tr_3_tl_76" custom="readingOrder {index:75;}">
                <Coords points="2365,3346 2392,3356 2417,3341 2429,3351 2458,3356 2470,3348 2489,3353 2504,3342 2521,3349 2556,3344 2556,3315 2534,3307 2509,3315 2498,3303 2451,3302 2431,3311 2409,3302 2365,3302"/>
                <Baseline points="2370,3340 2396,3336 2423,3334 2450,3334 2477,3334 2504,3334 2531,3335 2558,3337"/>
                <TextEquiv>
                    <Unicode>plus libre.</Unicode>
                </TextEquiv>
            </TextLine>
            <TextLine id="tr_3_tl_77" custom="readingOrder {index:76;}">
                <Coords points="2409,3394 3093,3404 3093,3344 2829,3362 2610,3332 2496,3358 2409,3343"/>
                <Baseline points="2414,3378 2448,3380 2482,3381 2516,3382 2550,3384 2584,3384 2618,3384 2652,3384 2686,3384 2720,3384 2754,3384 2788,3384 2822,3384 2856,3384 2890,3386 2924,3387 2958,3387 2992,3387 3026,3387 3060,3387 3095,3387"/>
                <TextEquiv>
                    <Unicode>Une femme sort; une femme entre.</Unicode>
                </TextEquiv>
            </TextLine>
            <TextLine id="tr_3_tl_78" custom="readingOrder {index:77;}">
                <Coords points="2362,3437 3043,3443 3091,3440 3091,3403 2361,3396"/>
                <Baseline points="2367,3420 2403,3420 2439,3420 2475,3420 2512,3420 2548,3420 2584,3423 2620,3423 2657,3423 2693,3423 2729,3423 2765,3423 2802,3423 2838,3425 2874,3426 2910,3426 2947,3426 2983,3426 3019,3426 3055,3425 3092,3423"/>
                <TextEquiv>
                    <Unicode>Et tout cela, sans que jamais la moin¬</Unicode>
                </TextEquiv>
            </TextLine>
            <TextLine id="tr_3_tl_79" custom="readingOrder {index:78;}">
                <Coords points="2363,3481 3090,3478 3089,3439 2362,3437"/>
                <Baseline points="2367,3456 2403,3458 2439,3457 2475,3457 2512,3459 2548,3459 2584,3459 2620,3459 2657,3459 2693,3460 2729,3462 2765,3462 2802,3462 2838,3462 2874,3462 2910,3462 2947,3465 2983,3465 3019,3465 3055,3465 3092,3465"/>
                <TextEquiv>
                    <Unicode>dre vulgarité s'y mêle. C'est que ce</Unicode>
                </TextEquiv>
            </TextLine>
            <TextLine id="tr_3_tl_80" custom="readingOrder {index:79;}">
                <Coords points="2365,3502 3077,3524 3089,3478 2364,3481"/>
                <Baseline points="2370,3495 2406,3497 2442,3498 2478,3498 2514,3498 2550,3498 2586,3498 2622,3498 2658,3499 2694,3500 2731,3498 2767,3498 2803,3500 2839,3501 2875,3501 2911,3501 2947,3504 2983,3504 3019,3504 3055,3504 3092,3507"/>
                <TextEquiv>
                    <Unicode>sujet délicat est traité par un artiste</Unicode>
                </TextEquiv>
            </TextLine>
            <TextLine id="tr_3_tl_81" custom="readingOrder {index:80;}">
                <Coords points="2370,3545 3087,3551 3087,3522 3044,3508 2370,3504"/>
                <Baseline points="2375,3537 2410,3537 2446,3535 2482,3535 2517,3537 2553,3537 2589,3537 2624,3539 2660,3540 2696,3540 2732,3540 2767,3540 2803,3540 2839,3540 2874,3540 2910,3540 2946,3540 2981,3542 3017,3543 3053,3543 3089,3540"/>
                <TextEquiv>
                    <Unicode>sensible et baigne dans une atmosphère</Unicode>
                </TextEquiv>
            </TextLine>
            <TextLine id="tr_3_tl_82" custom="readingOrder {index:81;}">
                <Coords points="2370,3584 3090,3587 3075,3546 2992,3566 2370,3546"/>
                <Baseline points="2375,3575 2410,3575 2446,3575 2482,3575 2518,3575 2554,3575 2590,3575 2625,3577 2661,3578 2697,3578 2733,3578 2769,3576 2805,3577 2841,3579 2876,3581 2912,3581 2948,3579 2984,3578 3020,3579 3056,3581 3092,3581"/>
                <TextEquiv>
                    <Unicode>parfumée, arrosée de champagne et de</Unicode>
                </TextEquiv>
            </TextLine>
            <TextLine id="tr_3_tl_83" custom="readingOrder {index:82;}">
                <Coords points="2362,3633 3093,3633 3093,3587 2668,3603 2362,3581"/>
                <Baseline points="2367,3611 2403,3611 2439,3613 2476,3614 2512,3614 2549,3614 2585,3614 2621,3616 2658,3615 2694,3615 2731,3617 2767,3617 2803,3617 2840,3619 2876,3620 2913,3620 2949,3620 2985,3620 3022,3620 3058,3620 3095,3620"/>
                <TextEquiv>
                    <Unicode>bourgogne ; les cocktails n'existaient</Unicode>
                </TextEquiv>
            </TextLine>
            <TextLine id="tr_3_tl_84" custom="readingOrder {index:83;}">
                <Coords points="2362,3672 2384,3668 2399,3676 2423,3658 2449,3666 2486,3656 2594,3679 2595,3626 2577,3635 2520,3619 2506,3631 2486,3623 2436,3631 2417,3618 2363,3633"/>
                <Baseline points="2367,3659 2392,3656 2417,3653 2443,3653 2468,3653 2494,3653 2519,3653 2545,3653 2570,3654 2596,3656"/>
                <TextEquiv>
                    <Unicode>guère alors.</Unicode>
                </TextEquiv>
            </TextLine>
            <TextLine id="tr_3_tl_85" custom="readingOrder {index:84;}">
                <Coords points="2409,3705 3093,3721 3093,3682 3008,3664 2937,3686 2882,3665 2630,3682 2409,3663"/>
                <Baseline points="2414,3698 2448,3700 2482,3701 2516,3701 2550,3701 2584,3701 2618,3701 2652,3701 2686,3701 2720,3701 2754,3701 2788,3702 2822,3704 2856,3704 2890,3704 2924,3704 2958,3704 2992,3707 3026,3707 3060,3707 3095,3707"/>
                <TextEquiv>
                    <Unicode>Toutes ces scènes pétillent comme</Unicode>
                </TextEquiv>
            </TextLine>
            <TextLine id="tr_3_tl_86" custom="readingOrder {index:85;}">
                <Coords points="2362,3743 3087,3761 3087,3724 3055,3713 2507,3726 2362,3700"/>
                <Baseline points="2367,3740 2403,3740 2439,3740 2475,3740 2511,3740 2547,3740 2583,3740 2619,3740 2655,3740 2691,3741 2728,3743 2764,3743 2800,3743 2836,3743 2872,3743 2908,3743 2944,3743 2980,3743 3016,3743 3052,3744 3089,3743"/>
                <TextEquiv>
                    <Unicode>du bon vin, et nous grisent assez pour</Unicode>
                </TextEquiv>
            </TextLine>
            <TextLine id="tr_3_tl_87" custom="readingOrder {index:86;}">
                <Coords points="2362,3786 3092,3803 3085,3758 2658,3746 2569,3769 2362,3742"/>
                <Baseline points="2367,3775 2403,3775 2439,3777 2475,3778 2512,3778 2548,3778 2584,3778 2620,3778 2657,3778 2693,3779 2729,3781 2765,3778 2802,3780 2838,3781 2874,3781 2910,3781 2947,3781 2983,3783 3019,3784 3055,3784 3092,3787"/>
                <TextEquiv>
                    <Unicode>nous faire oublier que, semblables au</Unicode>
                </TextEquiv>
            </TextLine>
            <TextLine id="tr_3_tl_88" custom="readingOrder {index:87;}">
                <Coords points="2368,3823 3093,3839 3067,3790 2368,3785"/>
                <Baseline points="2373,3814 2409,3816 2445,3817 2481,3817 2517,3817 2553,3817 2589,3817 2625,3819 2661,3820 2697,3820 2734,3820 2770,3820 2806,3820 2842,3820 2878,3821 2914,3823 2950,3820 2986,3820 3022,3820 3058,3820 3095,3820"/>
                <TextEquiv>
                    <Unicode>héros, nous courons en vain après le</Unicode>
                </TextEquiv>
            </TextLine>
            <TextLine id="tr_3_tl_89" custom="readingOrder {index:88;}">
                <Coords points="2368,3864 3090,3866 3072,3829 2710,3847 2565,3823 2526,3847 2367,3825"/>
                <Baseline points="2373,3853 2410,3853 2448,3855 2486,3856 2524,3856 2562,3856 2600,3856 2637,3856 2675,3856 2713,3858 2751,3859 2789,3859 2827,3859 2864,3859 2902,3859 2940,3859 2978,3859 3016,3859 3054,3859 3092,3859"/>
                <TextEquiv>
                    <Unicode>bonheur, l'amour entier, et que nous</Unicode>
                </TextEquiv>
            </TextLine>
            <TextLine id="tr_3_tl_90" custom="readingOrder {index:89;}">
                <Coords points="2365,3896 2806,3900 2875,3923 2912,3902 3084,3909 3083,3866 2364,3861"/>
                <Baseline points="2370,3895 2405,3893 2441,3892 2477,3892 2513,3893 2549,3895 2584,3895 2620,3895 2656,3895 2692,3896 2728,3898 2763,3898 2799,3898 2835,3898 2871,3898 2907,3898 2942,3898 2978,3898 3014,3898 3050,3899 3086,3901"/>
                <TextEquiv>
                    <Unicode>ne nous contentons le plus souvent que</Unicode>
                </TextEquiv>
            </TextLine>
            <TextLine id="tr_3_tl_91" custom="readingOrder {index:90;}">
                <Coords points="2368,3941 3082,3945 3082,3917 3017,3903 2872,3922 2368,3898"/>
                <Baseline points="2373,3934 2408,3932 2444,3931 2479,3931 2515,3932 2550,3934 2586,3934 2621,3934 2657,3934 2692,3934 2728,3934 2763,3936 2799,3937 2834,3937 2870,3937 2905,3937 2941,3937 2976,3937 3012,3937 3047,3937 3083,3940"/>
                <TextEquiv>
                    <Unicode>de masques, de sourires, d'étreintes</Unicode>
                </TextEquiv>
            </TextLine>
            <TextLine id="tr_3_tl_92" custom="readingOrder {index:91;}">
                <Coords points="2370,3978 3084,3983 3084,3957 3033,3943 2370,3940"/>
                <Baseline points="2375,3966 2410,3968 2446,3969 2481,3969 2517,3969 2552,3969 2588,3969 2623,3971 2659,3972 2694,3972 2730,3972 2766,3974 2801,3973 2837,3973 2872,3975 2908,3975 2943,3973 2979,3973 3014,3975 3050,3975 3086,3975"/>
                <TextEquiv>
                    <Unicode>éphémères : les meubles de la vie d'un</Unicode>
                </TextEquiv>
            </TextLine>
            <TextLine id="tr_3_tl_93" custom="readingOrder {index:92;}">
                <Coords points="2362,4021 3091,4030 3085,3981 2621,3995 2558,3975 2512,3997 2362,3977"/>
                <Baseline points="2367,4008 2403,4008 2439,4008 2475,4008 2512,4009 2548,4011 2584,4011 2620,4011 2657,4011 2693,4012 2729,4014 2765,4014 2802,4014 2838,4014 2874,4014 2910,4014 2947,4014 2983,4016 3019,4015 3055,4014 3092,4014"/>
                <TextEquiv>
                    <Unicode>homme, d'un poète qui ne sait pas</Unicode>
                </TextEquiv>
            </TextLine>
            <TextLine id="tr_3_tl_94" custom="readingOrder {index:93;}">
                <Coords points="2359,4053 2377,4060 2399,4051 2426,4064 2476,4064 2488,4073 2502,4067 2541,4070 2541,4028 2500,4025 2482,4015 2452,4025 2434,4013 2416,4023 2392,4012 2359,4022"/>
                <Baseline points="2364,4047 2389,4047 2415,4047 2440,4047 2466,4047 2491,4047 2517,4047 2543,4047"/>
                <TextEquiv>
                    <Unicode>s'adapter.</Unicode>
                </TextEquiv>
            </TextLine>
            <TextLine id="tr_3_tl_95" custom="readingOrder {index:94;}">
                <Coords points="2616,4109 2808,4102 2838,4120 3036,4108 3024,4060 2951,4070 2795,4042 2740,4065 2615,4046"/>
                <Baseline points="2620,4095 2646,4095 2672,4095 2698,4095 2724,4096 2750,4098 2776,4098 2802,4098 2829,4098 2855,4098 2881,4098 2907,4098 2933,4098 2959,4100 2985,4101 3011,4101 3038,4104"/>
                <TextEquiv>
                    <Unicode>GASTON-GEORGES.</Unicode>
                </TextEquiv>
            </TextLine>
            <TextEquiv>
                <Unicode></Unicode>
            </TextEquiv>
        </TextRegion>
    </Page>
</PcGts>
