3436 4256
278 164 820 272 4.9. Anatol
1399 164 1754 266 box 8/5
956 162 1200 274 Zyklu-
918 899 2546 989 Paul Oskar Höcker:
1807 987 2546 1054 hatten im Lessingtheater ungleich bessere
1807 1047 2546 1104 Vertretung als Anatol. Die feinste Wir¬
1801 1098 2550 1151 kung erzielte Lina Lossen, die drastischste
1803 1149 2546 1206 Mathilde Sussin mit ihrer Annie im
2203 1196 2550 1265 Wenn die jungen
1807 1194 2148 1263 „Abschiedssouper
1807 1246 2550 1303 Schauspielerinnen aber nur den Zug
1809 1287 2548 1346 der Gefräßigkeit, den die Annie un¬
1807 1342 2540 1399 bedingt haben darf und soll, ein biß
2172 1384 2550 1451 Eine fesche Wiener
1809 1382 2111 1451 chen milderten
1813 1437 2552 1492 Choristin schmiert sich die Schlagsahne
1807 1488 2162 1551 nicht um die Nase
2190 1486 2546 1551 Im Gegenteil, die
1809 1535 2548 1598 kann reizend essen. Wenn man sie ein
1809 1585 2558 1636 Backhendl abknabbern sieht, kriegt man
1809 1634 2552 1691 Appetit. (Auf das Backhend natürlich.)
1809 1685 2558 1748 Ganz verfehlt war Irene Triesch in
1807 1730 2552 1792 „Anatols Hochzeitsmorgen". Es man¬
1809 1770 2550 1841 gelt ihr jede Leichtigkeit, jede Grazie
1813 1835 2552 1894 fürs Lustspiel. Seltsam. Am Vortrags¬
1813 1878 2552 1937 pult kann ihre edle, orientalische Schön¬
1807 1926 2540 1985 heit geradezu berücken, wie wunder
1807 1971 2546 2032 voll weiß ihre sinnliche Stimme zu mo¬
1803 2020 2544 2083 dulieren, wie klug, wie durchgeistig.
1801 2065 2550 2136 wirkt ihr Auge. Aber als Ilona ähnelte
1809 2119 2550 2178 sie in Haltung, Aussehn, Sprechweise
1809 2162 2550 2247 und Kostüm mehr einer unliebenswür¬
1045 2284 1575 2341 Paul Wegener als König dipus
960 2318 1669 2399 Photographie von Becker & Maaß in Berlin.
918 2408 1663 2464 männchen Anatol bei fünf verschie¬
920 2456 1654 2527 denen Begegnungen mit fünf verschie¬
913 2505 1659 2568 denen süßen Mädeln. (Es ist auch eine
926 2558 1665 2621 standesamtlich getraute Frau darunter,
920 2609 1661 2663 aber sie ist standesamtlich mit einem
920 2655 1669 2714 andern getraut.) Die verschiedenen
926 2704 1656 2765 süßen Mädel haben das eine gemein¬
924 2749 1663 2807 sam, daß sie Anatol an Witz, Menschen¬
918 2803 1661 2850 kenntnis und Verschlagenheit bei wei¬
918 2844 1661 2909 tem überlegen sind. In allen fünf
926 2903 1661 2958 Stückchen blamiert sich der gute Ana¬
924 2948 1663 3013 tol. Das hat den Darsteller, Herrn Heinz
922 2996 1663 3051 Monnard, leider veranlaßt, einen lang¬
918 3045 1656 3108 weiligen, philiströsen, angefahrten Trot¬
920 3092 1663 3159 tel auf klapprige Beine zu stellen. Ganz
920 3144 1659 3203 verfehlt. Was uns den Anatol erträg¬
920 3185 1661 3250 lich machen kann, ist fesche, frische,
920 3240 1654 3295 dummselige Jugend. Und ein hübsches
918 3285 1661 3347 Kerlchen muß er schon sein. So etwa
918 3329 1661 3396 wie früher Harry Walden. Oder wie
918 3388 1661 3445 der prächtige Clewing, der bisherige
920 3427 1659 3490 Herzensbrecher des Berliner Theaters,
920 3483 1661 3540 der soeben ans Königliche Schauspiel¬
924 3534 1663 3587 haus für einen Teil des Matkowsky-
1740 3561 2458 3609 Tilla Durieux als Jokaste in „König Odipus“
926 3573 1661 3662 faches übersiedelt. Die süßen Mädel
1746 3603 2454 3672 Photographie von Becker & Maaß in Berlin.
