3436 4352
254 236 1195 332 4.9. Anatol - Zyklus
477 444 942 580 Tagespost, Graz
861 600 1209 709 12 Apr. 1824.
609 731 1234 853 Theater, Kunst, Literatur.
829 826 1024 909 Anatol.
473 882 1378 947 Von Artur Schnitzler. — Im Schauspielhaus
451 940 1370 993 am Freitag. — Anatol: Herr Frank als Gast.
538 990 1370 1056 Hans Frank spielte gestern den Mann der
463 1035 1369 1119 selbstgeschaffenen Illusionen, den Anatol. Herr
473 1082 1378 1143 Frank, ein Sohn des Ehepaares Medelsky=Frank,
478 1128 1369 1195 hat das weiche Rachen-R seines Vaters in einer
487 1189 1372 1241 noch zarteren Form. Dieses fast un hörbare R
481 1237 1369 1293 gibt seiner Rede etwas eigentümlich Mark= und
487 1277 1372 1348 Knochenloses. Es nimmt seiner Sprache die Plastik.
484 1333 1372 1391 (Was im Opernhaus gefährlich werden könnte).
478 1360 1401 1434 Für den Anator ist Herr Frank vor allem noch
478 1424 1372 1485 zu jung. Er sieht knabenhaft aus. Die leichte
487 1475 1380 1531 Lustspieltonart liegt seiner Art näher als die
484 1520 1376 1595 Verträumtheit und Melancholie Anatoli. Viel ver¬
487 1541 1414 1625 sonnener müßte der immer getäuschte Verkenne¬
478 1620 1379 1672 in „Abschiedsouper die Stelle sprechen: „Anne
481 1666 1376 1731 erinnert mich so an einen getragenen Wiener
484 1718 1379 1769 Walze, — sentimale Heiterkeit... lächelnde schall¬
486 1765 1379 1823 hafte Wehmut ... das ist so ihr Wesen." Auch
478 1811 1386 1876 die Erzitterung über Annies Triumph müßte
478 1857 1372 1921 deutlicher zur Geltung kommen. Was man Herrn
484 1918 1378 1982 Frank unbedingt zubilligen kann, das ist seine
478 1962 1372 2040 unaufdringliche (aber für die Bühne auch zu
478 2011 1372 2084 wenig aktive) Jugend und seine zwanglose Eleganz.
481 2062 1376 2111 Den Mann aus gutem Haus glaubt man ihm.
484 2107 1373 2160 Er wurde von seinem Gegenpart Max, in dessen
493 2150 1376 2205 Gegenwart „jede Sentimentalität erstirbt, in der
484 2205 1369 2261 Darstellung durch Wehle weit übertroffen. Durch
478 2250 1366 2316 zielvolle und niemals plumpe Pointierung be¬
467 2287 1380 2397 herrschte er den Dialog der zwei Männer. Fräulein
645 2719 1275 2826 Dr. Max Goldschmidt
654 2801 1270 2909 Büro für Zeitungsausschnitte
1009 2872 1430 2948 Telefon: Norden 3051
478 2883 740 2958 BERLIN N4
806 2987 1095 3044 Ausschnitt aus
626 3028 1301 3135 Ostsee-Zeitung, Stettin
680 3216 1076 3325 Se.
429 3265 1327 3410 Aus Hull wird berichtet, daß die Aufführung
445 3344 1328 3431 der Anatol=Stücke von Arthur Schnitzler, die ein
441 3378 1335 3466 dort bestehender Theaterklub aus den besten Ge¬
457 3416 1334 3500 sellschaftskreisen veranstaltet hatte, zu einem
448 3460 1330 3551 Theaterskandal führte. Ein Anzahl von
452 3497 1328 3586 Damen verließ mit dem Ausdruck der Empörung
454 3548 1328 3622 den Zuschauerraum, und die Aufführung konnte
464 3576 1343 3663 infolge des lebhaften Meinungsstreites innerhalb
460 3608 1343 3702 des Publikums nur mit Mühe zu Ende geführt
458 3676 1359 3742 werden. Es wird erklärt, daß die „ungewohnte
473 3780 1362 3869 kontinentale Atmosphäre der Stücke von den
473 3808 1359 3909 weiblichen Zuschauern und sogar von einem Teil
480 3842 1396 3961 der Männer als oocking empfunden worden der
1364 228 1727 329 box 9/4
2153 464 2765 577 Dr. Max Goldschmidt
2150 552 2761 651 Büro für Zeitungsausschnitte
1976 631 2237 699 BERIN
2511 644 2936 709 Teleon: Norden 2051
2300 725 2588 813 Ausschnitt aus
2116 789 2774 893 Berliner Börsenzeitung
2390 879 2754 1005 2. dep. 1924
2648 985 2742 1022 -
1908 1057 2925 1116 — Schnitzler ist shocking. Aus Hull wird be¬
1878 1106 2916 1150 richtet, daß die Aufführung der Anatolche von
1878 1144 2913 1193 Arthur Schnitzler, die ein dort bestehender Theaterklub
1884 1188 2916 1227 aus den besten Gesellschaftskreisen der Stadt veranstaltet
1881 1222 2925 1270 hatte, zu einem Theaterskandal führte. Eine Anzahl
1875 1260 2919 1304 von Damen verließen mit dem Ausdruck der Empörung den
1894 1302 2929 1351 Zuschauerraum, und die Aufführung konnte infolge des leb¬
1884 1340 2922 1382 haften Meinungsstreites innerhalb des Publikums nur mit
1878 1380 2925 1424 Mühe zu Ende geführt werden. Es wird erklärt, daß die
1879 1421 2922 1467 „ungewohnte kontinentale Atmosphäre der Stücke von den
1878 1454 2928 1508 weiblichen Zuschauern und sogar von einem Teil der Männer
1878 1494 2596 1560 als „shocking empfunden worden sei.
2188 1900 2777 2008 Dr. Max Goldschmidt
2188 1982 2777 2071 Büro Hr. Zeitungsausschnitte
2532 2044 2955 2129 Telefon: Norden 3051
1997 2052 2253 2132 BERLINNA
2317 2153 2646 2240 Ausschnitt aus:
2245 2207 2697 2310 Prager Tagblatt
2313 2298 2668 2420 30 Sep. 1926
1944 2375 2868 2484 Schnitzler Shocking. Aus Hull wird berichtet, daß
1973 2456 2880 2510 die Ausführung der „Anatole-Stücke von Artur
1965 2490 2881 2551 Schnitzler, die ein dort bestehender Theater aus
1956 2523 2884 2585 den besten Gesellschaftskreisen der Stadt veranstaltet
1953 2569 2886 2633 hatte, zu einem Theaterskandal führte. Eine Anzahl
1953 2610 2888 2668 von Damen verließen mit dem Ausdruck der
1962 2649 2884 2703 Empörung den Zuschauerraum, und die Aufführung
1962 2690 2890 2745 konnte infolge des lebhaften Meinungsstreites inner¬
1962 2720 2900 2810 halb des Publikums nur mit Mühe zu Ende geführt
1958 2781 2113 2829 werden.
1944 2806 2105 2896 -
2129 2996 2755 3112 Dr. Max Goldschmidt
2140 3077 2749 3194 Büro für Zeitungsausschnitte
2506 3123 2932 3220 Telefon Norden 2051
1971 3142 2232 3241 SERLINNA
2300 3247 2598 3328 Ausschnitt aus:
2091 3296 2828 3409 Vossische Zeitung, Berlin
2310 3450 2743 3554 29. Sep. 1926
1831 3583 2955 3677 Schnitzler ist shocking. Aus Hull wird berichtet, daß
1801 3619 2958 3715 die Aufführung der „Anatol-Stücke von Artur
1798 3663 2958 3756 Schnitzler, die ein dort bestehender Theaterklub aus den
1798 3692 2955 3786 besten Gesellschaftskreisen der Stadt veranstaltet hatte, zu einem
1799 3738 2955 3824 Theaterskandal führte. Eine Anzahl von Damen verließen mit
1798 3773 2957 3857 dem Ausdruck der Empörung den Zuschauerraum, und die Auf¬
1798 3805 2948 3905 führung konnte infolge des lebhaften Meinungsstreites innerhalb
1798 3848 2952 3941 des Publikums nur mit Mühe zu Ende geführt werden. Es wird
1792 3892 2942 3979 erklärt, daß die ungewohnte kontinentale Atmosphäre des
1791 3927 2957 4031 Stückes von den weiblichen Zuschauern und sogar von einem Teil
1784 3953 2732 4066 der Männer als „shocking empfunden worden sei.
