3248 4256
152 195 555 273 4.9. Ana¬
666 193 932 300 Zy
539 352 1050 475 SERER
404 724 1050 841 Grenzbote, Bratislava-Preßburg
572 806 964 921 151
247 1190 1063 1295 Theater und Kunst
401 1335 958 1435 Schnitzler: Anatol
329 1390 984 1488 Burgtheater in Preßburg.
289 1459 1120 1528 Anatol ist noch immer modern. Solange es
244 1516 1116 1573 Mädchen geben wird, die eine dichterische Liebe
244 1566 1116 1621 lieben und Knaben, die die große Sehnsucht wie
238 1619 1116 1669 bunte Krawatten tragen, solange es eine Liebe
242 1664 1122 1728 geben wird, die sich nicht nur fühlen, sondern auch
253 1714 1114 1771 sehen und hören lassen will, wird sie ihre Anatols
247 1767 1122 1820 haben. Denn Schnitzler hat die losen, und doch
247 1820 1120 1868 so intensiv eindeutig verbundenen Bilder eines
244 1863 1116 1929 österreichischen Don Juans, der für seine, im
247 1910 1116 1961 Grunde genommen so kleinen Amouren ein so
247 1955 1116 2019 großes Forma findet, daß er als Mann darin
250 2007 1117 2064 völlig verschrumpft, wirklich realistisch gemeint.
253 2055 1114 2112 Es gab solche feinen und solche noblen Spazier¬
244 2099 1116 2157 gänger im Fergarten der gedämpften Leiden¬
256 2152 1123 2218 schaften, solche Schöngeister eines beinahe schon
244 2200 1120 2254 rationell betriebenen Liebeskonsums, der nur aus
244 2248 1116 2311 einem einzigen Grunde sympathisch wirkt und
244 2297 1116 2358 nicht anekelt, weil er sich, die Welt und alle fü¬
253 2342 1120 2403 ßen Mädels, angefangen von jenen, die auf den
250 2393 1123 2452 Linien wohnen bis zu jenen, die am Trapezseil
250 2447 1113 2501 der Zirkusse turnen, so melancholisch und so me¬
250 2492 611 2559 lodramatisch nimmt.
294 2526 1116 2594 Anatol, das ist die halb schon ausgestorbene
244 2592 1120 2653 Noblesse, mit der sich Kavaliere von Vorgestern
247 2645 1120 2701 auf der Kärntnerstraße von ihren Freundinnen
244 2687 1120 2744 bewundern ließen, die Ironie auf den Stelzfü¬
247 2733 1120 2792 ßen der versonnenen Eitelkeit das Herumschwim¬
250 2785 1120 2833 men in dem lauwarmen Teich durcheinander¬
259 2824 1116 2903 strömender Gefühle. Da habt's mei letzte Lieb¬
250 2875 1072 2945 schaft, ich geh auf ein Gulasch zum Sacher...
289 2926 1116 2995 Schön ist es aber doch, wenn Raul Aslan,
247 2970 1122 3037 diesen Anatol spielt. Nicht zu weich und nicht zu
250 3027 1120 3080 hart. Immer der wirkliche, der von innen her
250 3075 1125 3132 beleuchtete Elegant. Seine Morbidität hat einen
247 3122 1125 3175 beinahe schon engelhaften Glanz seine Dekadenz
253 3173 1116 3231 promeniert auch ohne Spazierstack und Pelzman¬
253 3221 1120 3273 tel nach der letzten Mode gekleidet und daß sie
253 3266 1120 3337 alle, die er uns vorführt, die Cora aus Hernals,
244 3318 1116 3375 die mondaine Gabriella, Annie das Luderchen
253 3368 1116 3422 vom Ballett und Bianca aus der Manege, sowie
253 3416 1114 3478 Ilona die rassige, die Kostüme tragen die da¬
247 3466 1120 3518 mals schick waren als ein Veilchenbukett unter Um¬
259 3511 1122 3566 ständen ein Drama bedeutete, macht dieses Spiel
256 3564 1044 3616 der Leute aus dem Burgtheater zum Genuß.
285 3608 1113 3663 Mir hat es auf Ehre gefallen. Ich bin selber
250 3652 1123 3732 noch halb aus der melancholischen Zeit da die
256 3716 1113 3759 Männer mit ihrer Vergangenheit unter dem
251 3760 1116 3818 Brustplastron und die Frauen mit ihrer Sehn¬
262 3803 1112 3861 sucht, a la longe kokettierten. Damals ist kein
250 3854 1117 3907 Mensch noch auf den Skiern der Sachlichkeit ge¬
259 3902 1116 3961 fahren und wer tötlich verletzt wurde ging aus
259 3951 1122 4012 Gram entweder in die Konditorei oder starb den
256 3992 826 4085 Liebestod, in einem Separee...
1271 182 1620 275 box 9/4
1210 1025 1301 1089 die
1202 1129 2039 1223 Ebba Johannsens Gabriele, ein Pastell.
1175 1200 2032 1248 Ein zerbrechliches Gefäß für ganz unwahrschein¬
1162 1241 2039 1301 lich gemixte Seelendressur. Die Träne die ihr im
1169 1291 2039 1350 Auge glänzt, kann man tatsächlich nur mit Seide
1171 1338 2039 1405 herunterwischen. Sehr charakteristisch Maria
1171 1395 2033 1456 Kramer, robust und gesund wie ein Bauch¬
1178 1451 2032 1497 schwung, die Bianca Anny Hartmanns, und
1162 1486 2032 1559 durchwegs der sarkastische Leporello, der er sein
1169 1535 1823 1610 soll, Emmerich Reimers als Max.
1201 1589 2041 1664 Zu alldem versammelte sich ein glänzendes
1171 1634 2041 1696 Burgtheaterhaus. Sogar sehr viel Jugend, mit
1171 1688 2044 1746 merkwürdigerweise sehr viel Begeisterung. Wie
1168 1739 1859 1803 gesagt Anatol ist noch immer modern.
1814 2519 2291 2628 „UBSERVER
1748 2608 2387 2695 Wien, I., Wollzeile Nr. 11
1840 2677 2246 2750 Telefon R-23.
1886 2749 2050 2803 re
1769 2726 2300 2845 Freie Klagenfurt
2114 2759 2421 2879 710
1770 2880 2154 3009 gebiet
2142 2935 2483 3032 de
1541 3009 2438 3116 Ein Lachen von Niveau und Geschmack löste
1541 3102 2437 3160 Schnitzlers „Anatole mit Burgtheaterkünstlern
1540 3151 2444 3211 aus; besonders stürmischen Beifall fanden Alma
1547 3203 2447 3265 Seidler und Raoul Aslan in der Szene
1548 3243 1859 3328 gedauer
