3296 4224
1184 181 1546 274 box 8/6
68 187 574 266 4.9. Anato
862 178 986 288 u
427 232 755 300 .
404 1150 1340 1221 sau seiner Zuhörer, und der Reihen.
399 1255 1526 1314 briele, die Weihnachtseinkäufe macht mit Anatol — für eine
1560 1258 2674 1306 ist sein eigentliches Wesen diesem Typus fremd. Er ist ner¬
407 1300 1515 1345 glücklichere. Gabriele, die dieser Beglückten Blumen sendet,
1560 1294 2668 1348 vöser, bewußter, energischer. Ihm mangelt: Lässigkeit, dieses
407 1342 1521 1385 die Frau, die vielleicht ebenso lieben könnte wie jene, die
1566 1337 2674 1391 spezifisch österreichische laisser faire, laisser aller. So gab er
407 1376 1515 1422 doch den Mut dazu nicht hatte. Und auf die holde Zartheit
1560 1379 2676 1430 einen nervösen (um nicht zu sagen: neurasthenischen) Anatol;
410 1419 1518 1464 dieses Dialogs, der mehr verschwiegen ahnen läßt als aus¬
1571 1419 2676 1461 einen französischen, keinen wiener Komödienhelden. Diesen
410 1453 1515 1501 spricht, hebt die Groteske des „Abschiedsoupers“ an, die Farce
1566 1447 2679 1509 sehr fein, sehr nuanciert, auf Wirkungen bedacht. Doch war's
410 1492 1523 1540 von Anatol, der Abschied geben wollte und den Abschied
1560 1489 2676 1537 ein Umweg. Nur: in den „Weihnachtseinkäufen" tadellos. Er
410 1526 1512 1577 empfing. Eine andere Enttäuschung: Anatol, der selbstge¬
1563 1529 2671 1577 war hier der Elegant, äußerlich, in Haltung, Geste, Tonfall
415 1569 1521 1619 fällig vom gebrochenen Herzen einer Zirkusdame faselt, die
1563 1569 2679 1619 der Mensch aus gutem Hause; der Plauderer, der Liebens¬
415 1605 1518 1662 sich seiner nicht mehr zu erinnern vermag. Sodann, der
1560 1605 2688 1653 würdige, der Gesellschafter. Daneben: ein lieber Kerl, ein
407 1642 1521 1693 „Kehraus", „Anatols Hochzeitsmorgen", da der gefährdete
1566 1651 2679 1696 Gemütsmensch, eine gute Seele. Die schwierige Rolle des
413 1693 1518 1738 Hochzeiter seiner letzten Liebsten noch den Abschied gibt, auf
1566 1684 2679 1732 Max (schwierig, weil zur Passivität verurteilt, gab Herr
407 1721 1521 1772 künftige Freuden durch den Eheherrn Anatol sie vertröstend...
1569 1721 2676 1772 Eivenack mit vielem Anstand, doch ohne besonderen Einfall.
486 1766 1523 1814 Die Anekdote freilich macht den Reiz nicht aus. Nur
1566 1766 2679 1814 Zu passiv; und, wo er wärmer wurde, gleichfalls für mein
415 1803 1515 1848 selten ist's das gröbere Mittel der Situation, das uns ergötzt
1571 1797 2676 1860 Empfinden zu sehr unterstrichen. Die Damen hattens leichter.
413 1837 1526 1885 Das Laute und das Leise des Dialogs, der Pointenreichtum
1571 1846 2676 1891 Sie kommen und verschwinden. Und jeder wird die anmutige
410 1879 1515 1928 jeglicher Replik, die Ironie, in der Vorgang und Ausdeutung
1566 1882 2679 1928 Aufgabe: nur Weib zu sein. Was könnte einem Weibe leichter
410 1913 1518 1967 dissonieren, das derbe Lachen hier, das Schmunzeln dort, da¬
1574 1922 2674 1964 fallen? Frl. Palfi als Cora: bildhübsch, famos ge¬
415 1956 1518 2007 zwischen köstliche Melancholie und Schwärmerei: — es gibt
1566 1961 2679 2009 kleidet (ein bissel vornehm für das Nähtervorstadtmädel), an¬
410 1995 1518 2052 nur einen Ausdruck, der das ganze Timbre trifft: Drei¬
1566 1998 2679 2041 mutig, innig, lieb; entzückend war das schlechte Gewissen, das
410 2029 1495 2089 vierteltakt. Wiener Melodik, auf Wortkunst übertragen...
1571 2038 2674 2083 Verhaltene, Abwartende; das Schulmädel; es weiß nicht, ob
1566 2077 2679 2125 man es nicht auf einem Streich ertappt hat. Dann Frau
1571 2114 2685 2159 Altman-Hall. Eine exquisite Schauspielerin, die man
480 2100 1518 2165 Damit ist freilich das Entscheidende von dem gesagt, was
1571 2154 2676 2199 bei jeder neuen Rolle höher schätzt. Ihr war zu danken
407 2154 1521 2202 der in Einzelheiten prächtigen und darum innig dankenswerten
1566 2190 2679 2244 (und dem Partner Arnfeld), daß diese Szene sich hoch über
413 2199 1526 2238 Aufführung des „Deutschen Theaters in der Gesamtheit
1569 2227 2676 2275 alle übrigen erhob. Sie war, was Anatol sie nennt: Mon¬
418 2236 1521 2289 fehlte: das Wienertum, 's war, a priori, ein bewußter Ver¬
1569 2264 2671 2312 däne. Wie sie den Drängenden in Schranken hielt, gewährte
418 2269 1521 2329 zicht. Mußte es sein, sollte die Aufführung überhaupt möglich
1569 2306 2682 2357 was sie zu gewähren willig, versagte, was Erziehung ihr
415 2315 1518 2360 werden. Man kann sich für die paar Oesterreicher Autoren im
1569 2340 2676 2394 gebot, die leise Ironie, in der verhaltene Empfindung zitterte,
407 2349 1521 2397 Jahre keine Wiener Akteure halten. Auch läßt sich dergleichen
1569 2380 2676 2431 der Uebergang von der gespielten Kühle zum verschleierten
415 2388 1521 2433 Landsmannschaftlichkeit nicht anschminken. So tat die Regie
1569 2422 2682 2470 Geständnis, die holde Scham dieses Bekenntnisses, die rasche
413 2422 1526 2476 des Dr. Altman, das Klügste, was sie tun konnte: sie gab
1574 2462 2679 2513 Fassung und Unnahbarkeit: — ein Lebensbild von hoher
407 2464 1521 2521 dem Ganzen von vornherein ein anderes Kolorit. Ein nor¬
1571 2501 2679 2549 Treue und Meisterschaft! Dagegen konnte nur noch Frl.
407 2498 1515 2549 disches. Sie verschob so freilich die Basis des Humors: es
1566 2541 2682 2583 Duvals Bianka ankommen; die kurze Szene rettete den
415 2535 1523 2592 kam alles schärfer, pointierter, absichtlicher. Man unterstrich,
1566 2578 2682 2623 vordem matt gespielten Akt. Nur schade, daß man die minder
415 2583 1521 2634 bisweilen. Man empfand Hinweise. Kommentare zum Text
1566 2611 2682 2660 bedeutende Rolle nicht Frl. Malten übertragen hatte, die
413 2620 1521 2671 blinzelten über die Rampe. Der Stil der zarteren Komödie
1566 2648 2679 2702 im Schlußakt als Ilona versagte. Der Dame mangelt jegliche
410 2660 1523 2710 pendelte, bisweilen, nach der Possenseite. Man unterschlug
1566 2693 2688 2744 Charakterisierungskraft. Eine Umbesetzung wäre dringend
415 2693 1523 2747 das Wort, poussierte Situationen. Mimik und Geste wurden
1566 2727 2685 2775 anzuraten. Frl. Hellmuth spielte die Annie im „Abschieds¬
413 2736 1526 2795 indiskret. Vor allem aber: man überhaftete die Tempi. So
1577 2770 2682 2815 souper recht frisch und munter. Den Typus traf sie nicht.
421 2773 1529 2821 etwa, wie moderne Dirigenten die gemütlichen Rhythmen des
1571 2809 2691 2857 Der Versuch, die natürliche Kraft dieses Volkskindes durch
418 2806 1521 2860 Papa Haydn straffen. Nicht um zu tadeln sag ich das alles
1566 2840 2561 2905 kleine Drückerchen zu ersetzen, führt zur Verzeichnung.
421 2846 1521 2900 Ich konstatiere nur. Zur Wirkung auf die Masse trug dieser
2456 2866 2668 2945 F. Bd.
413 2888 1526 2945 Modus sicher bei. Er überbrückte Längen; half über Schwächen
421 2922 1526 2979 daß wir doch nichts Neues hörten, vielmehr Bekanntes in
1820 2931 2467 3018 Kleines Feuilleton.
421 2959 1523 3021 Variationen der Form) hinweg. Nur für den Schnitzler¬
1636 2985 2682 3058 ar. Tagung des Bundes Deutscher Architekten. Am Sonn¬
407 3001 1128 3058 Kenner war's gelegentlich betrüblich....
1569 3033 2682 3089 abend begann in Heidelber, der „Bund Deutscher Architekten“.
497 3030 1424 3100 Den Anatol spielte Herr Arnfeld. Er ist
1571 3086 2685 3131 die Vereinigung der modernen Baukünstler Deutschlands,
427 3081 1526 3137 Bonvivant, wie ihn das „Deutsche Theater“ in den letzten
1574 3126 2679 3165 ihre diesjährige Tagung. Wie uns berichtet wird, hielt der
427 3126 1529 3185 Jahren nicht besaß (Herrn Reusch hab ich nie spielen sehen).
1566 3157 2682 3208 Vorsitzende, Professor Martin Duelser aus Dresden, die
418 3168 1526 3216 Elegant, sicher, biegsam; vor allen Dingen klug; er weiß ge¬
1571 3202 2685 3250 mit großem Beifall aufgenommene Eröffnungsrede. Danach
418 3196 1526 3256 nau, wie viel von einer Rolle seiner natürlichen Veranlagung
421 3239 2693 3304 liegt; wie viel er, vortäuschend, mit Anstand retten kann. Nun gelangte zunächst der Jahresbericht zur Verlesung. Dann
