3436 4256
1398 143 1759 233 box 8/5
279 147 1237 256 4.9. Anatol - Zyklus
662 1186 1723 1278 allen Verbände die eifrigste Forderung erfährt. Häufig
201 1225 599 1298 bereinigung erhoben
663 1246 1714 1320 bringt das Verbandsorgan Artikel zur Förderung der
201 1277 600 1352 sonen hat eine Ver¬
671 1297 1733 1384 sozialdemokratischen Bestrebungen; in Ergänzung
193 1328 600 1402 Gewerkvereins christ¬
673 1365 1725 1436 dieser Taktik werden die bürgerlichen Parteien her¬
194 1386 596 1454 selbständig eine Ein¬
670 1410 1725 1485 untergerissen und an ihnen kein gutes Haar gelassen,
196 1435 608 1514 cht, in welchem ver¬
675 1467 1733 1548 so daß bewußt und systematisch der Eindruck erzeugt
233 1490 608 1565 eine den Verhält¬
674 1521 1734 1603 wird, als sei die Sozialdemokratie die einzige und
206 1548 611 1620 ig der Löhne der
677 1568 1727 1652 beste und uneigennützigste Vertreterin der Arbeiter¬
201 1597 603 1668 worzunehmen“. Be¬
678 1676 1745 1743 mit melancholisch-witzigem, etwas müden, aber innigem
674 1715 1738 1790 Ausdruck." War es so, Herr Monnard? Es war
200 1715 504 1817 „Anatol.
685 1769 1746 1841 vielleicht besser... Auffassung? Ich habe mehr als
204 1789 556 1880 sing=Theater.
682 1810 1742 1887 einmal folgendes wörtlich betont: „Verfehlt scheint
687 1859 1747 1935 mir, allzuviel von Auffassung einer Rolle zu sprechen.
324 1851 624 1940 11.70
687 1905 1746 1989 und in der Kritik ein Gequatsche zu machen über das
197 1916 620 1999 t man dieses Abends.
690 1962 1746 2038 System, das der Künstler nie gehabt hat. Wir
197 1981 626 2058 viel Lachen, wieviel
690 2007 1750 2094 wissen, daß der die Dinge meistens so bringt, wie
218 2030 394 2101 gemischt.
690 2050 1751 2132 er sie mit seiner Technik am besten hinlegen
205 2066 636 2135 en, daß er uns in die
697 2096 1757 2173 kann. Und ich wünsche nicht, nachträglich
204 2124 628 2187 chen überrascht einen
687 2148 1759 2226 eine Theodize seiner Seifenblasen: sondern eine
202 2169 627 2238 dert Seiten fanden?
697 2206 1757 2271 Feststellung dessen zu geben, was er hinlegte, heraus¬
201 2218 635 2287 s, was dem elenderen
697 2243 1773 2328 kriegte, machte"... Oder: „Völlig auf einem anderen
209 2267 635 2338 widersprach, das fraß
706 2290 1755 2368 Blatt steht die Frage nach jenem Erinnerungsbild,
204 2316 631 2384 ht gestern? Wer weiß.
702 2337 1758 2421 das er — wollend oder nicht — kraft seiner ein¬
218 2361 635 2435 siker geworden. Im
706 2389 1763 2474 geborenen Beschaffenheiten, kraft seiner Instinkte zuletzt
218 2411 641 2482 Kinder, Kinder. Ich
699 2439 1758 2508 doch hinterließ. Was bei seiner Technik und bei seiner
218 2464 543 2530 „1893. Verlag
702 2495 1167 2569 Natur schließlich kam."
194 2511 645 2578 xanderstraße 2". Ein
741 2527 1767 2632 Also was gab der Schauspieler Monnard? Es
192 2561 641 2637 ai wird er neunund¬
712 2588 1767 2663 war ein Vorteil, daß bei Brahm die Lyrik nur leicht¬
714 2629 1762 2709 hin, und mehr durch die Frauen, dämmernd erhellt;
714 2677 1773 2763 daß Schalkheit, Skepsis, Drastisches funkelnder bestrahlt
712 2740 1766 2802 wurde. So war an dem Liebeskoster, dem Suchenden,
200 2735 654 2833 ein lustigen Gedenken
718 2775 1773 2857 dem Anatol, mit versunkener Ergötzlichkeit gezeigt,
205 2811 651 2878 ; dieser Zauderungen;
718 2833 1766 2900 worin er auch eine Wurzen ist... Die Musik war
206 2866 653 2925 us; dieser Stöße; dieser
718 2869 1770 2953 — nicht von Schumann, sondern ein Gemisch von
204 2904 653 2982 Fragens; dieses Zer¬
721 2931 1781 2999 Schumann und Offenbach... Eine Wurzen; eine
216 2952 663 3019 morgen, übermorgen.
721 2965 1782 3043 ungezogene Wurzen; eine seelenschleckerische Wurzen in
204 3008 657 3075 mals? „Lautlos öffnet
712 3027 1780 3098 der Mitte. Nicht zu zart. (Schumanns Töne klangen
204 3054 670 3134 Tür und blickt hinein
1792 1158 2845 1238 und patriotischen Standpunkt aussehen,
1788 1221 2848 1293 wenn durch die Sozialdemokratie in immer steigendem
1798 1276 2845 1355 Maße Abneigung und Haß gegen das eigene Vater¬
1801 1332 2846 1412 land in dieses Riesenarbeiterheer hineingetragen
1790 1402 1955 1467 werden.
1833 1427 2846 1516 Für die Beurteilung der Tätigkeit des Gewerk
1794 1473 2857 1561 vereins christlicher Bergarbeiter ist die zweifellos von
1800 1541 2860 1620 den Mitgliedern gebilligte Haltung des Vorstandes zu
1801 1637 2861 1706 mehr nach Pantalon, nach Harlekin, nach Karneval.
2409 1679 2860 1750 Mit glücklichem Lachen
1798 1695 2361 1759 Der Leser weiß Bescheid.).
1809 1754 2334 1828 denkt man dieses Abends.
2287 1808 2373 1885 III.
1849 1857 2866 1947 Und der Frauen. Die kleine Somary war eine
1813 1915 2865 1994 Cora.... Aber reizend. Dies Wort muß man hier
1814 1970 2866 2053 sagen: reizend. Mädel mit den zerstochenen Fingern?
1813 2017 2868 2089 Vielleicht Mädel mit den durchbrochenen Strümpfen.
1816 2061 2876 2147 Nein, beides; beides. Reizend. Die Kraft dieser
1818 2110 2878 2195 Künstlerin ist: den Mädelkopf nach vorn zu neigen.
1818 2172 2876 2238 Als ob man sie erwischt hätte. Geheime, stille Mädel¬
1816 2207 2872 2287 Magie: etwas Scham, etwas Knospe, etwas Aus¬
1817 2259 2656 2361 gefressenhaben... Reizend. Aber reizend.
1864 2291 2881 2377 Nach der mit den zerstochenen Fingern (ich liebe
1830 2352 2881 2437 sie von allen, so hier Schnitzler kommen und gehn
1820 2395 2886 2488 läßt, am längsten und am lustigsten) — nachdem schritt
1821 2448 2881 2523 die Gabriele vorbei, die Dame; die mit den Paketchen;
1826 2498 2877 2580 die mit den Weihnachtseinkäufen; die verheiratete;
1830 2543 2885 2629 die den Mut nicht hat; die nach der Mädelwelt
1830 2618 2458 2689 aus der besseren Welt hinäugt
1877 2638 2896 2715 Was war diese Lina Lossen hier erlesen. Erlesen.
1826 2688 2894 2776 Wie fern und wie ahnungsvoll bezaubernd. Wie
1838 2740 2890 2826 geschehen war dies alles. Es trug sich zu. Eine Ab¬
1842 2789 2893 2878 schattung, leis, eine dunkelnde Gestuftheit der Züge
1837 2834 2898 2923 manchmal; der Widerschein bloß des Widerscheins
1837 2892 2892 2969 einer Verfinsterung.... Kein „Schmerz. Keine Kund¬
1837 2935 2898 3012 machung. Es trug sich zu ... Sie ging dann.
1829 3003 2046 3090 Himmlisch.
