3344 4256
264 45 1051 126 a eu une
1107 41 1474 137 Johann Strauß.
1615 104 2707 160 Die Finanzlage Englands. Auf eine Anfrage Harry
260 119 1471 178 Brahms, Bruckner, Wolff lebten und schufen noch, das Burg
1493 126 2704 204 im Unterhause erklärte Bonar Law, daß die Fortsetzung dieser
2837 137 3220 230 Kürzlich besuchte ich
260 167 1471 219 theater besaß vollzählig noch seine genialsten Darsteller und er
1497 182 3231 275 Geldwirtschaft nicht ohne ernstlichen Schaden bleiben diagnostizieren oder kurieren
260 215 2700 293 lebte mit Burckhard und Mitterwurzer eine bisher nicht wieder, könne. Es werde der ganzen Geschicklichkeit der Regierung bedürfen
264 267 2704 342 gekehrte Blütezeit. Wien war gewissermaßen wienerischer, als es um einer ernsten Lage vorzubeugen, selbst wenn
2730 260 3216 316 leiden ganz genau und
1497 297 2369 368 die Engländer den Sieg erringen.
264 305 1474 364 jetzt ist, und in diesem Milieu trat, einem europäischen Ru¬
2726 305 3235 364 durch eine günstigere Prop¬
1612 327 2704 397 Die Revolten in Spanien. Eine Madrider Meldung versichert
2726 353 3216 431 Speisezufuhr, zwischen
260 360 2711 435 folgend, die neue künstlerische Generation auf. Der Strom neuer daß in Barcelona wieder normale Zustände herrschen
2733 405 3231 490 karte. Und so kann man-
264 405 1471 461 Ideen drang auch in diese konservative Stadt, die eine geistig
1504 416 2952 531 Hingegen dauere die Gärung in Valencia an. Bei Zusammen¬
2009 420 2488 550 letzt.
1500 449 1727 505 stößen wur¬
253 453 1474 509 Krisis durchmachte. Der Naturalismus nahm hier einen kulti¬
260 498 1474 576 vierteren Charakter an als in Deutschland, war von Form ge¬
256 546 1088 631 bändigt, von einer neuen Schönheit geadelt.
375 561 1486 654 Es waren zumeist junge Leute aus den vornehmeren, be¬
260 635 1482 702 sitzenden Bürgerständen, die sich, entschlossen, ihre Persönlichkeit
253 694 1478 750 und ihre Parolen durchzusetzen, zusammenfanden. Es konnte da,
264 735 1474 795 von vereinzelten Erscheinungen abgesehen, von vornherein kein
267 787 1478 839 Bohème geben wie in Berlin. Diese wenigen Ausnahmen glichen
1500 758 1667 862 Zeinni 1.
1597 821 1697 880 2.
260 836 1690 943 späten Abkömmlingen der Murgerschen Welt, kamen aber zumeist
264 880 1471 936 auch aus der Fremde oder der Provinz. Das vielverspottete „Cas¬
264 914 1671 995 Griensteidl“ war der Sammelpunkt dieser neuen Repräsentanten, Szelmalo
260 973 1471 1029 denen mit Unrecht nachgesagt wurde, daß sie sich gegenseitig ver¬
1493 999 1664 1084 Tot. 13
264 1021 1467 1081 himmelten Hermann Bahr kam, von allen Geheimnissen Europas
253 1077 1467 1140 erfüllt, aus Paris und Spanien und lehrte die Akrobatenkünste eine
1497 1077 1649 1148 Festetics
264 1122 1471 1177 neuen Stils. Dieser wurde so modern wie seine Stirnlocke. Er
1493 1129 1675 1192 38: 10 (8
260 1162 1467 1226 war wie von einer Atmosphäre von Moschus umgeben, schillert
264 1181 1690 1270 in allen Eleganzen, und diejenigen, die ihn kopierten, versuchten Frieda 1.,
2251 1222 2919 1344 deutung 2., Fata 3. Spring.
260 1263 1467 1318 sich auch im Absynth. Er brachte ein wenig Gärung in di¬
1489 1259 2228 1359 Tot. 30 : 10..... Platz 15, 24, 30 : 10.
253 1311 1467 1367 Wohlerzogenheit, liebenswürdigen Humor in den Ernst. Ein
2726 1278 3198 1367 waren alle volgung
2726 1356 3227 1426 jungen Frauen, die blas
256 1356 1471 1411 junger Arzt, bestechend nicht nur in seiner schönen äußeren Er¬
2718 1396 3235 1471 die magenkranken gelben
1690 1378 2514 1467 Rennen zu Kapostasmegyer.
267 1404 1463 1463 scheinung, sondern auch in seiner taktvollen Liebenswürdigkeit und
2726 1452 3231 1515 aus guter Familie, denen
256 1456 1463 1511 der geistigen Kapazität, die ihm schon in frühen Jahren eige¬
1649 1448 2704 1534 Eröffnungsrennen. Almasys Brandenburg 1., Mac 2.
2726 1500 3242 1575 die ihre pathologischen Fett¬
264 1489 2005 1552 war, trat als die stärkste produktive Begabung dieses Kreises auf: Herodes 3. Tot. 35, 18. 18,
1593 1523 3231 1627 2. Ivantelker Handikap. Orssichs Perbeli 1., Rohatyn 2., traf noch denselben Fliege
260 1552 1467 1612 Artur Schnitzler, der gerade den „Anatol“ dichtete, von den
1489 1575 2054 1660 Malva 3. Tot. 116, 32, 28, 24.
2726 1589 3212 1656 ich ihn aufschlug, sah ich
253 1593 1463 1653 aber weder die Zeitungen noch die Verleger und Theater
1645 1597 2700 1686 Großes Hürdenrennen der Dreijährigen. Batthyany
2733 1641 3231 1705 Ordinationszimmer eines
256 1641 1463 1701 direktoren etwas wissen wollten und der seine Stücke in
1493 1634 1634 1727 Miert?
1686 1664 2373 1719 Bödi 2., Chandon 3. Tot. 28, 16. 36
1653 1682 3227 1749 Steeple-chaft=Handikap. Zsivenovits a. Taben 1., Botowy 2., der wohl aus dem Jahrg
253 1690 1463 1749 den Versuchstheatern der entlegensten Vorstädte auf
1489 1697 1968 1794 Roham 3. Tot. 29, 18, 26
2726 1738 3231 1812 Gast bestellt einen Käse un
253 1742 1463 1797 führen lassen mußte. In seiner Begleitung befand sich
1645 1745 2704 1853 Verkauferennen. Suborits Ketes 1., Damaska 2., Elöd 3
2730 1790 3231 1849 habe. Da weist ihn der
253 1790 1460 1853 stets ein sehr eleganter Herr mit einer erlesenen Blume im Knopf
1493 1786 1775 1879 Tot. 27, 12, 16
2726 1835 3212 1901 die Löcher oder den Käs
249 1838 1463 1894 loch: der geistvolle Beer=Hofmann. Hofmannsthal, noch Gymna
1597 1827 2707 1935 6. Handikap Zangens Fenseg 1., Rose d'or 2., Szertelen 3.
2722 1883 3220 1965 derartiger illustrierter
253 1887 1460 1942 siast, war noch „Loris, imponierte aber schon durch seine Reise
1489 1864 1875 1972 Tot. 108, 22, 16, 14.
2718 1927 2982 2013 ordnet wurde,
249 1935 1471 2002 durch sein Auftreten und hatte eben sein verheißungsvolles
1783 1939 2429 2050 Trabfahren zu Baden.
2837 1953 3209 2046 Der Herr Professor
256 1987 1467 2043 „Gestern gebracht. Schmalschulterig, schlank, mit einer rühret
2730 2013 3227 2102 Heiterkeit, sonnig und früh
253 2031 1474 2091 geprägten Physiognomie, so erschien der junge Dichter, der zu
1656 2009 2704 2102 Dreijährigen ennen. Kerestine Ehrus 1., Lenka 2,
1486 2043 2332 2154 Clematis 3. Tot. 21: 10. Platz 16, 66, 22: 10.
2726 2072 3212 2150 Sorgen seiner Patienten
215 2072 1463 2135 noden Führern dieses Kreises sich emporschwang und durch sein un
1597 2091 3138 2187 2. Preis vom Lindfogel, Schachermanns 4jähr. August 1., Diagnosen zu mildern
212 2128 1471 2184 gewöhnliches Wissen Achtung gebot. Dörrmann gefiel sich
1493 2139 2492 2202 Cocon 2., Backfisch 3. Tot. 92: 10. Platz 23, 16, 51: 10.
2722 2147 3231 2239 er, „ist hauptsächlich die
249 2176 1456 2239 in dekadenten Alliren und dichtete an der „Neurotica
1604 2169 2696 2262 3. Südbahnpreis. Weidhofs Sardelle 1., Stalliebling“
2718 2217 3227 2280 man Ursacher und Wesen
249 2202 2299 2280 Salten und Specht gehörten zu den kritischen Geistern Reserl 3. Tot. 238: 10. Platz 54, 19, 35: 10.
1597 2239 3183 2355 4. Allvölkischer Preis. Oscars Ejerio 1. Eszeveszeit 2 kam das Allerwichtigste:
260 2269 1463 2332 „Jung Wiens, dem sich ohne stärkere Beteiligung die vie
1486 2280 2525 2377 Miß Zealous aid 3. Tot. 98: 10. Platz 23, 17, 26: 10.
2730 2303 3227 2384 heute weit weniger als früh
249 2321 1463 2377 älteren Baron Torresani, Gustav Schwarzkopf. Engelber
1664 2329 2700 2403 Verkaufsrennen. Rudolfshofs Olly 1. Lausbub 2
2722 2362 3231 2433 Rede. Nur ein chronischer
253 2373 1456 2429 Pernerstorfer anschlossen. Man stellte sich zu einer ge
1679 2388 2347 2436 Tot. 8: 10. Platz 28, 28, 165: 10.
1486 2373 2700 2499 ne. Preis von Halogos. Kerestine Germania III., Colum
2726 2418 3212 2481 schon zufrieden. Er weiß
245 2410 1467 2473 schlossenen Front gegen die Alten, gegen die kritischer
1486 2459 2588 2533 bus 2., Rosen Leyburn 3. Tot. 26: 10. Platz 18, 19, 16: 10
2726 2462 3212 2533 ziemlich akademischen Wer¬
249 2462 1460 2522 Machtgewaltigen der Wiener Presse auf, die sich ihrer
1664 2481 3201 2585 Preis von Meik. Kerestinec Nagysad 1., Boccaccio 2., Blutarme nur blutarm
253 2510 1467 2574 seits mit schonungsloser Ironie wehrten. Ein jungen
1712 2536 2329 2588 Tot. 78: 10. Platz 18, 14, 14 : 10
1482 2525 1667 2600 Odaliske
2722 2555 3224 2626 ihm auch noch eine Ma¬
249 2555 1463 2614 Publizist, Eduard Kafka, der die Bewegung nicht lange überlebte
1660 2544 2707 2648 Badener Ausgleich, Pusgaberenys Pengö 1., Young 2.,
2733 2603 3235 2681 können ja heute keine Mast
249 2596 2314 2670 übersiedelte mit seiner von ihm gegründeten Halbmonatsschrift Extra 3. Tot. 106: 10. Platz 36, 29, 31: 10.
2726 2652 3227 2715 jene Patienten, die dort
253 2663 1467 2711 „Moderne Rundschau", von Brünn nach Wien und gestaltete das
2726 2696 3224 2759 wurden, sondern rasch wech
249 2666 1601 2759 Blatt zum führenden Organ der neuen litterarischen und künst¬
1753 2748 3216 2811 im Restaurant Kaiserhof veranstaltet wurde. Ich denen durch Mastkuren zu
249 2744 1723 2811 lerischen Richtung. Die „Moderne Rundschau", fand so wenig prätendenten
2718 2796 3227 2860 zu helfen. Am besten ergeh
1727 2789 2696 2856 von Burckhard geführt, in den Saal treten, ein
249 2804 1693 2860 Verbreitung, daß sie von ihren Mitarbeitern auch materiell unter sehe Ibsen
1482 2841 3227 2908 hochelegante Erscheinung, in einem kostbaren Pelz und tadellosem eine besondere Auswahl als
256 2852 1460 2908 stützt werden mußte. Im Redaktionslokal des Blattes ver¬
2834 2889 3224 2956 Hat der Herr Profes¬
1482 2900 2689 2960 Zylinder, die Gestalt kraftvoll, etwas untersetzt, breitschulterig
253 2900 1460 2971 sammelten sich an gewissen Tagen die Jung=Wiener" und hie
2718 2938 3216 3004 Gewichtsquantum seiner
1489 2938 2692 3004 das Gesicht stark gerötet, schneeweiß das Haar. Er hatte etwa
245 2949 1025 3019 auch wurden die Entscheidungen getroffen.
2722 2990 3227 3060 ist keineswegs immer ein
357 2993 2696 3049 Es war im Frühjahr 1891. Gerade jetzt hatte das Burg von einem Seemann in seiner Physiognomie, etwas durchan¬
2718 3038 3253 3108 Mann — und es muß die
1489 3042 2692 3105 Nordisches. Die Stimme war leise, beseelt und ungemein diskret
245 3049 1467 3101 theater mit Burckhard an der Spitze eine glanzvolle Aufführung
2722 3086 3227 3157 im Frieden zehn bis zu
249 3082 2696 3149 von Ibsens „Kronprätendenten vorbereitet, die durch die An- wenn er, die Worte ein wenig zögernd hervorbringend, sprach
2726 3134 3216 3198 Er hat sie jetzt verloren.
1489 3138 2700 3201 Unter einer tiefen Verneigung der harrenden Gäste schritt Ibsen
241 3138 1463 3220 wesenheit des Dichters ausgezeichnet werden sollte. Das Erscheiner
1493 3175 3235 3246 zu seinem Platze und wurde sofort von den Damen umringt, weniger Nahrung, denn die
241 3190 1463 3246 Ibsens in Wien nahmen die „Jung=Wiener zur Veranlassung
2718 3231 3238 3302 Last, wie wenn ein Mager¬
241 3231 2689 3305 einer besonderen Ehrung. Ihr Verhältnis zu Ibsen war nicht das Man sah Adele Sandrock, Maria Pospischill, Frau Lewinsky
2718 3279 3235 3339 Buckel trägt. Ich möchte
1493 3283 2696 3339 Fräulein Hebbel und Leuthold, die Schriftstellerinnen Emi¬
241 3287 1463 3342 einer rückhaltslosen Zustimmung. Man verehrte den Großmeister
2715 3328 3231 3398 eines plädieren: Für ein
1486 3328 2689 3391 Marriot, Eugenie delle Grazie, Marie Herzfeld. Vom Burg
249 3335 1463 3387 des modernen Dramas aufs innigste, verhielt sich aber dem Dogme
2715 3368 3231 3450 pazen. Es gibt ja so vi
249 3376 2689 3439 bsens gegenüber etwas skeptisch überlegen. Man fand es unter theater kamen noch Gabillon, Krastel, Hartmann, Thimig, Devrient
2711 3420 3227 3487 nehmen muß, die eine
241 3428 2689 3483 Netzeschen Einflüssen stehend, allzu bürgerlich und nicht revolutionär Reimers, Hübner, Römpler, Witte und Rüden. Von Gelehrten
1489 3472 3231 3528 Minor, Mataja und Singer, von Musikern Brüll und Goldschmidt Aber es gibt eben auch S
249 3480 1463 3539 genug. Trotzdem wurde die Anwesenheit des Dichters zu einem
1493 3517 3227 3584 Zwischen dem schwermütig versonnenen Richard Voß und dem Luxusstrapazen. Ich denke
249 3524 1471 3591 starken literarischen Ereignis. Ihm galt der festliche Abend, der
245 3561 3231 3654 unmittelbar nach der unvergleichlichen Aufführung der „Kron¬noch jugendlichen Burckhard saß Ibsen und hörte ein wenig Wir haben noch so viel
