3436 4224
704 173 816 248 to
304 174 660 279 4.9. An¬
703 160 1246 279 Zyklus
665 590 1057 678 (Wellenangaben
455 670 1377 761 Ausschnitt aus
692 725 951 817 19
460 759 626 824 vom
497 875 1308 999 Theater, Kunst und Literatur.
537 980 1434 1059 („Anatol".) Einakter=Zyklus von Arthur Schni¬
381 1039 1461 1112 ley. — Unter dem Sammelnamen „Anatol“, unter dem
389 1076 1418 1147 verschiedene Gestalten zu einem einheitlichen Typus zu¬
394 1112 1424 1183 sammengefaßt werden, führt uns Schnitzler einen Lebe¬
389 1166 1424 1230 mann in seiner Sünden Maienblüte vor. Der Lebens¬
391 1202 1426 1260 inhalt dieses Menschen scheint ausschließlich in unsau¬
391 1247 1459 1302 beren Liebesabenteuern zu bestehen. Ein Liebesritter im¬
389 1291 1426 1362 Stile Casanovas, sucht er Befriedigung unter Balletten¬
397 1326 1417 1402 sen, Zirkusreiterinnen, Modistinnen usw. Aus dem Le¬
376 1385 1423 1440 porelloalbum dieses Don Juans wurden uns in dem
376 1432 1421 1497 Donnerstag aufgeführten Einakter=Zyklus fünf Blatt
375 1478 1426 1537 vorgeführt. An Frivolität lassen sie sämtlich nichts zu
339 1498 1417 1583 wünschen übrig, wobei jedoch nichts Unanständiges un¬
375 1558 1418 1625 terläuft. Im letzten Stück steigert sich diese Frivolität
378 1588 1424 1672 zum höchsten Zynismus, wenn der Held noch vor seinem
375 1647 1415 1708 Hochzeitsmorgen ein sehr intimes Rendezvous mit einer
378 1685 1417 1762 Freundin veranstaltet. So widerlich dieses Stoffgebiet
366 1733 1421 1806 dem ernsteren Geiste, zumal umringt von der Tragik
375 1770 1420 1845 eines welterschütternden Völkerringens sein muß, so ist
370 1828 1410 1881 nicht zu verkennen, daß der Wiener Schriftsteller mit
378 1856 1412 1928 einem Victorien Sardou um die Palme eines leichtflüssi¬
376 1917 1413 1970 gen Dialogs ringt; Witz, Kaprice, Laune schüttet er im
370 1955 1409 2017 reichsten Maße aus. Wer sich abfindet mit der patschouli¬
372 2006 1407 2063 oder moschusduftenden Atmosphäre wüsten Genußlebens,
380 2036 1407 2097 das hier geschildert wird, kann sich an diesen buntschil¬
369 2079 1407 2152 lernden und stets geistvollen Bildern, die uns in raschem
369 2119 1404 2196 Wechsel vorgeführt werden, ergötzen. An der Laibacher
369 2165 1407 2245 deutschen Bühne ist es seit Jahrzehnten üblich, sämtliche
373 2217 1410 2292 Stücke mit dem Hinweis anzupreisen, daß sie Zug= und
362 2272 1406 2334 Kassenerfolge großstädtischer Bühnen seien — als wenn
364 2303 1337 2361 Wiener oder Berliner, Geschmack maßgebend wäre!
367 2326 1404 2410 abgleich uns diese Gepflogenheit mehr zum Theaterbetrieb
370 2395 1404 2449 eines Emanuel Striefe als dem eines vornehmen Thea¬
362 2432 1402 2499 ters einer Landeshauptstadt zu passen scheint. Ausnahms¬
364 2475 1399 2540 weise kleidete sich diesmal die Anpreisung in die frag¬
366 2524 1409 2595 würdige Angabe: „Literarischer Abend". Als wenn etwa
364 2560 1396 2632 ein „Anatol"-Zyklus für die deutsche Literatur bedeut¬
369 2606 1404 2683 sam wäre und nicht vielmehr den faulig phosphoreszie¬
367 2665 1396 2716 renden Sumpf unsrer modernen verrotteten Großstadt¬
356 2701 1402 2772 kultur widerspiegelte, der vielleicht doch durch den jetzi¬
359 2744 1399 2817 gen Weltkrieg ein wenig ausgefegt werden wird. Unter
361 2794 1395 2841 einem „Literarischen Abend" stellen wir uns die Dar¬
366 2828 1387 2901 stellung literaturgeschichtlich bedeutsamer Werke vor. Leug
367 2885 1396 2946 nen wollen wir indessen nicht, daß die gegenwärtige
361 2918 1388 2977 hiesige deutsche Bühne Kräfte besitzt, die einen Schnitzler
356 2962 1415 3056 der hundertmal schwerer zu spielen ist als der marktgän¬
380 3078 1404 3141 gige Possenschund, vornehm und pointiert herausbringen
375 3122 1404 3189 Im Vordergrunde standen die Herren Fritz Goldha¬
373 3163 1409 3230 ber und Eduard Loiber, die alle Vorzüge ihres für
386 3208 1406 3274 solche Salonmenschen sehr geeigneten Spiels entfalteten.
373 3252 1404 3321 Auch die Damen Annie Wipperich, Käthe Telona
370 3308 1401 3365 und Josefine Brunner hatten interessante Aufgaben.
376 3343 1399 3399 Im letzten Stück sah Frl. Wipperich nicht allzu verführe¬
370 3399 1409 3454 risch aus, vielleicht gerade im Streben, mit ihrer gelben
376 3429 1451 3489 Perücke möglichst viel aus sich zu machen. — Der recht gut
366 3475 1410 3541 besuchten Vorstellung wohnte Seine Exzellenz Herr Lan¬
370 3514 1402 3602 despräsident Baron Schwarz mit Frau Gemahlin bei.
519 3581 1446 3682 (Phil. k.
1420 176 1779 265 box 9/2
2465 314 2825 386 gronto.
2152 331 2417 444 Quellen
2530 375 2960 482 ster Tagblatt
1981 409 2359 507 asschnitt aus:
1950 486 2366 571 vom MRZ 1916
1776 573 2954 659 durch Vermittlung der hiesigen Banca Generala, die ge¬
1793 634 2667 726 Ueberweisung der Beträge übernommen hat.
1862 648 2960 766 Arthur Schnitzler bei den Liederlässern. Mit gra¬
1777 706 2945 820 Interesse steht man dem Theaterabend der Liedertafel ent¬
1774 792 2941 877 gegen. Die zwei Einakter: Die Frage an das Schicksal und
1770 841 2940 911 Anatols Hochzeitsmorgen von Arthur Schnitzler, reizen zur
1770 889 2948 957 Neuzier. Anatol ist — doch wir wollen nicht aus der Schu¬
1760 938 2946 1037 leplaudern so viel wollen wir sagen, daß fleißig gelernt
1760 988 2940 1084 und geprobt wurde, so daß wir eine gute Aufführung er¬
1762 1051 2940 1134 warten können. Da nach Schluß des Theaters noch gemüt¬
1759 1086 2937 1188 liches Beisammensein ist, außerdem Gäste Zutritt haben,
1766 1137 2941 1231 dürfte der Abend stark besucht sein, weil Jeder dabei sein
1754 1208 2954 1285 will. Angefangen wird pünktlich 9½ Uhr, sodaß recht¬
1754 1238 2948 1327 zeitiges Erscheinen geboten ist, da nach Beginn der Vor¬
1762 1300 2905 1390 stellung die Saaltüren geschlossen werden.
2286 1749 2836 1875 garester lagblatt
1908 1785 2256 1864 vom
1942 1963 3138 2099 Dellisches Theater in Rum nen.
2187 2083 2924 2174 Arthur Schnitzler in der Liedertafel.
1984 2137 3138 2253 Es wäre interessant, zu untersuchen, wie der Weltkrieg,
1870 2192 3130 2334 r draußen mit harten Schlägen auch an die Pforten Rü¬
1933 2292 3133 2359 mäniens mit eiserner Faust pocht, auf geistigem Gebiete
1958 2339 3130 2413 in den neutralen Ländern sich fühlbar macht. Es wäre ap¬
1961 2378 3138 2450 pelt interessant, wenn es gelänge, das ganze geistig den
1955 2436 3131 2516 einer solch neutralen Nation in dem Rahmen nach¬
1959 2479 3136 2563 ternen Statistik zu fassen. Zweifellos hätte das Volk der
1956 2532 3130 2621 Dichter und Denker einen bevorzugten Platz in dieser Staa¬
1950 2593 3125 2667 tistik seiner geistigen Bedeutung nach zu beanspruchen. Es
1953 2643 3133 2711 hätte ihn zu beanspruchen; ob es ihn aber auch tatsächlich
1955 2689 3131 2763 hat, wenigstens in Rumänien, ist aber doch eine Frage¬
1953 2745 3127 2821 Gewiß, auf musikalischem Gebiete sind die Centralmächte
1947 2800 3127 2868 nicht auszuschalten und ein solcher Versuch würde nur mit
1948 2854 3130 2924 einem glatten Bankerott des Versuchers enden. Anders auf
1947 2904 3131 2973 literarischem Gebiete. Man schaue sich nur die Auslagen
1945 2952 3122 3032 unserer Buchhandlungen an! Wie wimmelt es da von leich¬
1948 2999 3127 3078 ten französischen Romanen, die sich dem Geschmack der gro¬
1944 3047 3123 3133 ßen Menge anpaßen, die darauf verzichten, in der Tiefe
1942 3108 3134 3185 zu schlürfen und die im allerweitesten Sinne dem mehr oder
1948 3163 3125 3227 minder schlechten Geschmacke des Durchschnittsleser in wei¬
1945 3205 3122 3290 testem Maße entgegenkommen. Man schaue sich aber auch
1939 3244 3127 3326 den Spielplan des Nationaltheaters, also der höchsten dra¬
1939 3323 3125 3387 matischen Kunststätte des neutralen Rumäniens an neben
1941 3356 3125 3431 den rumänischen nur französische Autoren! Wo bleiben die
1942 3406 3125 3479 deutschen Klassiker? Wo bleibt Jungösterreich und Jung¬
1942 3451 3123 3541 deutschland mit seinen ausgeprägten Charakterköpfen? Wo
1934 3519 3117 3592 bleiben Schönherr und Schnitzler, Hauptmann und Wede¬
1944 3561 3112 3646 kind? Wo bleiben die nordischen Autoren? Der eine Ver¬
1942 3613 3112 3698 such während des Krieges mit „Alt Heidelberg“ scheiterte
1934 3647 3109 3745 an dem Widerspruch einiger lärmenden Studenten. Seine
1936 3707 3114 3806 Majestät der Student hat verboten, deutsche Autoren auf¬
3186 1931 3349 1999 zuführen
3186 1988 3330 2052 Lande¬
3211 2039 3338 2097 W.
3181 2088 3341 2157 als ihr
3183 2140 3316 2206 der se
3183 2188 3318 2256 natürl
3181 2235 3323 2304 den,
3186 2287 3315 2355 Natio¬
3186 2342 3305 2413 Gipfe
3185 2389 3315 2458 die in
3186 2446 3305 2508 Wend
3186 2499 3338 2559 die der
3183 2549 3316 2617 tional
3183 2604 3330 2662 zu sein
3185 2651 3349 2712 Schnitzle
3183 2705 3357 2770 mindeste
3186 2750 3359 2821 taille, E
3183 2810 3356 2879 kottierun
3271 2857 3363 2915 Es
3175 2905 3360 2977 dertafel,
3183 2959 3363 3026 ler zur
3178 3010 3367 3076 zu haben
3185 3064 3374 3131 die Oeffe¬
3186 3112 3367 3175 akter aus
3181 3163 3362 3233 Schicksal
3180 3219 3363 3280 wurf der
3177 3263 3363 3332 möglichst
3177 3315 3371 3392 ten Gesta
3174 3373 3368 3436 mots rei¬
3180 3423 3360 3484 sierenden
3180 3473 3374 3544 sich ja ni-
3180 3525 3363 3591 sind gute
3177 3570 3373 3638 sein: also
3174 3619 3363 3690 immerhin
3170 3676 3370 3754 toren Me¬
3250 3726 3371 3801 Je ei¬
