3248 4256
1207 158 1548 253 box 9/4
811 143 1031 255 yklus
86 147 772 248 4.9. Anatol-
226 1095 380 1203 vom
574 1143 796 1255 7 FER
1174 1216 2045 1310 gologe an der Wiener Universität, verkehrte das
1181 1299 2040 1359 schöngeistige Wien, die Größen der Burg und
303 1216 1135 1376 THEATER UN KUNSI
1174 1341 2040 1418 Oper, die leichtlebige, genußbereite Geldaristokratie,
486 1363 934 1456 Hitler Anatol.
1174 1396 2040 1453 die gerne, dank ihres Vermögens, auch mit Erfolg
519 1434 901 1500 Burgtheater=Gastspiel.
1174 1445 2040 1511 in den Lebensformen des Adels posierte. Aus
530 1458 985 1533 Also spielen wir Theater,
1174 1486 2040 1548 dieser gesellschaftlichen und der berühmten Kon¬
528 1517 1020 1577 Spielen unsre eignen Stücke
1183 1537 2038 1601 versations=Tradition, die man damals „Plaudere
528 1550 1146 1623 Frühgereift und zart und traurig,
1174 1592 2040 1647 aus dem Französischen“ nannte, erstand der Ana¬
536 1598 1007 1662 Die Komödie unsrer Seele,
526 1620 1150 1700 Unsres Fühlens Heut und Gestern
1181 1642 2040 1706 tol-Zyklus. In jenen Tagen wäre er freilich noch
526 1682 1062 1735 Böser Dinge hübsche Formel,
1183 1686 2038 1750 nicht burgtheaterfähig gewesen. Erörterte er doch
526 1722 1040 1772 Glatte Worte, bunte Bilder,
1185 1735 2034 1792 Dinge, die „nicht denkbar waren in der Sphär¬
528 1766 1071 1818 Halbes, heimliches Empfinden,
1183 1788 2043 1847 der Burgtheatergesellschaft". Erst Jarno wagte
541 1799 941 1854 Agonien. Episoden
1179 1827 2040 1889 am Ischler Sommertheater das „Abschiedssouper
310 1812 1150 1906 Bei der vielgerühmten Burgtheater-Aufführung
1181 1882 2047 1939 ein paar Jahre später kam der ganze Zyklus ins
284 1882 1143 1946 Jänner 1932, von der ein Abglanz gestern nach
1190 1924 2045 1992 Deutsche Volkstheater. Weltkrieg und Umsturz
284 1933 1141 1992 Graz kam, sprach diese musikalisch versonnenen
1190 1981 2047 2043 haben die Fin-de-siècle Jugend jener Tage ver¬
284 1979 1143 2040 Verse Raoul Aslan, der Darsteller des Anatol,
1528 2025 2038 2089 sie, fast gespenstisch, durch die
284 2027 1148 2091 einen Veilchenstrauß in der Hand. Die Verse sind
1190 2032 1447 2100 weht, nun te
1190 2084 2049 2153 Burg=, bzw. Alemietheater=Aufführung im Ko¬
277 2076 1146 2137 von Loris, so nannte sich der damals noch unbe¬
1190 2128 1854 2199 stüm der neunziger Jahre wieder auf.
275 2124 1152 2186 kannte 17jährige Hugo von Hofmannsthal, der sie
1216 2170 2051 2234 Schnitzler, Oktober 1931 gestorben, blieb in sei¬
275 2181 1143 2238 der Buchausgabe des ebenso unbekannten 20jähr¬
1181 2225 2047 2276 nem ganzen Lebenswerk jener Generation ver¬
279 2223 1146 2287 gen Schnitzler als Vorwort widmete. Das war die
284 2265 1150 2331 literarische Jugend der achtziger und neunziger
1187 2271 2054 2331 haftet, so sehr er sich auch sträubt, als „Dichter des
1187 2317 2054 2370 Anatol" typisiert zu werden. Schon 1807 urteilte
279 2313 1157 2379 Jahre in Wien, von der Josef Körner in „Artur
1190 2368 2056 2423 Karl Kraus über ihn: „Zu gutmütig, um einem
275 2368 1152 2432 Schnitzlers Gestalten und Probleme" (Wien 1921)
1190 2416 2045 2478 Publikum nahetreten zu können, hat er sich ein für
286 2414 1152 2476 erzählt. Das junge literarische schöngeistige Ju¬
286 2460 2054 2520 dentum von Wien jener Tage hätte, durch den allemal eine kleine Welt von Lebemännern und
1194 2513 2054 2570 Grisetten zurecht gezimmert, um nur zuweilen aus
279 2511 1157 2577 Antisemitismus aus der Politik ausgeschaltet (in
1183 2564 2054 2614 diesen Niederungen zu falscher Tragik emporzu¬
284 2564 1152 2623 Berlin wandte sie sich schon damals, in Wien erst
1194 2610 2056 2667 fliegen." Zu den Grisetten, den süßen Mädels aus
275 2603 1152 2674 vom November=Umsturz an der sozialistischen
1187 2663 2054 2722 der Vorstadt, kamen dann noch die seinen Damen
288 2656 1157 2718 Problematik zu), sich mit altklugen, leidmüden
1187 2709 2054 2768 der Gesellschaft als ehebrecherische Liebchen, ange¬
288 2704 1150 2768 Gesten dem Erlebniskreis seiner Gesellschaftsschich¬
1190 2755 2051 2812 kündigt schon von der Gabriele der „Weihnachts¬
279 2755 1157 2812 ten zugewandt, desen wichtigster bei aller gespielten
1187 2801 2054 2863 einkäufe, die dem süßen Mädel durch Anatol einen
279 2803 1152 2867 oder auch empfundenen Blasiertheit die Liebes¬
1194 2854 2056 2905 Veilchenstrauß schickt, weil sie vielleicht ebenso
284 2856 842 2918 beziehung der Geschlechter war.
1190 2900 2036 2949 lieben kann und den Mut dazu nicht hatte...
330 2869 1152 2977 „Das übertriebene oder ausschließliche Interesse
1223 2946 2051 3006 Josef Körner, nichts weniger als Antisemit,
284 2953 1154 3001 an erotischen und sexuellen Fragen war schon immer
1194 2999 2056 3050 kommt in seinem Buche zu dem gewiß richtigen
279 2995 1157 3065 und überall das Kennzeichen politisch toter oder
1187 3047 2054 3109 Urteil: Wer Wien und seine Gesellschaftsschichten
288 3045 1150 3109 gebundener Zeiten gewesen.“ So entstand Schnitz¬
1196 3094 2051 3149 einigermaßen kenn, dem kann es sich nicht ver¬
279 3087 1152 3168 lers Sexnalpoesie, Weiningers Sexualphilosophie,
1194 3133 2056 3197 bergen, daß Schnitzler schon immer vornehmlich
288 3142 890 3210 Sigmund Freunds Sexualbiologie.
1181 3190 2073 3265 jüdische Menschen gestaltet hat. Seine erzählenden
312 3171 1159 3287 Im Hause Schnitzlers, der Vater war Laryn¬
2087 1218 2953 1299 und dramatischen Schriften sind in den Krisen
2082 1286 2949 1357 jener mehr oder weniger jüdischen Geld= und
2087 1337 2949 1398 Geistesaristokraten angesiedelt, wie sie heute wohl
2087 1387 2949 1469 in allen Hauptstädten zu finden sind, die aber
2087 1434 2779 1500 nirgends so prävalieren wie in Wien“.
2115 1469 2951 1535 Von den sieben Einaktern des Anatol-Zyklus
2087 1533 2944 1607 spielten die Wiener „Die Frage an das Schicksal
2082 1579 2949 1653 „Weihnachtseinkäufe", „Abschiedssouper", „Epi¬
2091 1627 2949 1691 sode", „Anatols Hochzeitsmorgen", Aslan als
2082 1678 2949 1733 Anatol doch schon über die Jahre jenes leichtsinni¬
2087 1728 2946 1788 gen, vom Vermögen des Papas lebenden Nichts¬
2087 1774 2955 1832 tuers hinaus. Doch schon in jenem Alter, wo die
2080 1825 2949 1880 Anatol-Helden Verwaltungsräte und Bankdirek¬
2089 1876 2949 1933 toren sind, im „Weiten Land", auf dem „Weg ins
2087 1917 2946 1977 Freie", auf dem „Einsamen Weg." (In ihrem
2091 1961 2946 2025 Alter ebenso von jeder Moral unbeschwerte Ge¬
2089 2016 2946 2076 nießer des Augenblicks wie der junge Anatol.
2082 2069 2951 2128 Schnitzler kennt kein soziales Verantwortungs¬
2082 2117 2942 2197 gefühl. Nur ein einziges Mal, im Marionettenspiel
2082 2166 2579 2247 läßt er Liesls Vater sagen:
2089 2227 2841 2326 Wir haben nichts und ihr habt das Geld
2091 2289 2946 2379 Wir schuften für euch und ihr deutet uns aus
2091 2346 2566 2425 Verführt unsre Töchter —).
2126 2401 2960 2482 Echtester Anatol ist Aslans elegische Resignation,
2098 2476 2953 2540 sein melancholischer Leichtsinn, der Urger in
2089 2524 2955 2588 „Abschiedssouper", „Episode", daß es doch Frauen
2091 2570 2957 2630 gibt, die ihn vergessen können. Als humor voll nüch¬
2089 2619 2957 2671 tern kritischer Freund und mit schon moderner
2098 2667 2955 2722 Eleganz spiel Wagner den Max. Prickelnden
2098 2718 2960 2770 Reiz gab Alma Seidl ihrem Ballettmädel
2098 2768 2955 2821 Annie in „Abschiedssouper, ein lustiges, fesches
2098 2819 2955 2878 Wiener Mädel, sein bezaubernde Dame in „Weih¬
2091 2863 2960 2920 nachtseinkäufe, rassig-leidenschaftliche Ungarn in
2091 2913 2957 2971 „Anatols Hochheitsmorgen" war Frau Johann=
2102 2957 2957 3010 sen, mit naiver Unkompliziertheit wirkte Fräu¬
2089 3001 2955 3058 lein Kramer als hypnotisierte Cora und Zir¬
2091 3056 2951 3116 kusreiterin Banka. In kleinen Rollen, Kellner und
2089 3105 2955 3164 Diener, wirkte drollig Bauer. Das ausverkaufte
2091 3153 2854 3232 Haus ehrte die Güte durch starken Beifall.
