3436 4352
312 196 1122 248 nearly the hours in epitome first
316 234 1122 280 night stage management, when the operette
316 271 1122 341 appears something else it probably have
316 303 423 351 to.
355 314 1120 405 The two most interesting things that the
307 373 1120 428 Per produced were arwel Supper
310 419 1115 462 and the one the perfect one at play
312 448 1124 494 Mr. Granville Burkers version of one
314 483 1124 539 Schners Anale sketches, and a very
312 517 1120 587 sou play by an American author, Mr.
316 555 1124 608 Eugen v. Freelle has
321 592 1118 637 all the advantages ont pas at have
312 633 1118 674 and something else in addition. It is not
312 662 1118 706 a series the third or the
316 699 1120 749 personally before the curtain
321 724 1120 774 and in time
310 772 1111 815 to complete its end, with
316 806 1122 847 their curious reation upon one another.
316 838 1122 883 proved even a little to quick for those who
316 872 1124 917 did not know not before, but how delicius
319 913 1120 951 to those who did. This idem into which Mr.
312 945 1118 990 Barker has translated the dialogue, so pol-
312 979 1120 1031 qual and yet so unexpected, seemingly so
316 1017 1122 1070 natural and easy and yet lacked with more
316 1054 1122 1113 point that normal conversation ever attain
307 1090 1113 1129 is it not a model for at der como di
316 1127 1099 1177 logue? What did you talk to him about,
733 1163 1049 1222 things
312 1161 690 1213 says Anatol, angrity.
310 1181 1120 1245 answers in vague with a brug. Exactly
316 1238 1122 1279 what she would have said; but how few authore
312 1270 1120 1313 dare even if they have the kill) to write such
312 1307 1118 1348 dialogue. It was very well played by Mr.
312 1345 1120 1404 Nicholas Hannen as Anatol and Mr. Douglas
298 1366 1122 1420 Jefferten Max, und Miss Marie Prott,
303 1411 1115 1475 wicked and fantingly beautiful as Mimi
307 1450 1118 1498 revealed here frater unusually
291 1482 774 1539 accomplished comédienne.
348 1493 1115 1566 In the one provided the best piece
303 1525 1115 1605 concerted acting that the very company
307 1593 1124 1641 has yet shown us. The incident takes place in
310 1630 1127 1682 the foote of an ammunition carrying tramp
307 1666 1124 1714 steamer entering the war zone and on the
291 1700 1122 1757 lock-out for torpedo attack. There is general
312 1739 1120 1782 nerve strain on the part of the more crow,
312 1771 1120 1814 the watch below in the los consisting of
312 1805 1113 1851 eight me of different nationalties. Quo
316 1846 1122 1889 them comes to be suspected by the rest of
312 1882 1120 1930 being a spy; he is seized upon savagely, bound
312 1921 1118 1960 and gaged, and a jalously guarded box of
312 1948 1118 2001 his, fled to discover bombis found only to
319 1987 1120 2035 contain a packet of love letters. The play
312 2026 1118 2074 has one slight fault. One guesses that, if the
312 2062 1120 2110 bor does not contain bombe, it contains a
312 2094 1120 2144 sentimental relie of come kind. The atmos¬
319 2135 1113 2187 phere of suspense, the clos, crowded atmos
316 2165 1113 2224 phere of the locale, the imminence of danger
312 2206 1118 2251 are brought most convincingly on to the
312 2235 1115 2292 stage; one in deeply interested in the different
307 2276 1113 2331 reaction of each member of the crew toward
307 2308 1115 2358 them; but when one the suspense of the bo¬
300 2345 1120 2392 is over the curtain is with a few moments
312 2386 1118 2436 too long in explaining the relic. It is a small
316 2429 1118 2477 point in an admirably written play, perfe¬
312 2449 1120 2504 acted by Mr. Brember Wills, Mr. Joseph
312 2497 1113 2545 Dodd, Mr. George Carr, Mr. Douglas Jefferies,
312 2527 1106 2581 Mr. William Armstrong, Mr. Nicholas Han
314 2559 1111 2613 nen, Mr. Felix Almer, and Mr. Harold Scott
314 2602 1024 2643 The eigent-century Japanese
312 2636 1118 2677 Bushido was also extremely interesting,
310 2672 1111 2743 and again gave Mr. Brember Wills an oppor¬
307 2713 901 2770 tunity for some very fine acting.
351 2716 1118 2802 For the rest, there were some songs, sung
316 2779 1104 2832 each in the costume of their period by M.
307 2813 1115 2870 John Goss, by John Dowland, Scarlatt,
307 2850 1115 2911 Granados and others. It is an open question,
310 2884 1115 2945 of course, whether these songs, sung as we
307 2920 1115 2980 as they were by Mr. Gose, are heightened by
316 2957 1115 3016 any costumes; but there it was. And there
312 2993 1118 3073 was some charming dancing by Mlle. Rambert,
967 3030 1079 3084 H. G.
2734 253 3089 344 box 9/3
1625 255 2590 348 4.9. Anatol - Zyklus
2279 1550 3175 1616 Verhältnis zur Episode wird: Anatol kann nur lie¬
2269 1614 3169 1657 beln, nicht lieben. Er ist, genau besehen, eine tragi¬
2279 1653 3166 1700 komische Figur. Die Tragik wie die Komis dieses
2279 1698 3169 1748 Menschen, der, aus der Not eine Tugend machend,
2276 1741 3169 1791 über billige Liebesabenteuer zweiten Ranges nicht
2276 1782 3175 1835 hinaus gelangt, diese Eigenschaften einer typischen
2276 1821 3164 1880 Zeitfigur würden am deutlichsten zur Wirkung ge¬
2276 1871 3175 1923 langen, wenn der Darsteller den Anatol durchaus
2269 1914 3178 1978 ernst spielen würde. Auch Max, der etwas klügere,
2276 1955 3011 2028 besinnliche Freund, ist keine Possenfigur,
1334 1860 1985 2053 Klose & Seide
2313 2003 3175 2071 In Prag wird der Zyklus im Possenstil aufge¬
1375 2033 1955 2110 Bauren die Langaaende
2288 2053 3175 2117 führt. Jener Teil des Publikums, der es nicht besser
1316 2087 2001 2185 Berlin No. 43, Georgenkirchatz 21
2279 2108 3175 2153 versteht, amüsiert sich weidlich, die Darsteller an¬
2269 2144 3178 2206 scheinend nicht minder, schon deshalb, weil sie sich
2276 2190 3175 2242 das Spielen einmal so recht leicht machen können.
2279 2240 3178 2288 Allen voran Direktor Kramer, der vorgestern als
1307 2235 1495 2340 Zeitung:
2279 2279 3187 2335 Anatol gastierte. Es bereitete ihm viel Vergnügen,
2283 2329 3187 2381 sich wieder mal ganz jugendlich gebärden zu können.
1316 2322 1416 2404 Ort:
2279 2370 3187 2415 was ihm stellenweise glaubhaft gelang. Frau Breda
1307 2390 1502 2463 Datum:
2276 2408 3184 2467 spielte die Dame der guten Gesellschaft, in einen
2288 2456 3184 2506 schönen Pelz gehüllt, mit sympathischer Anmut; in
2276 2497 3178 2547 der Szene am Hochzeitsmorgen Anatols hatte sie
1648 2470 2019 2606 37.
2283 2540 3180 2590 derber zu sein, was ihr nicht restlos gelang; erst im
2276 2586 3175 2636 letzten Auftritt erwies sie überraschendes Tempera¬
1712 2572 1917 2672 Anatol.
2285 2634 3182 2681 ment. Fräulein Dierks wirkte in der, wiederum
1404 2629 2101 2729 Sonntag in der „Alten Bühne
2283 2672 3184 2718 allzu schwankmäßig angelegten, Hypnotisierszene er¬
1917 2695 2080 2738 1
2292 2716 3182 2768 frischend durch ihr munteres, schalthaftes Wesen und
1395 2704 2251 2775 Er ist schon ziemlich gealtert, der gute Anatol
2285 2763 3182 2811 durch ihre jugendliche, fast kindliche Erscheinung.
1357 2763 2253 2809 dieser Einheimser billiger Liebeserfolge, dieser bür
1370 2800 3184 2861 gerliche Talmi=Don Juan, der die Gepflogenheiten: Daß Frau Medelsky im „Abschiedssouper gera¬
1357 2848 3175 2907 durchschnittlicher Lebejünglinge bis ins sogenannte dezu glänzend spielt, weiß man seit Jahren. Sie ern
1363 2889 3178 2948 reife Mannesalter beibehalten hat. Heute wird man tete auch diesmal den stärksten Beifall, Fräulein
1370 2934 3169 2991 seine Verspieltheit kaum mehr bewundern, Gut Horwitz hatte die weibliche Rolle in „Episode
2288 2977 3191 3030 inne, eine kleine Rolle, die viel Routine erfordert.
1370 2982 2260 3032 tige werden diesen alten Knaben, der Verliebthei¬
2292 3016 3189 3073 Sie wurde ihr mit Anstand gerecht. Den Mar spielte
1363 3030 2263 3087 mit Liebe verwechselt, bestenfalls bemitleiden, und
1363 3059 3187 3123 es wird sich hoffen lich kein weibliches Wesen in Herr Heim dem Spielleiter und dem Publikum
2292 3109 3191 3159 zum Dank, spöttisch, ironisierend, assig, an keiner
1366 3109 2263 3164 Publikum einreden lassen, daß nicht er der Bedau¬
1363 3153 3194 3200 ernswerte sei, der in „Weihnachtseinkäufe" scheinbar Stelle besinnlich, schnitzlerisch. — Zu dieser Auf¬
2292 3194 3189 3250 führung würde Loris Hofmannsthal schwerlich sei
1366 3198 2263 3248 die anständige Frau, die „nicht den Mut hat, an
1366 3246 3184 3316 amoureusen Möglichkeiten überragt. Es ist wahrlich nen berühmt gewordenen Prolog gedichtet haben.
1363 3287 2272 3353 nicht die Schuld seiner Partnerinnen, daß ihm jedes
3023 3282 3141 3357 O. P.
