3344 4256
263 198 1206 305 4.9. Anatol - Zyklus
1379 201 1729 305 box 9/1
1927 780 3031 876 THE GLOBE AND COMMERCI
1797 898 2839 969 understands. Hermann Bahr, an old friend, who has
2910 915 3034 1009 The
1797 946 2831 1009 dedicated one of his books to my dear Arthur Schnitz
1333 938 1684 1042 Blaue
828 910 1568 1082 ne de¬
1797 992 2842 1057 ler," does not pretend quite to understand. These four
2946 1011 3031 1099 A
1794 1040 2842 1102 plays, he has said of the volume called "Lebendige
997 1048 1483 1133 1737—ESTABLISHE 1912.
1794 1088 2839 1141 Stunden we are making only a rough paraphrase of
1794 1130 2839 1201 his words excite a thousand thoughts and feelings in
802 1150 1709 1223 NEW YORK, WEDESDAY, OCTOBER 16.
1791 1178 2828 1246 us, but in such a way that each of them is oftened and
1794 1218 2831 1280 changed by the one that follows. The poetis function
2915 1223 3031 1300 Mac¬
737 1249 944 1328 Published
997 1266 2839 1336 owned by the Commercial Advertiser As- is by his words to make us feel more than words can
729 1297 941 1345 sociation.
2898 1285 3031 1367 Wall¬
997 1311 1774 1348 983 Dey street, New York; H. J. Wright,
1802 1311 1944 1376 express.
743 1336 1774 1404 president; William Shillaber, Jr., treasurer, and Jason
729 1353 1059 1421 Rogers, secretary.
2901 1353 3023 1421 Vital
1839 1333 2839 1427 Perhaps it is this peculiarity which has so far kept
1794 1412 2839 1463 Schnitzler from being widely popular in this country or
2890 1401 3026 1494 the
729 1455 2833 1551 Entered at the New York Postolle an verendeeles matter, England. Yet one is not sure, His short stories, though
2890 1486 3023 1554 and
1785 1500 2836 1557 not more interesting than his long novel, Der Weg ins
833 1520 1650 1605 PUBLICATION OFFICE: GLOBE SOUARE
2890 1528 3026 1619 and
1797 1548 2839 1605 Freie," or than such a play as "Der Einsame Weg," are
1794 1596 2836 1653 in our opinion more perfectly accomplished. In them
1020 1576 1492 1681 SUBSCRIPTION RATES
2898 1602 3017 1675 Crud
1785 1641 2828 1698 Schnitzler acceeds most thoroughly in doing exactly
785 1627 1229 1701 One year...........83.00
1308 1644 1675 1712 Three months.
2901 1667 3017 1757 Cast.
718 1684 1240 1752 Six months...... 1.50
1311 1655 2833 1752 One month what he wants. And several of them are extraordinarily
1788 1737 2822 1800 exciting. It is hard to read such little intense master
2853 1749 2946 1836 77
732 1780 2828 1831 THE GLOBE te not responsible for any unsolicited manu¬ Dieces as "Ein Abschied, "Die Toten Schweigen," or
2910 1825 2997 1890 lack
1805 1825 2833 1879 Leutnant Gustl, without holding one's breath. Sel¬
723 1836 1774 1881 script schich is not plainly marked with the name and addres¬
1788 1862 2989 1938 dom has any author succeeded as Schnitzler has suc¬
723 1873 1624 1952 of the sender and accompanied by stamps for return.
2856 1901 2994 1944 Maximi
1785 1918 2992 1978 ceeded here and in Sterben," in being both almost un¬ Be¬
2859 1958 2992 2000 Wir
1785 1963 2480 2040 bearably exciting and also profound.
2850 1983 2975 2037 David
1839 2014 2989 2076 Yet it may be another peculiarity which has post¬
901 2020 1737 2074 The Association of American Advertiser¬
1797 2054 2983 2119 poned Schnitzlers wider fame. Are his people, judged Peel.
867 2040 1743 2124 has examined and certified to the circula¬
2867 2107 2978 2164 Shon
1783 2105 2828 2161 as most of us judge real persons, either good or bad
819 2113 1743 2170 tion of this publication. The figures of
1785 2153 2983 2218 It is quite plain that Schnitzler does not divide the valuab
746 2147 1754 2215 circulation contained in the Association's report
1794 2189 2952 2249 into good and bad. Such a division would not interestlessly
746 2204 1175 2274 only are guaranteed.
1785 2237 2969 2297 him. Many of his men and women have a grace of petent
734 2249 1715 2314 ASSOCIATION OF AMERICANADVERTISERS,
1785 2274 2972 2348 nature which survives their worst deeds. And appe¬
737 2302 941 2367 No. 2178.
1107 2311 1749 2384 Metal. Meg. Non ad Cry
2848 2319 2969 2370 This
1785 2333 2822 2390 wakens, in sympathetic readers, feelings which for the
2848 2362 2946 2415 Sin."
1788 2384 2825 2435 time he can make appear more important, more funda¬
896 2413 1593 2497 POLITICS AND THE NAVY.
1783 2430 2961 2486 mental, than a feeling for right and wrong. Perhaps would
777 2449 2944 2528 We don't believe many of the World's readers will that explains why he has seldom been among the best the
1788 2520 1927 2596 sellers.
2836 2520 2961 2579 atento
715 2506 1766 2588 agree that the administration has been playing polities
2839 2568 2966 2619 capab
718 2576 1768 2633 with the navy." It was a political move, the World
1910 2565 2704 2670 THE WILSON CAMPAGN FUND.
2836 2610 2963 2661 sight
720 2624 1768 2675 thinks, to have the naval pageant in these waters at
1836 2616 2978 2712 The Wilson pre-convention fund, says William F. unter
718 2664 1768 2732 this time. The Presidents speech, in which he regretted
1788 2684 2935 2746 McCombe, who managed it, amounted to 8208,000. Of him.
718 2715 1766 2774 that only one battleship had been authorized this year
2850 2726 2978 2794 wasten
1785 2740 2819 2800 this sum Cleveland H. Dodge turned in 385,800, or 40
706 2749 1760 2831 by congress, was part of the scheme to play politics
2848 2777 2975 2825 rifice
1788 2788 2822 2842 per cent of the total. Other rich men affiliated with
723 2797 1020 2882 with the navy.
2839 2817 2969 2870 petent.
1783 2831 2825 2887 corporations contributed something like 380,000 more,
2859 2859 2986 2915 Of zu
780 2814 1760 2907 Well, there is another way of putting these things
1780 2890 2961 2946 making the corporation" contributions, as George R. It is
712 2887 1760 2966 The Democrats in congress, having interrupted that
1783 2927 2938 2994 Sheldon would classify them, 80 per cent of the total vivid
712 2949 1757 3011 naval policy which the United States has been following
1783 2975 1884 3040 fund.
2831 2978 2989 3031 less.
706 2980 1760 3051 for years, respectfully request, first, that the President
1828 2992 2983 3076 Mr. Dodge, in addition to being a loyal Princeton with co¬
706 3043 1749 3099 of the United States refrain from saying this interrup
2836 3059 2989 3113 about
1783 3068 2811 3122 man, is an officer or director in twenty-six corporations
709 3074 1760 3158 tion has been made; secondly, that until the election is
2828 3096 2983 3156 he has
1780 3116 2814 3172 including the National City Bank, whose relations to
715 3127 1715 3184 over the navy be kept where the voters cannot see it.
2833 3144 2966 3195 a point
1785 3161 2989 3232 the Standard Oil group are well known. Of the money
768 3181 1757 3237 Perhaps compliance with these requests would be
1783 3206 2972 3277 turned in by Mr. Dodge, he says, 12,500 was given by nati¬
709 3209 1757 3291 the World's idea of non-political, non partisan treatment
1783 3254 2814 3308 Cyrus H. McCormick, president of the International
2839 3269 2969 3319 makes
706 3260 949 3336 of the navy,
1774 3291 2978 3376 Harvester Company, the corporation of which George very oft¬
1085 3334 1367 3413 AN OSIS.
1780 3345 2924 3393 W. Perkins is chairman of the board. When the suit some
729 3362 2958 3466 A few days ago some six or eight men were taking against the Harvester trust was instituted Mr. Dodge again
1780 3435 2969 3492 suggested to Mr. McCormick that he receive back his London
703 3435 1754 3514 luncheon. They were talking polities all the time, and
709 3475 2975 3545 they did not agree. Some were going to vote for wir money because there might be criticism of its recept, sufferin
2831 3514 2978 3562 te mo¬
1777 3528 2808 3588 The matter was referred to Governor Wilson, who said
709 3543 1754 3591 son, others for Taft, others for Roosevelt. And yet
2833 3551 2975 3605 vile of
1780 3574 2972 3639 that the money should be accepted, that he was not respec¬
709 3582 1746 3641 strange to say, they did not disagree as to facts. The
709 3624 2975 3681 agreed as to what was likely to be done about the afraid to receive it. So, as the money of Perkins But it
1771 3667 2961 3726 helped pay the legitimate expenses of the Roosevelt pre¬
709 3667 1746 3735 tariff and about the trusts if the Republicans or the
1777 3709 2978 3766 convention campaign, so the money of Dodge and Me sense of
709 3718 1754 3783 Progressives or the Democrats should come into power.
715 3760 2966 3836 They did not interrupt one another, yet everybody had a Cormick helped pay the legitimate expenses of the charact
2828 3800 2949 3848 cause
1780 3797 2808 3859 Wilson pre-convention campaign. Governor Wilson
701 3817 1749 3865 chance to say his say. Strangest of all, perhaps, was
1774 3842 2975 3930 might not have been nominated if it had not been humane
709 3853 1749 3913 the way in which each of them was ready to admit that
2856 3873 2966 3924 But,
701 3899 1887 3947 bis party was not equally strong at all points. Again given.
1825 3904 2975 4009 We wish to testify in the strongest possible way to
701 3944 1757 4003 and again somebody would say, "Yes, that fact does
701 3989 2972 4045 count against us," or "I don't deny that your argument the personal conviction that this money from Messe, the mo
1771 4031 2969 4091 Dodge and McCormick was given in honor and patriot. Hastin¬
701 4040 941 4108 has weight.
2831 4071 2930 4108 have
1774 4082 2808 4141 ism and accepted by Governor Wilson in honor and in¬
754 4045 1749 4139 From this one might suppose that these men were not
2833 4096 2961 4144 fortuna
2833 4133 2972 4173 first an
1607 4133 2805 4189 doivent se¬
706 4130 1506 4198 in earnest, that they were playing with th
