<?xml version="1.0" encoding="UTF-8" standalone="yes"?>
<PcGts xmlns="http://schema.primaresearch.org/PAGE/gts/pagecontent/2013-07-15" xmlns:xsi="http://www.w3.org/2001/XMLSchema-instance" xsi:schemaLocation="http://schema.primaresearch.org/PAGE/gts/pagecontent/2013-07-15 http://schema.primaresearch.org/PAGE/gts/pagecontent/2013-07-15/pagecontent.xsd">
    <Metadata>
        <Creator>prov=READ-COOP:name=PyLaia@TranskribusPlatform:version=2.12.1:model_id=39995:lm=provided:date=29_03_2024_01:48</Creator>
        <Created>2019-10-07T11:52:45.906+02:00</Created>
        <LastChange>2024-03-29T01:48:39.512+01:00</LastChange>
        <TranskribusMetadata docId="223994" pageId="9506271" pageNr="684" tsid="156430759" status="IN_PROGRESS" userId="40391" imgUrl="https://files.transkribus.eu/Get?id=XQKMEQZVEBWTSRDPCDOCUZLB&amp;fileType=view" xmlUrl="https://files.transkribus.eu/Get?id=PNUVETTOCJRVCHVGKWLDLTXA" imageId="6196428"/>
    </Metadata>
    <Page imageFilename="223994_0684.jpeg" imageWidth="3344" imageHeight="4320">
        <ReadingOrder>
            <OrderedGroup id="ro_1712662558721" caption="Regions reading order">
                <RegionRefIndexed index="0" regionRef="tr_1"/>
            </OrderedGroup>
        </ReadingOrder>
        <TextRegion orientation="0.0" id="tr_1" custom="readingOrder {index:0;}">
            <Coords points="83,45 83,3571 3039,3571 3039,45"/>
            <TextLine id="tr_1_tl_1" custom="readingOrder {index:0;}">
                <Coords points="740,87 769,95 798,91 813,106 831,106 838,98 845,106 853,98 874,102 878,7 842,15 827,15 820,7 787,33 743,26"/>
                <Baseline points="761,74 791,69 822,66 852,65 883,65"/>
                <TextEquiv>
                    <Unicode></Unicode>
                </TextEquiv>
            </TextLine>
            <TextLine id="tr_1_tl_2" custom="readingOrder {index:1;}">
                <Coords points="197,244 255,266 299,248 565,266 616,230 711,226 711,168 587,157 514,179 470,157 244,157 193,189"/>
                <Baseline points="214,223 239,225 264,226 289,226 315,227 340,228 365,229 390,229 416,228 441,226 466,228 491,229 517,229 542,231 567,234 592,236 618,232 643,226 668,226 693,226 719,226"/>
                <TextEquiv>
                    <Unicode>4.9. Anato</Unicode>
                </TextEquiv>
            </TextLine>
            <TextLine id="tr_1_tl_3" custom="readingOrder {index:2;}">
                <Coords points="1308,266 1363,251 1406,277 1421,262 1538,251 1578,270 1607,251 1672,251 1672,182 1632,171 1552,175 1512,211 1465,186 1381,200 1352,175 1308,179"/>
                <Baseline points="1328,238 1353,238 1378,238 1404,240 1429,241 1454,241 1480,242 1505,244 1530,244 1556,244 1581,244 1606,243 1632,242 1657,242 1683,244"/>
                <TextEquiv>
                    <Unicode>box 9/5</Unicode>
                </TextEquiv>
            </TextLine>
            <TextLine id="tr_1_tl_4" custom="readingOrder {index:3;}">
                <Coords points="590,273 623,259 652,277 736,266 747,281 831,262 849,277 889,262 980,266 980,179 816,179 754,215 674,226 590,175"/>
                <Baseline points="611,236 636,242 661,247 686,247 712,247 737,249 762,249 787,247 813,247 838,247 863,243 888,240 914,241 939,241 964,241 990,242"/>
                <TextEquiv>
                    <Unicode>y</Unicode>
                </TextEquiv>
            </TextLine>
            <TextLine id="tr_1_tl_5" custom="readingOrder {index:4;}">
                <Coords points="1009,277 1028,277 1031,273 1042,277 1053,270 1064,284 1086,288 1097,179 1075,179 1057,189 1038,171 1024,171"/>
                <Baseline points="1034,252 1070,254 1107,244"/>
                <TextEquiv>
                    <Unicode>1</Unicode>
                </TextEquiv>
            </TextLine>
            <TextLine id="tr_1_tl_6" custom="readingOrder {index:5;}">
                <Coords points="102,1035 1046,1035 1024,962 845,991 776,955 645,987 102,977"/>
                <Baseline points="122,1024 168,1021 215,1021 262,1021 308,1021 355,1020 402,1019 448,1021 495,1021 542,1021 589,1021 635,1021 682,1023 729,1024 775,1024 822,1022 869,1023 915,1024 962,1024 1009,1024 1056,1027"/>
                <TextEquiv>
                    <Unicode>größten Freuden im Leben des Dichters, als es ihn</Unicode>
                </TextEquiv>
            </TextLine>
            <TextLine id="tr_1_tl_7" custom="readingOrder {index:6;}">
                <Coords points="1075,1046 2026,1053 2026,955 1075,984"/>
                <Baseline points="1095,1029 1142,1027 1189,1027 1236,1029 1283,1032 1330,1032 1377,1032 1424,1032 1471,1033 1518,1035 1565,1035 1612,1035 1659,1035 1706,1035 1753,1035 1800,1037 1847,1038 1894,1041 1941,1041 1988,1041 2036,1041"/>
                <TextEquiv>
                    <Unicode>zu sagen: „Lieber Freund, absolut talentlos</Unicode>
                </TextEquiv>
            </TextLine>
            <TextLine id="tr_1_tl_8" custom="readingOrder {index:7;}">
                <Coords points="2132,1046 3013,1060 3013,966 2132,998"/>
                <Baseline points="2152,1038 2195,1041 2239,1041 2282,1044 2326,1044 2370,1044 2413,1046 2457,1047 2500,1047 2544,1049 2588,1050 2631,1050 2675,1050 2718,1050 2762,1050 2806,1050 2849,1048 2893,1049 2936,1050 2980,1050 3024,1047"/>
                <TextEquiv>
                    <Unicode>Aber es dauerte nicht lange und das Drama</Unicode>
                </TextEquiv>
            </TextLine>
            <TextLine id="tr_1_tl_9" custom="readingOrder {index:8;}">
                <Coords points="95,1075 1046,1079 1046,1031 918,1024 95,1035"/>
                <Baseline points="113,1062 160,1065 207,1065 254,1062 301,1062 348,1062 395,1063 443,1064 490,1062 537,1062 584,1064 631,1065 678,1065 725,1065 773,1067 820,1066 867,1065 914,1068 961,1068 1008,1068 1056,1068"/>
                <TextEquiv>
                    <Unicode>vergönnt war, kurz vor seinem fünfzigsten Geburts¬</Unicode>
                </TextEquiv>
            </TextLine>
            <TextLine id="tr_1_tl_10" custom="readingOrder {index:9;}">
                <Coords points="1071,1075 3006,1104 3006,1060 2099,1028 1071,1046"/>
                <Baseline points="1092,1068 1188,1071 1284,1074 1380,1074 1476,1076 1572,1077 1668,1077 1765,1080 1861,1083 1957,1084 2053,1083 2149,1086 2245,1086 2341,1089 2438,1090 2534,1092 2630,1092 2726,1089 2822,1092 2918,1092 3015,1089"/>
                <TextEquiv>
                    <Unicode>Selbstverständlich hieß es nun für den jungen Herrn des Wiener Mädels war aus dem Burgtheater ver</Unicode>
                </TextEquiv>
            </TextLine>
            <TextLine id="tr_1_tl_11" custom="readingOrder {index:10;}">
                <Coords points="95,1119 2026,1137 1989,1089 95,1075"/>
                <Baseline points="116,1107 212,1104 308,1105 404,1105 500,1105 596,1107 692,1107 788,1110 884,1110 980,1112 1076,1110 1172,1113 1268,1113 1364,1118 1460,1119 1556,1119 1652,1119 1748,1122 1844,1125 1940,1125 2036,1125"/>
                <TextEquiv>
                    <Unicode>tage für seine Familie und sich dieses Heim zu er¬ Artur bei der Medizin bleiben und brav weiter</Unicode>
                </TextEquiv>
            </TextLine>
            <TextLine id="tr_1_tl_12" custom="readingOrder {index:11;}">
                <Coords points="2055,1144 3006,1148 3006,1100 2055,1093"/>
                <Baseline points="2074,1125 2121,1128 2168,1131 2215,1131 2262,1129 2309,1131 2356,1131 2403,1132 2450,1133 2497,1132 2544,1135 2591,1135 2638,1136 2685,1137 2732,1135 2779,1134 2826,1134 2873,1137 2920,1137 2967,1137 3015,1134"/>
                <TextEquiv>
                    <Unicode>schwunden. Eine hohe Dame vom Hofe verbannt</Unicode>
                </TextEquiv>
            </TextLine>
            <TextLine id="tr_1_tl_13" custom="readingOrder {index:12;}">
                <Coords points="95,1159 1042,1166 1042,1122 991,1111 95,1119"/>
                <Baseline points="116,1152 162,1149 209,1149 256,1149 302,1149 349,1149 396,1149 442,1149 489,1150 536,1151 583,1150 629,1152 676,1152 723,1152 769,1154 816,1155 863,1155 909,1155 956,1155 1003,1157 1050,1158"/>
                <TextEquiv>
                    <Unicode>werben. Ein Stück Boden, und wäre es noch so klein</Unicode>
                </TextEquiv>
            </TextLine>
            <TextLine id="tr_1_tl_14" custom="readingOrder {index:13;}">
                <Coords points="1068,1162 2026,1181 2022,1137 1909,1126 1068,1122"/>
                <Baseline points="1089,1158 1136,1158 1183,1158 1230,1158 1277,1161 1325,1162 1372,1164 1419,1164 1466,1164 1513,1164 1561,1164 1608,1164 1655,1164 1702,1164 1749,1166 1797,1167 1844,1167 1891,1170 1938,1170 1985,1173 2033,1170"/>
                <TextEquiv>
                    <Unicode>rackern. Kürzlich zeigte uns übrigens ein Arzt ein¬</Unicode>
                </TextEquiv>
            </TextLine>
            <TextLine id="tr_1_tl_15" custom="readingOrder {index:14;}">
                <Coords points="2051,1177 3006,1195 3006,1148 2911,1140 2051,1140"/>
                <Baseline points="2071,1173 2118,1173 2165,1176 2212,1173 2259,1175 2307,1174 2354,1176 2401,1176 2448,1177 2495,1179 2543,1179 2590,1177 2637,1178 2684,1179 2731,1179 2779,1179 2826,1182 2873,1182 2920,1182 2967,1182 3015,1179"/>
                <TextEquiv>
                    <Unicode>es, nicht wegen der wienerischen Heldin — gefallen</Unicode>
                </TextEquiv>
            </TextLine>
            <TextLine id="tr_1_tl_16" custom="readingOrder {index:15;}">
                <Coords points="102,1199 3013,1232 3013,1192 2791,1181 102,1159"/>
                <Baseline points="122,1194 266,1194 411,1194 556,1196 701,1197 846,1198 990,1200 1135,1200 1280,1203 1425,1208 1570,1206 1714,1206 1859,1212 2004,1215 2149,1215 2294,1221 2438,1222 2583,1224 2728,1224 2873,1224 3018,1224"/>
                <TextEquiv>
                    <Unicode>sein eigen zu nennen, war seit jeher ihm ein lieber kleine Schrift, die in jener Zeit entstanden ist und Mädchen gibt es ja in so vielen klassischen Dramen,</Unicode>
                </TextEquiv>
            </TextLine>
            <TextLine id="tr_1_tl_17" custom="readingOrder {index:16;}">
                <Coords points="95,1243 2022,1264 1957,1213 95,1199"/>
                <Baseline points="116,1238 211,1238 307,1237 403,1236 498,1238 594,1239 690,1240 785,1241 881,1244 977,1244 1073,1241 1168,1244 1264,1244 1360,1247 1455,1248 1551,1250 1647,1249 1742,1250 1838,1256 1934,1253 2030,1253"/>
                <TextEquiv>
                    <Unicode>Traum gewesen. Im Frühling und Sommer im von deren Existenz die Schnitzlerliteratur wohl kann</Unicode>
                </TextEquiv>
            </TextLine>
            <TextLine id="tr_1_tl_18" custom="readingOrder {index:17;}">
                <Coords points="2048,1268 3010,1279 3010,1235 2048,1224"/>
                <Baseline points="2068,1253 2115,1259 2163,1262 2210,1262 2258,1260 2305,1262 2353,1262 2400,1263 2448,1265 2495,1265 2543,1263 2590,1264 2638,1267 2685,1268 2733,1268 2780,1268 2828,1265 2875,1268 2923,1268 2970,1268 3018,1271"/>
                <TextEquiv>
                    <Unicode>von „Faust" angefangen — sondern wegen dieses</Unicode>
                </TextEquiv>
            </TextLine>
            <TextLine id="tr_1_tl_19" custom="readingOrder {index:18;}">
                <Coords points="95,1304 3010,1319 3006,1283 2897,1268 95,1243"/>
                <Baseline points="113,1283 258,1280 403,1280 548,1282 694,1283 839,1286 984,1286 1129,1286 1275,1289 1420,1292 1565,1292 1710,1295 1856,1300 2001,1298 2146,1301 2291,1301 2437,1310 2582,1308 2727,1310 2872,1313 3018,1310"/>
                <TextEquiv>
                    <Unicode>Freien sein Abendbrot zu nehmen, bereitete ihm ein Kenntnis genommen hat. Sie betitelt sich: „Ueber die verworfenen Vaters. In dem Burgtheater jener</Unicode>
                </TextEquiv>
            </TextLine>
            <TextLine id="tr_1_tl_20" custom="readingOrder {index:19;}">
                <Coords points="98,1337 2653,1374 3010,1370 3010,1323 95,1290"/>
                <Baseline points="119,1325 263,1325 408,1322 553,1325 698,1328 843,1329 987,1331 1132,1328 1277,1332 1422,1336 1567,1337 1711,1337 1856,1343 2001,1340 2146,1346 2291,1349 2435,1352 2580,1352 2725,1354 2870,1355 3015,1355"/>
                <TextEquiv>
                    <Unicode>Wohlbehagen ganz besonderer Art. Als er sich noch Behandlung von Stimmbandlähmungen mittels Hyp. halbvergangenen, unseren Augen aber heute wie</Unicode>
                </TextEquiv>
            </TextLine>
            <TextLine id="tr_1_tl_21" custom="readingOrder {index:20;}">
                <Coords points="91,1377 3006,1410 3006,1370 2813,1348 91,1330"/>
                <Baseline points="110,1370 255,1369 400,1367 545,1369 691,1370 836,1374 981,1374 1126,1370 1272,1374 1417,1377 1562,1381 1707,1382 1853,1383 1998,1386 2143,1388 2288,1394 2434,1394 2579,1398 2724,1398 2869,1397 3015,1400"/>
                <TextEquiv>
                    <Unicode>nicht „zu den Hausherren“ zählen durfte, ging der nose." Als Verfasser zeichnet „Dr. Artur Schnitzler, tot daliegenden Zeit konnte man nur Väter dulden</Unicode>
                </TextEquiv>
            </TextLine>
            <TextLine id="tr_1_tl_22" custom="readingOrder {index:21;}">
                <Coords points="95,1425 3006,1454 3006,1410 2889,1403 95,1374"/>
                <Baseline points="113,1412 258,1411 403,1412 548,1414 693,1415 838,1416 983,1416 1128,1415 1273,1419 1418,1421 1564,1424 1709,1424 1854,1427 1999,1430 2144,1430 2289,1436 2434,1439 2579,1440 2724,1441 2869,1441 3015,1444"/>
                <TextEquiv>
                    <Unicode>Dichter oft und oft in irgendeinen der vielen vor= Assistent an der Poliklinik. Es wäre übrigens nicht wie jener edle Odoardo Galotti, der sein Töchterchen</Unicode>
                </TextEquiv>
            </TextLine>
            <TextLine id="tr_1_tl_23" custom="readingOrder {index:22;}">
                <Coords points="91,1465 619,1458 758,1490 798,1461 1038,1465 1038,1428 998,1421 91,1428"/>
                <Baseline points="110,1453 156,1456 203,1453 250,1453 297,1453 344,1453 391,1453 437,1453 484,1454 531,1456 578,1457 625,1459 672,1459 719,1461 765,1462 812,1460 859,1459 906,1459 953,1459 1000,1459 1047,1459"/>
                <TextEquiv>
                    <Unicode>ortlichen Gasthofgärten, um dort zu Füßen alte</Unicode>
                </TextEquiv>
            </TextLine>
            <TextLine id="tr_1_tl_24" custom="readingOrder {index:23;}">
                <Coords points="1068,1465 3013,1516 3013,1454 1068,1428"/>
                <Baseline points="1086,1456 1182,1459 1279,1462 1376,1462 1473,1465 1569,1465 1666,1465 1763,1465 1860,1470 1956,1471 2053,1471 2150,1474 2247,1478 2343,1480 2440,1483 2537,1486 2634,1486 2730,1486 2827,1486 2924,1489 3021,1486"/>
                <TextEquiv>
                    <Unicode>uninteressant zu erfahren, ob Dr. Schnitzler auch erdolcht, bevor der Sturm diese Rose noch ent¬</Unicode>
                </TextEquiv>
            </TextLine>
            <TextLine id="tr_1_tl_25" custom="readingOrder {index:24;}">
                <Coords points="95,1509 2281,1545 2281,1487 2215,1476 95,1465"/>
                <Baseline points="113,1498 221,1500 330,1498 439,1498 548,1498 657,1504 765,1504 874,1504 983,1504 1092,1501 1201,1503 1309,1507 1418,1507 1527,1507 1636,1509 1745,1510 1853,1513 1962,1516 2071,1514 2180,1521 2289,1525"/>
                <TextEquiv>
                    <Unicode>Bäume nach wienerischer Art zu schwelgen". Ein tatsächlich eine derartige Heilung bei einem Patienten blättert hat.</Unicode>
                </TextEquiv>
            </TextLine>
            <TextLine id="tr_1_tl_26" custom="readingOrder {index:25;}">
                <Coords points="95,1549 2026,1574 2022,1523 1662,1509 95,1509"/>
                <Baseline points="113,1543 208,1543 304,1543 400,1543 496,1543 592,1545 688,1546 783,1546 879,1549 975,1549 1071,1544 1167,1546 1263,1549 1359,1550 1454,1552 1550,1553 1646,1555 1742,1555 1838,1555 1934,1558 2030,1558"/>
                <TextEquiv>
                    <Unicode>Culyas, ein Stück Emmentaler, zwei aufge¬ versucht hat. Mit hypnotischen Mitteln hat er übrigens</Unicode>
                </TextEquiv>
            </TextLine>
            <TextLine id="tr_1_tl_27" custom="readingOrder {index:26;}">
                <Coords points="91,1600 1038,1603 1038,1563 922,1552 91,1549"/>
                <Baseline points="110,1591 156,1588 203,1588 250,1588 297,1585 344,1585 391,1585 437,1585 484,1585 531,1585 578,1586 625,1588 672,1590 719,1589 765,1590 812,1591 859,1591 906,1591 953,1589 1000,1591 1047,1591"/>
                <TextEquiv>
                    <Unicode>sprungene Riesenwecken dazu, und etwas Vier und</Unicode>
                </TextEquiv>
            </TextLine>
            <TextLine id="tr_1_tl_28" custom="readingOrder {index:27;}">
                <Coords points="1068,1592 1796,1618 1938,1607 1935,1563 1064,1556"/>
                <Baseline points="1083,1588 1126,1588 1169,1591 1212,1588 1255,1591 1298,1589 1341,1590 1385,1591 1428,1593 1471,1594 1514,1596 1557,1597 1600,1597 1643,1597 1687,1597 1730,1598 1773,1600 1816,1600 1859,1600 1902,1600 1946,1600"/>
                <TextEquiv>
                    <Unicode>vor unseren Augen schon gearbeitet, aber als</Unicode>
                </TextEquiv>
            </TextLine>
            <TextLine id="tr_1_tl_29" custom="readingOrder {index:28;}">
                <Coords points="84,1647 1928,1665 2019,1651 2019,1607 80,1592"/>
                <Baseline points="104,1630 200,1630 296,1627 392,1627 488,1627 584,1633 680,1633 777,1633 873,1634 969,1636 1065,1634 1161,1632 1257,1636 1353,1636 1450,1636 1546,1641 1642,1639 1738,1641 1834,1642 1930,1642 2027,1642"/>
                <TextEquiv>
                    <Unicode>einen Gespritzten — welchen Hochgenuß bereitete Dichter, nicht als Arzt. Es geschah dies im reizender</Unicode>
                </TextEquiv>
            </TextLine>
            <TextLine id="tr_1_tl_30" custom="readingOrder {index:29;}">
                <Coords points="2124,1647 3002,1669 3002,1581 2842,1574 2784,1607 2664,1581 2543,1607 2350,1578 2124,1592"/>
                <Baseline points="2146,1642 2189,1642 2232,1645 2275,1647 2319,1647 2362,1649 2405,1650 2449,1650 2492,1652 2535,1651 2579,1652 2622,1653 2665,1651 2708,1650 2752,1652 2795,1653 2838,1653 2882,1654 2925,1656 2968,1655 3012,1653"/>
                <TextEquiv>
                    <Unicode>Vor Jahren saß ich einmal bei Schnitzler, als</Unicode>
                </TextEquiv>
            </TextLine>
            <TextLine id="tr_1_tl_31" custom="readingOrder {index:30;}">
                <Coords points="84,1713 200,1676 827,1691 827,1647 805,1643 84,1632"/>
                <Baseline points="104,1674 140,1676 176,1675 213,1674 249,1674 286,1674 322,1671 358,1671 395,1671 431,1671 468,1671 504,1674 540,1674 577,1674 613,1675 650,1677 686,1677 722,1677 759,1675 795,1675 832,1680"/>
                <TextEquiv>
                    <Unicode>dieses volkstümliche Men dem Dichter!</Unicode>
                </TextEquiv>
            </TextLine>
            <TextLine id="tr_1_tl_32" custom="readingOrder {index:31;}">
                <Coords points="1064,1683 3010,1713 3010,1665 2948,1654 1064,1636"/>
                <Baseline points="1083,1674 1179,1677 1276,1679 1372,1678 1469,1677 1566,1680 1662,1680 1759,1683 1855,1684 1952,1682 2049,1686 2145,1686 2242,1689 2338,1692 2435,1695 2532,1696 2628,1697 2725,1697 2821,1698 2918,1701 3015,1701"/>
                <TextEquiv>
                    <Unicode>Einakter „Die Frage an das Schicksal“. Der Held das Stubenmädchen mit einer Visitkarte eintrat,</Unicode>
                </TextEquiv>
            </TextLine>
            <TextLine id="tr_1_tl_33" custom="readingOrder {index:32;}">
                <Coords points="168,1723 758,1727 874,1782 955,1723 3006,1749 2966,1702 1286,1694 991,1651 911,1691 168,1683"/>
                <Baseline points="188,1716 329,1716 470,1717 611,1717 752,1720 894,1720 1035,1725 1176,1719 1317,1720 1458,1724 1600,1725 1741,1725 1882,1725 2023,1731 2164,1732 2306,1737 2447,1740 2588,1742 2729,1740 2870,1743 3012,1740"/>
                <TextEquiv>
                    <Unicode>Und wenn in diesem Gasthausgarten zufällig versetzt sein Liebchen in hypnotischen Zustand, um „Haben Sie was dagegen, daß der Herr jetzt ein¬</Unicode>
                </TextEquiv>
            </TextLine>
            <TextLine id="tr_1_tl_34" custom="readingOrder {index:33;}">
                <Coords points="80,1771 816,1778 816,1731 383,1716 350,1738 186,1727 160,1702 80,1723"/>
                <Baseline points="101,1758 137,1760 173,1761 209,1761 246,1761 282,1761 318,1761 354,1761 391,1761 427,1762 463,1764 499,1764 536,1762 572,1761 608,1762 644,1764 681,1764 717,1764 753,1764 789,1765 826,1767"/>
                <TextEquiv>
                    <Unicode>Volkssänger eine „Soiree", gaben,</Unicode>
                </TextEquiv>
            </TextLine>
            <TextLine id="tr_1_tl_35" custom="readingOrder {index:34;}">
                <Coords points="944,1775 1038,1778 1038,1731 984,1734 973,1727 944,1727"/>
                <Baseline points="964,1767 991,1767 1019,1767 1047,1767"/>
                <TextEquiv>
                    <Unicode>hatte</Unicode>
                </TextEquiv>
            </TextLine>
            <TextLine id="tr_1_tl_36" custom="readingOrder {index:35;}">
                <Coords points="1068,1778 2627,1807 2999,1793 2999,1749 1064,1731"/>
                <Baseline points="1089,1764 1185,1761 1281,1764 1377,1765 1473,1766 1569,1766 1665,1767 1761,1767 1857,1770 1953,1773 2049,1774 2145,1776 2241,1779 2337,1782 2433,1783 2529,1785 2625,1785 2721,1786 2817,1785 2913,1788 3009,1785"/>
                <TextEquiv>
                    <Unicode>ganz wahrhaftig zu erfahren, ob ihm das Mädchen trete?" fragte mich der Dichter und reichte mir die</Unicode>
                </TextEquiv>
            </TextLine>
            <TextLine id="tr_1_tl_37" custom="readingOrder {index:36;}">
                <Coords points="84,1811 1038,1822 1038,1778 922,1756 802,1782 84,1756"/>
                <Baseline points="104,1806 151,1806 198,1806 245,1803 292,1804 339,1805 386,1803 434,1804 481,1805 528,1804 575,1804 622,1805 669,1806 716,1808 764,1809 811,1809 858,1809 905,1809 952,1809 999,1809 1047,1809"/>
                <TextEquiv>
                    <Unicode>Schnitzler auch nichts dagegen. Er hörte in heiterer</Unicode>
                </TextEquiv>
            </TextLine>
            <TextLine id="tr_1_tl_38" custom="readingOrder {index:37;}">
                <Coords points="1064,1811 3002,1851 2999,1793 2951,1789 1064,1767"/>
                <Baseline points="1083,1800 1179,1806 1275,1807 1372,1807 1468,1809 1565,1809 1661,1809 1758,1812 1854,1813 1951,1816 2047,1815 2143,1821 2240,1824 2336,1827 2433,1828 2529,1828 2626,1826 2722,1829 2819,1833 2915,1833 3012,1827"/>
                <TextEquiv>
                    <Unicode>jemals untreu gewesen. Doch bevor es noch die ganze Karte. Ich las „Salom Asch“. Es war der russisch¬</Unicode>
                </TextEquiv>
            </TextLine>
            <TextLine id="tr_1_tl_39" custom="readingOrder {index:38;}">
                <Coords points="84,1855 1035,1866 1035,1822 933,1811 84,1811"/>
                <Baseline points="104,1853 151,1851 198,1851 245,1848 292,1851 339,1850 386,1848 433,1848 480,1848 527,1848 574,1849 621,1849 668,1850 715,1851 762,1851 809,1851 856,1853 903,1851 950,1853 997,1853 1044,1851"/>
                <TextEquiv>
                    <Unicode>Beobachtung zu und wurde solcherart ein Kenner</Unicode>
                </TextEquiv>
            </TextLine>
            <TextLine id="tr_1_tl_40" custom="readingOrder {index:39;}">
                <Coords points="1060,1858 1982,1880 2022,1869 2022,1833 1057,1818"/>
                <Baseline points="1080,1845 1127,1848 1174,1848 1222,1848 1269,1849 1316,1851 1364,1851 1411,1851 1458,1852 1506,1852 1553,1852 1600,1852 1648,1852 1695,1853 1742,1853 1790,1853 1837,1853 1884,1856 1932,1859 1979,1859 2027,1856"/>
                <TextEquiv>
                    <Unicode>Wahrheit aus dem Halbschlaf ausplandern kann, ge¬</Unicode>
                </TextEquiv>
            </TextLine>
            <TextLine id="tr_1_tl_41" custom="readingOrder {index:40;}">
                <Coords points="2044,1873 3006,1887 3006,1826 2951,1851 2044,1826"/>
                <Baseline points="2065,1862 2112,1862 2160,1862 2207,1865 2255,1868 2302,1868 2350,1869 2397,1870 2445,1869 2492,1873 2540,1874 2587,1874 2635,1872 2682,1871 2730,1874 2777,1874 2825,1874 2872,1874 2920,1874 2967,1877 3015,1874"/>
                <TextEquiv>
                    <Unicode>jüdische Dichter, dessen Drama „Gott der Rache“ die</Unicode>
                </TextEquiv>
            </TextLine>
            <TextLine id="tr_1_tl_42" custom="readingOrder {index:41;}">
                <Coords points="77,1909 1031,1909 1031,1866 911,1855 77,1858"/>
                <Baseline points="98,1892 145,1892 192,1892 239,1892 286,1891 333,1890 380,1891 428,1889 475,1889 522,1890 569,1892 616,1892 663,1894 710,1895 758,1895 805,1895 852,1895 899,1892 946,1895 993,1895 1041,1895"/>
                <TextEquiv>
                    <Unicode>dieser heute verschwundenen Welt des ungehobelten</Unicode>
                </TextEquiv>
            </TextLine>
            <TextLine id="tr_1_tl_43" custom="readingOrder {index:42;}">
                <Coords points="1060,1902 3006,1935 3006,1887 2948,1880 1060,1858"/>
                <Baseline points="1080,1889 1176,1892 1273,1892 1369,1895 1466,1895 1563,1895 1659,1898 1756,1898 1852,1898 1949,1901 2046,1902 2142,1907 2239,1910 2335,1913 2432,1913 2529,1914 2625,1916 2722,1917 2818,1919 2915,1919 3012,1919"/>
                <TextEquiv>
                    <Unicode>rade in dem Augenblick, in dem das entscheidende Ja deutsche Bühne sich erobert hatte. Ein junger Mann,</Unicode>
                </TextEquiv>
            </TextLine>
            <TextLine id="tr_1_tl_44" custom="readingOrder {index:43;}">
                <Coords points="80,1942 3002,1979 2970,1928 1964,1902 80,1906"/>
                <Baseline points="101,1934 246,1937 392,1934 537,1936 683,1937 828,1940 974,1940 1119,1934 1265,1935 1410,1937 1556,1937 1702,1940 1847,1943 1993,1946 2138,1952 2284,1955 2429,1958 2575,1961 2720,1962 2866,1964 3012,1964"/>
                <TextEquiv>
                    <Unicode>Brettels, in der Unbildung und Talent zu wildem oder Nein fallen könnte — erwacht das Fräulein! Und dunkles englisches Schnurrbärtchen, elegant, stellte</Unicode>
                </TextEquiv>
            </TextLine>
            <TextLine id="tr_1_tl_45" custom="readingOrder {index:44;}">
                <Coords points="77,2000 2015,2004 2015,1960 1898,1949 77,1931"/>
                <Baseline points="98,1982 194,1982 290,1979 386,1979 483,1979 579,1979 675,1982 772,1982 868,1982 964,1983 1061,1981 1157,1979 1253,1979 1349,1979 1446,1979 1542,1982 1638,1983 1735,1985 1831,1985 1927,1988 2024,1991"/>
                <TextEquiv>
                    <Unicode>Reigen sich ketteten. Wie urdrollig hat er die Gestalten ist ängstlich, ob sie sich nicht doch verraten habe...</Unicode>
                </TextEquiv>
            </TextLine>
            <TextLine id="tr_1_tl_46" custom="readingOrder {index:45;}">
                <Coords points="2040,1997 3006,2022 3006,1979 2962,1971 2040,1957"/>
                <Baseline points="2062,1991 2109,1994 2157,1997 2204,1997 2252,2000 2300,2000 2347,2001 2395,2003 2443,2003 2490,2005 2538,2006 2586,2006 2633,2006 2681,2006 2729,2009 2776,2006 2824,2009 2872,2009 2919,2009 2967,2010 3015,2012"/>
                <TextEquiv>
                    <Unicode>der fremde Dichter sich vor. Er drückte zunächst seine</Unicode>
                </TextEquiv>
            </TextLine>
            <TextLine id="tr_1_tl_47" custom="readingOrder {index:46;}">
                <Coords points="77,2037 1031,2037 1031,1997 936,1982 77,1989"/>
                <Baseline points="98,2024 145,2024 192,2024 239,2027 286,2024 333,2024 380,2024 428,2024 475,2024 522,2024 569,2026 616,2025 663,2024 710,2024 758,2024 805,2026 852,2027 899,2027 946,2027 993,2030 1041,2027"/>
                <TextEquiv>
                    <Unicode>der Wiener Volksängerei in der Novelle „Das neu¬</Unicode>
                </TextEquiv>
            </TextLine>
            <TextLine id="tr_1_tl_48" custom="readingOrder {index:47;}">
                <Coords points="1064,2048 1272,2066 1662,2033 1760,2066 1928,2062 1928,1993 1895,1989 1064,1982"/>
                <Baseline points="1083,2024 1125,2024 1168,2024 1211,2027 1253,2027 1296,2025 1339,2024 1381,2024 1424,2026 1467,2027 1510,2027 1552,2027 1595,2027 1638,2028 1680,2030 1723,2030 1766,2030 1808,2030 1851,2030 1894,2030 1937,2033"/>
                <TextEquiv>
                    <Unicode>Schluß: „Er weiß nach wie vor nichts Gewisse</Unicode>
                </TextEquiv>
            </TextLine>
            <TextLine id="tr_1_tl_49" custom="readingOrder {index:48;}">
                <Coords points="2044,2051 2809,2073 3006,2066 3006,2022 2040,1997"/>
                <Baseline points="2065,2039 2112,2039 2160,2039 2207,2042 2255,2045 2302,2045 2350,2046 2397,2048 2445,2047 2492,2047 2540,2050 2587,2049 2635,2050 2682,2051 2730,2051 2777,2054 2825,2051 2872,2054 2920,2054 2967,2054 3015,2057"/>
                <TextEquiv>
                    <Unicode>Freude aus, Schnitzler seine Bewunderung bekennen</Unicode>
                </TextEquiv>
            </TextLine>
            <TextLine id="tr_1_tl_50" custom="readingOrder {index:49;}">
                <Coords points="77,2095 434,2066 1031,2084 1031,2037 955,2033 77,2044"/>
                <Baseline points="98,2068 145,2068 192,2071 239,2068 286,2067 333,2065 380,2065 428,2065 475,2066 522,2068 569,2068 616,2068 663,2068 710,2068 758,2068 805,2070 852,2071 899,2071 946,2071 993,2071 1041,2071"/>
                <TextEquiv>
                    <Unicode>Wied geschildert: den „Kapellmeister" (eigentlich</Unicode>
                </TextEquiv>
            </TextLine>
            <TextLine id="tr_1_tl_51" custom="readingOrder {index:50;}">
                <Coords points="2044,2099 2999,2106 2995,2066 2959,2062 2040,2051"/>
                <Baseline points="2059,2083 2106,2083 2154,2083 2201,2086 2249,2087 2296,2089 2344,2089 2391,2089 2439,2089 2486,2089 2534,2091 2581,2092 2629,2094 2676,2093 2724,2095 2771,2095 2819,2095 2866,2098 2914,2095 2961,2098 3009,2101"/>
                <TextEquiv>
                    <Unicode>zu dürfen. Er wolle ihm aber auch einen kollegialen</Unicode>
                </TextEquiv>
            </TextLine>
            <TextLine id="tr_1_tl_52" custom="readingOrder {index:51;}">
                <Coords points="84,2121 1031,2128 1031,2084 933,2073 84,2077"/>
                <Baseline points="104,2110 150,2113 197,2113 244,2113 291,2113 338,2112 385,2110 431,2110 478,2111 525,2113 572,2112 619,2110 666,2113 713,2114 759,2115 806,2114 853,2115 900,2114 947,2115 994,2116 1041,2113"/>
                <TextEquiv>
                    <Unicode>Klavierspieler), der die „Nr. 1" spielt, die „Ouver¬</Unicode>
                </TextEquiv>
            </TextLine>
            <TextLine id="tr_1_tl_53" custom="readingOrder {index:52;}">
                <Coords points="1144,2132 2015,2139 2015,2081 1847,2088 1785,2055 1680,2092 1596,2048 1432,2084 1144,2059"/>
                <Baseline points="1164,2116 1207,2122 1250,2122 1293,2122 1336,2122 1379,2122 1422,2122 1465,2122 1508,2124 1551,2125 1594,2125 1637,2125 1680,2125 1723,2126 1766,2128 1809,2128 1852,2129 1895,2130 1938,2130 1981,2133 2024,2134"/>
                <TextEquiv>
                    <Unicode>Wie gesagt, von Sonnenthal aus war Artur</Unicode>
                </TextEquiv>
            </TextLine>
            <TextLine id="tr_1_tl_54" custom="readingOrder {index:53;}">
                <Coords points="2040,2132 3002,2153 3002,2106 2970,2102 2040,2095"/>
                <Baseline points="2059,2125 2106,2128 2154,2128 2201,2128 2249,2132 2296,2135 2344,2136 2391,2133 2439,2134 2486,2135 2534,2134 2581,2136 2629,2139 2676,2140 2724,2140 2771,2140 2819,2143 2866,2140 2914,2140 2961,2143 3009,2143"/>
                <TextEquiv>
                    <Unicode>Rat geben: „Sie verstehen," meinte Dr. Asch</Unicode>
                </TextEquiv>
            </TextLine>
            <TextLine id="tr_1_tl_55" custom="readingOrder {index:54;}">
                <Coords points="80,2164 1031,2172 1031,2128 969,2121 80,2121"/>
                <Baseline points="101,2155 148,2158 195,2158 242,2155 289,2155 336,2155 383,2155 430,2155 477,2155 524,2155 571,2155 618,2155 665,2155 712,2157 759,2158 806,2158 853,2158 900,2158 947,2161 994,2161 1041,2161"/>
                <TextEquiv>
                    <Unicode>üre", den Komiker Wiegel=Wagel, der im grünen</Unicode>
                </TextEquiv>
            </TextLine>
            <TextLine id="tr_1_tl_56" custom="readingOrder {index:55;}">
                <Coords points="1060,2175 2011,2186 2011,2139 1909,2128 1253,2143 1060,2106"/>
                <Baseline points="1080,2164 1127,2164 1174,2167 1221,2167 1268,2167 1315,2167 1362,2167 1409,2167 1456,2167 1503,2167 1550,2167 1597,2169 1644,2170 1691,2170 1738,2170 1785,2172 1832,2173 1879,2176 1926,2176 1973,2176 2021,2176"/>
                <TextEquiv>
                    <Unicode>Schnitzler „absolut talentlos". Niemand ist jemals</Unicode>
                </TextEquiv>
            </TextLine>
            <TextLine id="tr_1_tl_57" custom="readingOrder {index:56;}">
                <Coords points="2044,2179 2999,2194 2995,2153 2904,2139 2040,2132"/>
                <Baseline points="2062,2170 2109,2170 2156,2173 2204,2176 2251,2176 2298,2176 2346,2177 2393,2179 2440,2179 2488,2179 2535,2181 2582,2182 2630,2184 2677,2183 2724,2184 2772,2182 2819,2182 2866,2185 2914,2185 2961,2185 3009,2188"/>
                <TextEquiv>
                    <Unicode>lächelnd, „leider gar nicht, den Dieben das Handwerk</Unicode>
                </TextEquiv>
            </TextLine>
            <TextLine id="tr_1_tl_58" custom="readingOrder {index:57;}">
                <Coords points="80,2215 3002,2245 3002,2194 2817,2183 80,2161"/>
                <Baseline points="101,2203 246,2200 392,2200 537,2200 683,2200 828,2203 974,2204 1119,2209 1265,2214 1410,2211 1556,2212 1702,2212 1847,2218 1993,2218 2138,2218 2284,2221 2429,2220 2575,2227 2720,2230 2866,2226 3012,2230"/>
                <TextEquiv>
                    <Unicode>Frack „direkt aus Afrika auf die Bühne kommt, den ob eines Irrtums so verlacht worden wie Sonnen zu legen, die Sie bestehlen!" — „Da haben Sie</Unicode>
                </TextEquiv>
            </TextLine>
            <TextLine id="tr_1_tl_59" custom="readingOrder {index:58;}">
                <Coords points="77,2255 1133,2259 1133,2219 973,2204 77,2204"/>
                <Baseline points="98,2245 150,2245 202,2242 254,2243 307,2243 359,2242 411,2242 463,2242 516,2243 568,2245 620,2245 672,2245 725,2245 777,2245 829,2245 881,2246 934,2248 986,2248 1038,2254 1090,2252 1143,2251"/>
                <TextEquiv>
                    <Unicode>Musiklon" Jodek, der auf Glaständern konzertiert, ha¬</Unicode>
                </TextEquiv>
            </TextLine>
            <TextLine id="tr_1_tl_60" custom="readingOrder {index:59;}">
                <Coords points="1239,2263 3002,2285 3002,2241 2926,2226 1239,2223"/>
                <Baseline points="1259,2251 1346,2254 1434,2254 1521,2254 1609,2257 1696,2257 1784,2260 1871,2261 1959,2262 2046,2258 2134,2259 2221,2262 2309,2262 2396,2264 2484,2267 2571,2267 2659,2272 2746,2271 2834,2271 2921,2269 3009,2274"/>
                <TextEquiv>
                    <Unicode>von sich selbst. Er hatte Schnitzler schon recht," meinte Schnitzler. — „In Rußland." fuhr</Unicode>
                </TextEquiv>
            </TextLine>
            <TextLine id="tr_1_tl_61" custom="readingOrder {index:60;}">
                <Coords points="80,2296 3002,2332 3002,2288 2882,2266 1396,2274 1202,2219 1133,2266 80,2255"/>
                <Baseline points="101,2289 246,2287 392,2288 537,2288 683,2289 828,2289 974,2290 1119,2295 1265,2298 1410,2298 1556,2300 1702,2301 1847,2304 1993,2305 2138,2304 2284,2310 2429,2311 2575,2313 2720,2313 2866,2316 3012,2319"/>
                <TextEquiv>
                    <Unicode>Die „Ungarin“ Ilka, die wienerisch magyarembert usw. als Kind gekannt und vielleicht gerade deshalb an Dr. Asch fort, „werden Sie in hunderten Theatern</Unicode>
                </TextEquiv>
            </TextLine>
            <TextLine id="tr_1_tl_62" custom="readingOrder {index:61;}">
                <Coords points="77,2339 2995,2376 2995,2328 2496,2310 77,2296"/>
                <Baseline points="98,2331 243,2330 388,2329 534,2331 679,2331 825,2334 970,2337 1115,2337 1261,2342 1406,2340 1552,2343 1697,2343 1842,2349 1988,2349 2133,2349 2279,2352 2424,2356 2569,2358 2715,2361 2860,2361 3006,2361"/>
                <TextEquiv>
                    <Unicode>Man hat diese Gestalten in Saltens „Der ihn nicht geglaubt. Er hatte auch kein Auge gehabt gespielt, ohne daß die Direktoren Ihnen auch nur</Unicode>
                </TextEquiv>
            </TextLine>
            <TextLine id="tr_1_tl_63" custom="readingOrder {index:62;}">
                <Coords points="80,2383 1024,2394 1024,2347 940,2336 80,2339"/>
                <Baseline points="101,2376 147,2379 194,2376 240,2376 287,2376 333,2373 380,2373 426,2374 473,2376 519,2376 566,2376 613,2376 659,2376 706,2376 752,2378 799,2379 845,2379 892,2379 938,2379 985,2381 1032,2379"/>
                <TextEquiv>
                    <Unicode>Gemeine“ wiedergesehen, als wären sie aus Schnitz</Unicode>
                </TextEquiv>
            </TextLine>
            <TextLine id="tr_1_tl_64" custom="readingOrder {index:63;}">
                <Coords points="1057,2387 2492,2409 2492,2365 2401,2358 1057,2347"/>
                <Baseline points="1077,2379 1148,2384 1219,2382 1290,2384 1361,2385 1432,2385 1503,2387 1574,2388 1645,2387 1716,2389 1787,2391 1858,2391 1929,2394 2000,2394 2071,2392 2142,2394 2213,2396 2284,2394 2355,2397 2426,2398 2498,2394"/>
                <TextEquiv>
                    <Unicode>für die eigentümliche, halb leichtlebige, halb ver¬ einen Kreuzer bezahlen.</Unicode>
                </TextEquiv>
            </TextLine>
            <TextLine id="tr_1_tl_65" custom="readingOrder {index:64;}">
                <Coords points="2569,2416 2995,2419 2995,2372 2966,2368 2922,2365 2900,2383 2820,2361 2696,2379 2627,2365 2569,2383"/>
                <Baseline points="2588,2406 2614,2404 2640,2403 2666,2403 2692,2403 2718,2403 2744,2403 2770,2403 2797,2403 2823,2404 2849,2405 2875,2406 2901,2406 2927,2406 2953,2406 2979,2406 3006,2406"/>
                <TextEquiv>
                    <Unicode>„Da geschieht mir ein</Unicode>
                </TextEquiv>
            </TextLine>
            <TextLine id="tr_1_tl_66" custom="readingOrder {index:65;}">
                <Coords points="77,2430 860,2423 1031,2449 1031,2394 900,2379 77,2383"/>
                <Baseline points="98,2424 145,2421 192,2421 239,2421 286,2418 333,2419 380,2421 428,2420 475,2418 522,2418 569,2419 616,2421 663,2421 710,2421 758,2421 805,2421 852,2421 899,2421 946,2424 993,2424 1041,2421"/>
                <TextEquiv>
                    <Unicode>ers Novelle gekommen — ähnlich wie der Mann im</Unicode>
                </TextEquiv>
            </TextLine>
            <TextLine id="tr_1_tl_67" custom="readingOrder {index:66;}">
                <Coords points="1064,2430 2011,2452 1986,2398 1064,2390"/>
                <Baseline points="1083,2427 1129,2427 1176,2427 1223,2427 1270,2427 1317,2427 1364,2428 1411,2430 1458,2430 1505,2430 1552,2430 1598,2430 1645,2430 1692,2432 1739,2433 1786,2433 1833,2433 1880,2435 1927,2436 1974,2436 2021,2436"/>
                <TextEquiv>
                    <Unicode>sonnene Gesellschaftsschichte, der dieser nachdenklich¬</Unicode>
                </TextEquiv>
            </TextLine>
            <TextLine id="tr_1_tl_68" custom="readingOrder {index:67;}">
                <Coords points="2037,2445 2700,2449 2806,2485 2849,2456 2999,2460 2999,2416 2937,2409 2037,2401"/>
                <Baseline points="2057,2436 2104,2439 2151,2436 2198,2439 2246,2440 2293,2442 2340,2442 2388,2443 2435,2445 2482,2445 2530,2445 2577,2445 2624,2447 2671,2448 2719,2446 2766,2448 2813,2448 2861,2448 2908,2451 2955,2448 3003,2445"/>
                <TextEquiv>
                    <Unicode>Unrecht," meinte Schnitzler in seiner geradezu naiven</Unicode>
                </TextEquiv>
            </TextLine>
            <TextLine id="tr_1_tl_69" custom="readingOrder {index:68;}">
                <Coords points="77,2489 1002,2492 1002,2445 944,2427 77,2430"/>
                <Baseline points="98,2468 143,2466 189,2466 235,2466 280,2468 326,2463 372,2466 417,2466 463,2466 509,2466 555,2466 600,2466 646,2466 692,2466 737,2466 783,2466 829,2467 874,2468 920,2468 966,2469 1012,2468"/>
                <TextEquiv>
                    <Unicode>grünen Frack aus Afrika, nur nicht ganz so direkt.</Unicode>
                </TextEquiv>
            </TextLine>
            <TextLine id="tr_1_tl_70" custom="readingOrder {index:69;}">
                <Coords points="1049,2485 2004,2485 2000,2449 1953,2445 1046,2430"/>
                <Baseline points="1068,2468 1115,2468 1162,2471 1209,2471 1256,2471 1304,2471 1351,2471 1398,2471 1445,2472 1492,2474 1540,2474 1587,2474 1634,2474 1681,2474 1728,2474 1776,2476 1823,2477 1870,2480 1917,2480 1964,2480 2012,2483"/>
                <TextEquiv>
                    <Unicode>Lebemann Anatol entstammt. Das war eine gan</Unicode>
                </TextEquiv>
            </TextLine>
            <TextLine id="tr_1_tl_71" custom="readingOrder {index:70;}">
                <Coords points="2040,2485 2995,2500 2995,2460 2951,2456 2040,2445"/>
                <Baseline points="2059,2477 2106,2480 2153,2480 2200,2480 2247,2484 2295,2486 2342,2486 2389,2488 2436,2491 2483,2489 2531,2489 2578,2489 2625,2489 2672,2489 2719,2489 2767,2489 2814,2492 2861,2492 2908,2492 2955,2492 3003,2495"/>
                <TextEquiv>
                    <Unicode>Weltfremdheit. — „Sie sind aber schuld," fuhr der</Unicode>
                </TextEquiv>
            </TextLine>
            <TextLine id="tr_1_tl_72" custom="readingOrder {index:71;}">
                <Coords points="1049,2518 2011,2536 2011,2485 1049,2485"/>
                <Baseline points="1071,2513 1118,2513 1166,2513 1213,2513 1261,2515 1308,2513 1356,2514 1403,2516 1451,2516 1498,2516 1546,2516 1593,2516 1641,2516 1688,2516 1736,2521 1783,2519 1831,2522 1878,2522 1926,2525 1973,2525 2021,2522"/>
                <TextEquiv>
                    <Unicode>andere Klasse als die Bourgoisie Bauernfelds, in</Unicode>
                </TextEquiv>
            </TextLine>
            <TextLine id="tr_1_tl_73" custom="readingOrder {index:72;}">
                <Coords points="2040,2536 2988,2554 2988,2503 2853,2492 2040,2489"/>
                <Baseline points="2059,2525 2105,2525 2152,2525 2199,2525 2246,2528 2293,2528 2340,2529 2387,2532 2434,2534 2481,2534 2528,2533 2574,2531 2621,2533 2668,2534 2715,2532 2762,2531 2809,2533 2856,2536 2903,2534 2950,2537 2997,2537"/>
                <TextEquiv>
                    <Unicode>fremde Dichter fort, „weil Sie Ihre Werke zuerst</Unicode>
                </TextEquiv>
            </TextLine>
            <TextLine id="tr_1_tl_74" custom="readingOrder {index:73;}">
                <Coords points="146,2580 762,2551 2995,2587 2995,2551 2911,2536 146,2507"/>
                <Baseline points="164,2549 313,2549 462,2552 612,2549 761,2552 911,2552 1060,2555 1209,2558 1359,2558 1508,2561 1658,2562 1807,2564 1957,2567 2106,2570 2255,2571 2405,2575 2554,2576 2704,2579 2853,2582 3003,2582"/>
                <TextEquiv>
                    <Unicode>Wer hätte je geglaubt, als das erste Büchlein dessen Lustspielwelt Sonnenthal aufgewachsen war. drucken lassen, ehe Sie sich in Rußland Ihr geistiges</Unicode>
                </TextEquiv>
            </TextLine>
            <TextLine id="tr_1_tl_75" custom="readingOrder {index:74;}">
                <Coords points="66,2613 1028,2613 1028,2565 885,2554 66,2551"/>
                <Baseline points="86,2597 133,2597 180,2597 228,2594 275,2594 323,2594 370,2594 418,2594 465,2594 513,2594 560,2594 607,2594 655,2594 702,2594 750,2596 797,2597 845,2597 892,2597 940,2597 987,2600 1035,2597"/>
                <TextEquiv>
                    <Unicode>on „Anatol“ vorlag, daß diese Gestalt über die ganze</Unicode>
                </TextEquiv>
            </TextLine>
            <TextLine id="tr_1_tl_76" custom="readingOrder {index:75;}">
                <Coords points="1049,2605 2004,2624 2004,2576 1920,2569 1049,2562"/>
                <Baseline points="1071,2597 1118,2600 1165,2600 1212,2603 1259,2603 1306,2603 1353,2603 1400,2604 1447,2605 1494,2604 1541,2607 1588,2607 1635,2606 1682,2606 1729,2606 1776,2608 1823,2609 1870,2609 1917,2609 1964,2609 2012,2612"/>
                <TextEquiv>
                    <Unicode>Als dann Burckhard dem jungen Schnitzler di¬</Unicode>
                </TextEquiv>
            </TextLine>
            <TextLine id="tr_1_tl_77" custom="readingOrder {index:76;}">
                <Coords points="2037,2624 2999,2642 2977,2587 2037,2576"/>
                <Baseline points="2057,2615 2104,2612 2151,2615 2198,2618 2246,2618 2293,2618 2340,2618 2388,2619 2435,2621 2482,2621 2530,2623 2577,2624 2624,2622 2671,2623 2719,2624 2766,2624 2813,2627 2861,2627 2908,2627 2955,2627 3003,2630"/>
                <TextEquiv>
                    <Unicode>Eigentum gesichert haben. Machen Sie's in Zukunft</Unicode>
                </TextEquiv>
            </TextLine>
            <TextLine id="tr_1_tl_78" custom="readingOrder {index:77;}">
                <Coords points="73,2656 1283,2642 2995,2700 2995,2642 69,2605"/>
                <Baseline points="89,2639 234,2637 380,2638 526,2639 671,2636 817,2642 963,2642 1108,2642 1254,2645 1400,2648 1546,2648 1691,2651 1837,2651 1983,2655 2128,2658 2274,2663 2420,2665 2565,2666 2711,2666 2857,2669 3003,2674"/>
                <TextEquiv>
                    <Unicode>Deutsche Bühnenwelt ihren Siegeslauf nehmen werde. Pforte des Burgtheaters öffnete und trotz des umgekehrt, und die russischen Direktoren werden</Unicode>
                </TextEquiv>
            </TextLine>
            <TextLine id="tr_1_tl_79" custom="readingOrder {index:78;}">
                <Coords points="77,2693 2008,2711 2008,2664 1727,2649 77,2645"/>
                <Baseline points="95,2680 191,2680 287,2682 383,2680 479,2681 575,2681 671,2680 767,2683 863,2683 959,2686 1055,2686 1151,2689 1247,2689 1343,2689 1439,2692 1535,2692 1631,2692 1727,2695 1823,2695 1919,2698 2015,2698"/>
                <TextEquiv>
                    <Unicode>Artur Schnitzler hatte das Werk noch als Student wilden Widerstandes hochadeliger Funktionäre das</Unicode>
                </TextEquiv>
            </TextLine>
            <TextLine id="tr_1_tl_80" custom="readingOrder {index:79;}">
                <Coords points="2033,2722 2879,2726 2857,2667 2536,2689 2033,2664"/>
                <Baseline points="2054,2707 2095,2701 2137,2704 2178,2704 2220,2706 2262,2707 2303,2707 2345,2709 2386,2710 2428,2710 2470,2710 2511,2711 2553,2713 2594,2713 2636,2713 2678,2713 2719,2713 2761,2713 2802,2711 2844,2710 2886,2719"/>
                <TextEquiv>
                    <Unicode>Ihnen dann Tantiemen zahlen müssen!"</Unicode>
                </TextEquiv>
            </TextLine>
            <TextLine id="tr_1_tl_81" custom="readingOrder {index:80;}">
                <Coords points="77,2726 321,2762 397,2722 1024,2747 1024,2696 893,2685 77,2693"/>
                <Baseline points="95,2722 141,2725 188,2725 235,2725 282,2725 329,2724 376,2723 422,2725 469,2725 516,2725 563,2725 610,2725 657,2725 704,2727 750,2728 797,2726 844,2727 891,2728 938,2728 985,2728 1032,2728"/>
                <TextEquiv>
                    <Unicode>der Medizin geschrieben. Sein Vater, der geschätzt</Unicode>
                </TextEquiv>
            </TextLine>
            <TextLine id="tr_1_tl_82" custom="readingOrder {index:81;}">
                <Coords points="1053,2736 2026,2751 2081,2795 2139,2751 2984,2773 2988,2700 2591,2729 1049,2693"/>
                <Baseline points="1068,2731 1164,2731 1261,2732 1357,2736 1454,2735 1551,2736 1647,2734 1744,2740 1840,2741 1937,2743 2034,2747 2130,2747 2227,2749 2323,2749 2420,2752 2517,2755 2613,2755 2710,2755 2806,2758 2903,2758 3000,2761"/>
                <TextEquiv>
                    <Unicode>Proletarierstück „Liebelei“ aufführte, da sprang Schnitzler dankte seinem Besucher für den kostbaren Rat.</Unicode>
                </TextEquiv>
            </TextLine>
            <TextLine id="tr_1_tl_83" custom="readingOrder {index:82;}">
                <Coords points="69,2791 1020,2784 1020,2729 251,2744 69,2718"/>
                <Baseline points="89,2770 136,2770 183,2770 230,2770 277,2770 324,2769 371,2767 418,2767 465,2767 512,2768 559,2770 606,2770 653,2770 700,2770 747,2770 794,2770 841,2770 888,2770 935,2770 982,2773 1029,2773"/>
                <TextEquiv>
                    <Unicode>Laryngologe Professor Dr. Johann Schnitzler, lebt</Unicode>
                </TextEquiv>
            </TextLine>
            <TextLine id="tr_1_tl_84" custom="readingOrder {index:83;}">
                <Coords points="1049,2780 2015,2798 2011,2758 1873,2740 1049,2736"/>
                <Baseline points="1071,2776 1118,2776 1166,2776 1213,2776 1261,2778 1308,2777 1356,2779 1403,2779 1451,2779 1498,2779 1546,2779 1593,2781 1641,2782 1688,2782 1736,2782 1783,2782 1831,2782 1878,2785 1926,2785 1973,2785 2021,2788"/>
                <TextEquiv>
                    <Unicode>Sonnenthal gleich mit beiden Füßen ins Lager der</Unicode>
                </TextEquiv>
            </TextLine>
            <TextLine id="tr_1_tl_85" custom="readingOrder {index:84;}">
                <Coords points="2110,2806 2992,2813 2992,2773 2795,2758 2110,2758"/>
                <Baseline points="2131,2797 2174,2794 2217,2794 2261,2797 2304,2797 2348,2797 2391,2799 2435,2800 2478,2800 2522,2800 2565,2800 2608,2802 2652,2803 2695,2801 2739,2800 2782,2800 2826,2802 2869,2804 2913,2805 2956,2803 3000,2803"/>
                <TextEquiv>
                    <Unicode>Ich ging dann mit dem russischen Schriftsteller</Unicode>
                </TextEquiv>
            </TextLine>
            <TextLine id="tr_1_tl_86" custom="readingOrder {index:85;}">
                <Coords points="77,2820 1020,2831 1020,2787 944,2773 77,2780"/>
                <Baseline points="98,2815 144,2812 191,2815 237,2815 284,2812 330,2812 377,2812 423,2812 470,2812 516,2812 563,2813 610,2815 656,2815 703,2815 749,2815 796,2815 842,2815 889,2815 935,2817 982,2818 1029,2815"/>
                <TextEquiv>
                    <Unicode>och in der Hoffnung, sein Sohn Artur werde ein be¬</Unicode>
                </TextEquiv>
            </TextLine>
            <TextLine id="tr_1_tl_87" custom="readingOrder {index:86;}">
                <Coords points="1060,2824 2995,2864 2995,2809 1060,2784"/>
                <Baseline points="1080,2821 1176,2821 1272,2821 1368,2821 1464,2823 1560,2823 1656,2827 1753,2827 1849,2827 1945,2831 2041,2835 2137,2839 2233,2839 2329,2841 2426,2842 2522,2845 2618,2847 2714,2846 2810,2848 2906,2851 3003,2848"/>
                <TextEquiv>
                    <Unicode>Jungen. Sein Musikus rührte ganz Wien zu fond. In einem Ecksalon erkannten wir beide fast</Unicode>
                </TextEquiv>
            </TextLine>
            <TextLine id="tr_1_tl_88" custom="readingOrder {index:87;}">
                <Coords points="80,2864 2824,2919 2992,2911 2992,2864 1093,2835 1057,2802 77,2820"/>
                <Baseline points="98,2857 243,2857 388,2854 533,2855 678,2860 823,2860 968,2860 1113,2863 1258,2864 1403,2866 1549,2868 1694,2869 1839,2872 1984,2875 2129,2880 2274,2883 2419,2886 2564,2889 2709,2889 2854,2892 3000,2895"/>
                <TextEquiv>
                    <Unicode>rühmter Kehlkopfoperateur werden. Während er darauf Tränen. Nur des Künstlers liebste Freundin und gleichzeitig unter Glas und Rahmen die Schriftzüge</Unicode>
                </TextEquiv>
            </TextLine>
            <TextLine id="tr_1_tl_89" custom="readingOrder {index:88;}">
                <Coords points="77,2904 1020,2915 1020,2875 867,2860 77,2868"/>
                <Baseline points="95,2898 141,2898 188,2901 234,2898 281,2901 328,2900 374,2898 421,2898 467,2898 514,2899 561,2900 607,2899 654,2901 700,2901 747,2901 794,2903 840,2902 887,2903 933,2904 980,2902 1027,2901"/>
                <TextEquiv>
                    <Unicode>schwor, sein jüngerer Sohn werde zu einem großen</Unicode>
                </TextEquiv>
            </TextLine>
            <TextLine id="tr_1_tl_90" custom="readingOrder {index:89;}">
                <Coords points="1046,2919 2011,2937 2008,2886 1968,2879 1046,2868"/>
                <Baseline points="1065,2901 1112,2907 1160,2907 1207,2907 1255,2907 1303,2907 1350,2908 1398,2909 1446,2907 1493,2907 1541,2909 1589,2910 1636,2912 1684,2913 1732,2913 1779,2916 1827,2913 1875,2916 1922,2916 1970,2916 2018,2916"/>
                <TextEquiv>
                    <Unicode>Kollegin Charlotte Wolter konnte sich nicht be¬</Unicode>
                </TextEquiv>
            </TextLine>
            <TextLine id="tr_1_tl_91" custom="readingOrder {index:90;}">
                <Coords points="2030,2933 2992,2944 2992,2911 2718,2889 2030,2897"/>
                <Baseline points="2051,2925 2098,2925 2145,2925 2193,2926 2240,2928 2288,2928 2335,2929 2383,2931 2430,2931 2478,2931 2525,2933 2572,2934 2620,2936 2667,2935 2715,2934 2762,2937 2810,2937 2857,2937 2905,2937 2952,2937 3000,2934"/>
                <TextEquiv>
                    <Unicode>Goethes. Wir traten näher, und richtig: Es war</Unicode>
                </TextEquiv>
            </TextLine>
            <TextLine id="tr_1_tl_92" custom="readingOrder {index:91;}">
                <Coords points="66,2959 1975,2966 1975,2922 1723,2911 66,2915"/>
                <Baseline points="86,2940 180,2943 275,2943 370,2941 465,2943 560,2943 654,2946 749,2945 844,2946 939,2949 1034,2946 1128,2949 1223,2952 1318,2951 1413,2952 1508,2952 1602,2955 1697,2955 1792,2958 1887,2958 1982,2958"/>
                <TextEquiv>
                    <Unicode>Dramatiker sich entwickeln. Nichtig ist dieser jüngere ruhigen. Die Gestalt dieses Vaters — meinte sie</Unicode>
                </TextEquiv>
            </TextLine>
            <TextLine id="tr_1_tl_93" custom="readingOrder {index:92;}">
                <Coords points="2022,2981 2820,2992 2820,2948 2022,2930"/>
                <Baseline points="2042,2970 2081,2970 2120,2970 2159,2972 2198,2973 2237,2973 2276,2973 2315,2973 2354,2973 2393,2973 2433,2975 2472,2976 2511,2976 2550,2976 2589,2977 2628,2979 2667,2979 2706,2979 2745,2979 2784,2981 2824,2979"/>
                <TextEquiv>
                    <Unicode>die Originalhandschrift des Unsterblichen</Unicode>
                </TextEquiv>
            </TextLine>
            <TextLine id="tr_1_tl_94" custom="readingOrder {index:93;}">
                <Coords points="2900,3006 2922,3006 2930,3013 2955,2988 2962,2988 2970,2995 2988,2995 2992,2948 2970,2948 2962,2955 2948,2948 2941,2951 2937,2948 2904,2951"/>
                <Baseline points="2922,2985 2947,2982 2972,2982 2997,2982"/>
                <TextEquiv>
                    <Unicode>zwei</Unicode>
                </TextEquiv>
            </TextLine>
            <TextLine id="tr_1_tl_95" custom="readingOrder {index:94;}">
                <Coords points="69,2995 1017,2995 1017,2955 966,2944 69,2959"/>
                <Baseline points="89,2985 135,2988 182,2988 229,2988 276,2985 323,2985 370,2985 417,2985 464,2985 511,2985 558,2986 604,2988 651,2990 698,2988 745,2988 792,2990 839,2991 886,2991 933,2991 980,2991 1027,2988"/>
                <TextEquiv>
                    <Unicode>Sohn just der heutige bekannte — Operateur Pro¬</Unicode>
                </TextEquiv>
            </TextLine>
            <TextLine id="tr_1_tl_96" custom="readingOrder {index:95;}">
                <Coords points="1049,2999 2004,3013 2000,2962 1049,2955"/>
                <Baseline points="1068,2991 1115,2991 1162,2994 1209,2994 1256,2992 1303,2994 1350,2995 1397,2997 1444,2997 1491,2997 1538,2997 1585,2999 1632,3000 1679,3000 1726,3000 1773,3000 1820,3002 1867,3003 1914,3003 1961,3003 2009,3003"/>
                <TextEquiv>
                    <Unicode>sei einfach eine Ohrfeige fürs Burgtheater. Ein</Unicode>
                </TextEquiv>
            </TextLine>
            <TextLine id="tr_1_tl_97" custom="readingOrder {index:96;}">
                <Coords points="2033,3024 2838,3064 2995,3053 2992,2995 2030,2977"/>
                <Baseline points="2048,3018 2095,3015 2143,3018 2190,3016 2238,3017 2286,3016 2333,3019 2381,3021 2428,3021 2476,3021 2524,3023 2571,3024 2619,3024 2666,3026 2714,3027 2762,3027 2809,3027 2857,3027 2904,3030 2952,3030 3000,3030"/>
                <TextEquiv>
                    <Unicode>Zeilen mit wundervoll deutlicher Unterschrift, in</Unicode>
                </TextEquiv>
            </TextLine>
            <TextLine id="tr_1_tl_98" custom="readingOrder {index:97;}">
                <Coords points="77,3057 179,3035 802,3043 802,3002 740,2992 77,3002"/>
                <Baseline points="95,3030 130,3030 166,3032 202,3033 238,3033 274,3033 310,3033 345,3031 381,3029 417,3028 453,3033 489,3033 525,3031 561,3031 596,3033 632,3033 668,3033 704,3033 740,3033 776,3033 812,3033"/>
                <TextEquiv>
                    <Unicode>fessor Dr. Julius Schnitzler geworden!</Unicode>
                </TextEquiv>
            </TextLine>
            <TextLine id="tr_1_tl_99" custom="readingOrder {index:98;}">
                <Coords points="1046,3046 2296,3097 2536,3083 2536,3035 1042,3002"/>
                <Baseline points="1062,3033 1135,3038 1209,3039 1283,3039 1357,3039 1431,3040 1505,3042 1579,3042 1653,3043 1727,3045 1801,3047 1874,3048 1948,3048 2022,3051 2096,3060 2170,3060 2244,3062 2318,3063 2392,3065 2466,3066 2540,3069"/>
                <TextEquiv>
                    <Unicode>Vater, der da wisse, daß seine Tochter Beziehungen Karlsbad niedergeschrieben.</Unicode>
                </TextEquiv>
            </TextLine>
            <TextLine id="tr_1_tl_100" custom="readingOrder {index:99;}">
                <Coords points="69,3083 2000,3101 2000,3061 1119,3057 904,3002 794,3050 69,3039"/>
                <Baseline points="89,3072 185,3075 281,3075 377,3075 473,3075 569,3076 665,3078 761,3078 857,3078 953,3079 1049,3083 1145,3081 1241,3081 1337,3084 1433,3085 1529,3085 1625,3086 1721,3089 1817,3089 1913,3092 2009,3095"/>
                <TextEquiv>
                    <Unicode>Fränkte sich der alte Professor, daß sein Sohn Artur zu einem jungen Mann unterhalte, die nie zur</Unicode>
                </TextEquiv>
            </TextLine>
            <TextLine id="tr_1_tl_101" custom="readingOrder {index:100;}">
                <Coords points="2099,3119 2831,3148 2831,3061 2809,3057 2762,3072 2718,3050 2649,3079 2572,3053 2543,3083 2296,3094 2263,3072 2099,3079"/>
                <Baseline points="2119,3116 2155,3114 2191,3113 2227,3114 2263,3116 2299,3116 2335,3118 2371,3119 2407,3119 2443,3119 2480,3116 2516,3118 2552,3119 2588,3120 2624,3121 2660,3119 2696,3121 2732,3120 2768,3120 2804,3121 2841,3119"/>
                <TextEquiv>
                    <Unicode>„Es ist mein kostbarster Hausschatz</Unicode>
                </TextEquiv>
            </TextLine>
            <TextLine id="tr_1_tl_102" custom="readingOrder {index:101;}">
                <Coords points="62,3123 1024,3130 1024,3086 973,3083 62,3090"/>
                <Baseline points="83,3113 130,3116 177,3119 224,3119 272,3118 319,3117 366,3118 414,3117 461,3119 508,3119 556,3119 603,3121 650,3120 697,3119 745,3119 792,3121 839,3122 887,3122 934,3122 981,3122 1029,3116"/>
                <TextEquiv>
                    <Unicode>Die Medizin weniger liebte als verschiedentliche Aus¬</Unicode>
                </TextEquiv>
            </TextLine>
            <TextLine id="tr_1_tl_103" custom="readingOrder {index:102;}">
                <Coords points="2857,3119 2879,3123 2900,3145 2933,3137 2951,3155 2984,3152 2988,3079 2951,3083 2930,3061 2900,3064 2882,3075 2860,3072"/>
                <Baseline points="2878,3128 2907,3122 2936,3122 2965,3122 2994,3122"/>
                <TextEquiv>
                    <Unicode>sagte</Unicode>
                </TextEquiv>
            </TextLine>
            <TextLine id="tr_1_tl_104" custom="readingOrder {index:103;}">
                <Coords points="1046,3134 2011,3141 2008,3101 1046,3094"/>
                <Baseline points="1065,3119 1112,3122 1160,3122 1207,3125 1255,3125 1302,3126 1350,3128 1397,3128 1445,3128 1492,3128 1540,3130 1587,3129 1635,3130 1682,3131 1730,3131 1777,3131 1825,3134 1872,3134 1920,3131 1967,3134 2015,3134"/>
                <TextEquiv>
                    <Unicode>Ehe führen können, der diese Tochter darob nicht</Unicode>
                </TextEquiv>
            </TextLine>
            <TextLine id="tr_1_tl_105" custom="readingOrder {index:104;}">
                <Coords points="2030,3166 2984,3181 2984,3134 2904,3145 2868,3115 2835,3145 2306,3137 2030,3097"/>
                <Baseline points="2051,3155 2098,3155 2145,3158 2192,3158 2239,3159 2286,3162 2333,3164 2381,3163 2428,3162 2475,3163 2522,3163 2569,3164 2616,3164 2663,3164 2711,3164 2758,3166 2805,3167 2852,3167 2899,3167 2946,3170 2994,3170"/>
                <TextEquiv>
                    <Unicode>Dr. Schnitzler. „Ihn für Geld zu erwerben — so reich</Unicode>
                </TextEquiv>
            </TextLine>
            <TextLine id="tr_1_tl_106" custom="readingOrder {index:105;}">
                <Coords points="62,3181 1851,3203 2000,3196 2000,3145 58,3119"/>
                <Baseline points="83,3158 179,3161 275,3161 371,3162 468,3164 564,3166 660,3167 757,3167 853,3167 949,3167 1046,3164 1142,3169 1238,3170 1334,3173 1431,3173 1527,3173 1623,3173 1720,3176 1816,3176 1912,3179 2009,3182"/>
                <TextEquiv>
                    <Unicode>lüge in höhere Regionen, aus denen nur Lorbeerduft niederschlägt und zum mindesten aus dem Haus¬</Unicode>
                </TextEquiv>
            </TextLine>
            <TextLine id="tr_1_tl_107" custom="readingOrder {index:106;}">
                <Coords points="73,3225 106,3217 113,3225 131,3221 142,3228 168,3210 208,3210 211,3217 240,3206 292,3210 292,3166 259,3166 244,3181 222,3170 193,3174 175,3163 135,3177 106,3166 77,3170"/>
                <Baseline points="95,3209 120,3206 145,3206 171,3206 196,3206 221,3206 247,3206 272,3205 298,3203"/>
                <TextEquiv>
                    <Unicode>zu holen ist.</Unicode>
                </TextEquiv>
            </TextLine>
            <TextLine id="tr_1_tl_108" custom="readingOrder {index:107;}">
                <Coords points="2026,3210 2689,3210 2777,3243 2981,3221 2977,3181 2853,3170 2026,3163"/>
                <Baseline points="2045,3200 2092,3203 2139,3203 2186,3203 2234,3203 2281,3203 2328,3204 2376,3206 2423,3206 2470,3206 2518,3208 2565,3209 2612,3209 2659,3209 2707,3211 2754,3212 2801,3209 2849,3212 2896,3212 2943,3212 2991,3215"/>
                <TextEquiv>
                    <Unicode>bin ich nicht. Aber mein Freund und Kollege Stephan</Unicode>
                </TextEquiv>
            </TextLine>
            <TextLine id="tr_1_tl_109" custom="readingOrder {index:108;}">
                <Coords points="1046,3225 2000,3239 2000,3196 1895,3177 1046,3174"/>
                <Baseline points="1065,3215 1112,3212 1159,3215 1206,3215 1253,3215 1301,3214 1348,3213 1395,3216 1442,3218 1489,3218 1537,3216 1584,3217 1631,3218 1678,3218 1725,3218 1773,3220 1820,3221 1867,3221 1914,3221 1961,3221 2009,3224"/>
                <TextEquiv>
                    <Unicode>jagt, das sei kein Held, das sei eine abscheu¬</Unicode>
                </TextEquiv>
            </TextLine>
            <TextLine id="tr_1_tl_110" custom="readingOrder {index:109;}">
                <Coords points="2033,3258 2984,3268 2984,3221 2033,3206"/>
                <Baseline points="2054,3242 2101,3245 2148,3248 2195,3248 2242,3249 2289,3251 2336,3251 2383,3251 2430,3252 2477,3254 2524,3252 2571,3253 2618,3254 2665,3254 2712,3254 2759,3256 2806,3255 2853,3257 2900,3260 2947,3260 2994,3257"/>
                <TextEquiv>
                    <Unicode>Zweig hat mir diesen Reichtum beschert. Ich schenkte</Unicode>
                </TextEquiv>
            </TextLine>
            <TextLine id="tr_1_tl_111" custom="readingOrder {index:110;}">
                <Coords points="142,3261 2000,3276 2000,3236 1858,3221 1049,3228 882,3174 740,3214 142,3214"/>
                <Baseline points="161,3248 253,3248 345,3248 438,3248 530,3251 623,3251 715,3251 807,3251 900,3254 992,3256 1085,3254 1177,3257 1269,3257 1362,3259 1454,3260 1547,3260 1639,3263 1731,3263 1824,3266 1916,3266 2009,3269"/>
                <TextEquiv>
                    <Unicode>Die Sache mußte aber endlich entschieden werden: erregende Erscheinung. Und doch hatte der Dichter</Unicode>
                </TextEquiv>
            </TextLine>
            <TextLine id="tr_1_tl_112" custom="readingOrder {index:111;}">
                <Coords points="69,3294 1017,3305 1017,3265 885,3254 157,3261 69,3228"/>
                <Baseline points="89,3290 135,3290 182,3292 229,3292 276,3292 322,3292 369,3290 416,3291 463,3292 509,3292 556,3292 603,3293 650,3295 696,3295 743,3295 790,3295 837,3297 883,3298 930,3298 977,3298 1024,3298"/>
                <TextEquiv>
                    <Unicode>Entweder Laryngologie oder Schreiberei fürs Theater</Unicode>
                </TextEquiv>
            </TextLine>
            <TextLine id="tr_1_tl_113" custom="readingOrder {index:112;}">
                <Coords points="2022,3301 2995,3309 2995,3268 2022,3258"/>
                <Baseline points="2042,3290 2090,3292 2138,3290 2186,3292 2234,3291 2282,3291 2330,3292 2378,3295 2426,3295 2474,3295 2522,3297 2570,3298 2618,3301 2666,3301 2714,3301 2762,3298 2810,3298 2858,3302 2906,3303 2954,3301 3003,3301"/>
                <TextEquiv>
                    <Unicode>ihm einst die Urschrift meiner „Liebelei" und er</Unicode>
                </TextEquiv>
            </TextLine>
            <TextLine id="tr_1_tl_114" custom="readingOrder {index:113;}">
                <Coords points="1038,3316 1993,3323 1993,3276 1880,3268 1038,3272"/>
                <Baseline points="1059,3301 1106,3301 1153,3301 1200,3298 1247,3301 1295,3300 1342,3300 1389,3304 1436,3304 1483,3303 1531,3303 1578,3304 1625,3304 1672,3304 1719,3306 1767,3305 1814,3307 1861,3310 1908,3310 1955,3310 2003,3310"/>
                <TextEquiv>
                    <Unicode>gerade in diesem alten Mann reinste Liebe und</Unicode>
                </TextEquiv>
            </TextLine>
            <TextLine id="tr_1_tl_115" custom="readingOrder {index:114;}">
                <Coords points="2019,3341 2988,3360 2984,3312 2930,3301 2019,3301"/>
                <Baseline points="2039,3334 2086,3334 2134,3334 2182,3334 2230,3335 2277,3337 2325,3337 2373,3338 2421,3340 2468,3340 2516,3340 2564,3342 2612,3343 2659,3343 2707,3343 2755,3346 2803,3343 2850,3346 2898,3348 2946,3347 2994,3346"/>
                <TextEquiv>
                    <Unicode>erwiderte diese meine Aufmerksamkeit mit zwei</Unicode>
                </TextEquiv>
            </TextLine>
            <TextLine id="tr_1_tl_116" custom="readingOrder {index:115;}">
                <Coords points="77,3352 1997,3367 1997,3327 1931,3312 77,3294"/>
                <Baseline points="95,3331 190,3334 286,3336 381,3334 477,3334 572,3336 668,3335 763,3337 859,3337 954,3340 1050,3340 1146,3343 1241,3343 1337,3346 1432,3347 1528,3348 1623,3349 1719,3349 1814,3352 1910,3352 2006,3352"/>
                <TextEquiv>
                    <Unicode>Fest entschlossen nahm eines Tages Professor edelste Lebensweisheit verkörpern wollen. Der</Unicode>
                </TextEquiv>
            </TextLine>
            <TextLine id="tr_1_tl_117" custom="readingOrder {index:116;}">
                <Coords points="73,3389 1993,3403 1993,3363 1745,3349 73,3352"/>
                <Baseline points="92,3376 187,3376 283,3379 378,3378 474,3378 569,3379 665,3379 760,3379 856,3382 951,3383 1047,3386 1143,3385 1238,3385 1334,3388 1429,3391 1525,3391 1620,3394 1716,3393 1811,3394 1907,3400 2003,3397"/>
                <TextEquiv>
                    <Unicode>Schnitzler das Anatol-Manuskript seines Sohnes und greise Musikus will das junge Glück seiner armer</Unicode>
                </TextEquiv>
            </TextLine>
            <TextLine id="tr_1_tl_118" custom="readingOrder {index:117;}">
                <Coords points="2030,3400 2944,3407 2984,3400 2984,3363 2026,3341"/>
                <Baseline points="2048,3379 2095,3379 2142,3379 2189,3379 2237,3381 2284,3380 2331,3382 2379,3383 2426,3385 2473,3385 2521,3385 2568,3387 2615,3388 2662,3388 2710,3388 2757,3388 2804,3391 2852,3391 2899,3394 2946,3394 2994,3394"/>
                <TextEquiv>
                    <Unicode>Zeilen Goethes. Hat je ein Freund an einem anderen</Unicode>
                </TextEquiv>
            </TextLine>
            <TextLine id="tr_1_tl_119" custom="readingOrder {index:118;}">
                <Coords points="2022,3429 2995,3458 2962,3396 2022,3389"/>
                <Baseline points="2042,3421 2089,3424 2137,3424 2185,3424 2233,3424 2281,3427 2329,3427 2377,3427 2425,3427 2473,3428 2521,3430 2568,3430 2616,3430 2664,3432 2712,3435 2760,3436 2808,3439 2856,3436 2904,3436 2952,3439 3000,3439"/>
                <TextEquiv>
                    <Unicode>solche Großmut get?" schloß Schnitzler. Und wir</Unicode>
                </TextEquiv>
            </TextLine>
            <TextLine id="tr_1_tl_120" custom="readingOrder {index:119;}">
                <Coords points="77,3429 1866,3462 1989,3447 1989,3403 73,3389"/>
                <Baseline points="95,3424 190,3421 285,3423 380,3421 476,3424 571,3424 666,3424 761,3424 857,3427 952,3427 1047,3427 1142,3430 1238,3433 1333,3433 1428,3436 1523,3436 1619,3439 1714,3439 1809,3440 1904,3442 2000,3442"/>
                <TextEquiv>
                    <Unicode>ing damit zu Adolf Sonnenthal, seinem alten Tochter nicht ertoten, er weiß ja, er ahnt, es</Unicode>
                </TextEquiv>
            </TextLine>
            <TextLine id="tr_1_tl_121" custom="readingOrder {index:120;}">
                <Coords points="77,3480 1020,3487 1020,3440 926,3425 77,3429"/>
                <Baseline points="98,3469 144,3466 190,3466 237,3466 283,3466 330,3466 376,3466 423,3467 469,3469 516,3469 562,3469 608,3469 655,3469 701,3469 748,3469 794,3469 841,3471 887,3472 934,3472 980,3472 1027,3472"/>
                <TextEquiv>
                    <Unicode>Freund. Der las die Anatol-Einakter mit Hingebung</Unicode>
                </TextEquiv>
            </TextLine>
            <TextLine id="tr_1_tl_122" custom="readingOrder {index:121;}">
                <Coords points="2015,3513 2113,3491 2143,3509 2201,3480 2274,3516 2427,3516 2470,3483 2565,3513 2740,3498 2740,3440 2015,3425"/>
                <Baseline points="2036,3469 2071,3469 2107,3471 2142,3472 2178,3472 2213,3472 2249,3472 2284,3474 2320,3475 2355,3475 2391,3475 2426,3475 2462,3475 2497,3476 2533,3478 2568,3478 2604,3476 2639,3476 2675,3478 2710,3478 2746,3481"/>
                <TextEquiv>
                    <Unicode>beglückwünschen ihn zu seinem Besitz.</Unicode>
                </TextEquiv>
            </TextLine>
            <TextLine id="tr_1_tl_123" custom="readingOrder {index:122;}">
                <Coords points="1042,3483 1370,3483 1494,3524 1997,3509 1997,3451 1953,3440 1042,3436"/>
                <Baseline points="1062,3472 1109,3472 1156,3475 1203,3478 1250,3476 1298,3478 1345,3478 1392,3479 1439,3481 1486,3481 1534,3483 1581,3484 1628,3484 1675,3484 1722,3486 1770,3485 1817,3487 1864,3487 1911,3487 1958,3487 2006,3487"/>
                <TextEquiv>
                    <Unicode>der erste und der letzte Sonnenstrahl, der in ihr</Unicode>
                </TextEquiv>
            </TextLine>
            <TextLine id="tr_1_tl_124" custom="readingOrder {index:123;}">
                <Coords points="69,3575 386,3527 601,3567 955,3531 1385,3556 1410,3487 66,3472"/>
                <Baseline points="86,3510 152,3511 219,3513 286,3512 353,3510 419,3511 486,3516 553,3514 620,3516 686,3516 753,3516 820,3516 887,3516 953,3517 1020,3522 1087,3521 1154,3522 1220,3522 1287,3522 1354,3524 1421,3531"/>
                <TextEquiv>
                    <Unicode>und kam auch einigen Tagen zum Professor, um ihm junges Leben fällt,</Unicode>
                </TextEquiv>
            </TextLine>
            <TextLine id="tr_1_tl_125" custom="readingOrder {index:124;}">
                <Coords points="2602,3564 2689,3560 2820,3596 2849,3575 2889,3589 2941,3571 2962,3589 3035,3582 3028,3465 2966,3458 2882,3498 2791,3472 2729,3502 2594,3483"/>
                <Baseline points="2618,3543 2644,3540 2670,3537 2696,3539 2723,3540 2749,3540 2775,3543 2802,3546 2828,3546 2854,3547 2881,3549 2907,3552 2933,3555 2960,3557 2986,3559 3012,3560 3039,3561"/>
                <TextEquiv>
                    <Unicode>as a</Unicode>
                </TextEquiv>
            </TextLine>
            <TextEquiv>
                <Unicode></Unicode>
            </TextEquiv>
        </TextRegion>
    </Page>
</PcGts>
