3248 4320
1206 195 1569 301 box 9/5
90 197 702 315 4.9. Anatol-
761 198 1034 304 Zyklus
902 986 1296 1077 den
197 1006 482 1088 sch abgelehnt
226 1025 1359 1122 Gotha Herzogliches Hoftheater. Der
174 1107 1364 1184 plan der letzten Woche brachte zum ersten Male
932 1158 1362 1228 Vier Experimente
183 1159 710 1237 Anatol von Arthur
170 1206 1356 1273 Aus dem erotischen Gebiete sie uns der Wiener Schrift¬
180 1256 1373 1327 steller in ebensoviel Bildern ohne eigentlichen Zusammen¬
170 1302 1361 1372 hang vor Augen. Ein eleganter Lebemann und ein
167 1353 1361 1431 zinischer Freund suchen die weibliche Flatterhaftigkeit
177 1414 1356 1485 ad oculos zu demonstrieren und sie zu verkörpern. Es
170 1454 1356 1521 geschieht dies in mehr oder weniger dezenter Weise.
177 1500 1362 1575 Offenbar ist der Dichter mit seiner Absicht im Unklaren
174 1547 1358 1624 gewesen, hat er doch sein Wert ohne nähere Bezeichnung
174 1596 1366 1671 gelassen. Herr Adolfi führte die Regie. Er hatte die
174 1648 1359 1728 vier Bilder durch allerliebste szenische Kleinkunft sehr
174 1694 1366 1775 nett eingerahmt. In der Titelrolle war er immer der
174 1744 1362 1812 gleiche, elegante Lebemann, der allen Situationen ge¬
169 1793 1366 1863 wachsen war. In Herrn v. Falkenhausen hatte er seinen
177 1841 1362 1905 verständnisinnigen Freund Max gefunden, der ihm bei
189 1894 1366 1948 einem Tun würdig zur Seite stand. Fräulein Carola
186 1942 1370 2006 Cora im ersten Bild war köstlich. Mit viel Humor
178 1987 1369 2065 rierte sie den aus Gemeine hart grenzenden Streich
180 2054 1367 2110 Anatols, der sie hypnotisiert hatte, um sie zu dem Ge¬
186 2085 1364 2159 ständnis zu zwingen, daß sie ihm untreu sei. Die Epi¬
192 2125 1378 2218 sode der Kunstreiter Bianka fand durch Frau Usta
183 2212 1369 2254 eine gediegene Wiedergabe. Ebenso schön und schneidig,
183 2235 1400 2303 wie temperamentvoll. Als fesche Wiener Chorsängerin.
183 2289 1384 2350 (Annie) gab sich Frl. Koch im dritten Bilde. Das war
188 2328 1375 2426 ein Kabinettsstückchen im Champagnerrausch — von gran¬
186 2382 1380 2457 dieser Wirkung. Kein Wunder, daß solche Charak¬
191 2426 1376 2500 terisierungskunst das Publikum zu hellem Jubel und
186 2489 1380 2556 höchster Begeisterung hinriß. Aber auch Frau Herter
189 2534 1375 2598 löste im 4. Bild ihre Aufgabe als Ilona mit bester
180 2578 1375 2643 Wirkung. Sie war ebenso das bestrickende, Liebe
189 2629 1375 2695 heischende Weib, wie die verlassene und verratene Ge¬
189 2674 1378 2740 liebte, die mit holden, leichten Sinn auch ihre Wege
188 2726 1375 2796 geht. Die kleinen Rollen wurden ebenfalls bestens
183 2771 1376 2841 durchgeführt. Das Haus war gut besetzt und nahm
189 2821 1375 2888 das notorisch an bedenklichen Schwäche zuständen abo¬
183 2872 1386 2942 rierende Werk mit Resignation hin. Der stürmische
197 2930 1383 2998 Beifall, der besonders nach dem 3. und 4. Bild ein¬
200 2979 1375 3041 setzte, galt lediglich der brillanten Darstellung. Sie
194 3029 1389 3102 letzte „annhäuser=Vorstellung am Schlusse der
194 3067 1400 3143 vergangenen Woche war dadurch bemerkenswert, daß die
200 3112 1384 3182 Titelrolle Herr Opernsänger Brandenberger vom Kgl.
194 3168 1381 3236 Theater in Cassel sang, und damit einen hohen Kunst¬
194 3204 1407 3288 genuß bot, für den reicher Beifall dankte. Wie könnte /
195 3253 1390 3353 es auch anders sein, wenn Gesang und Spiel so ab=
332 3381 1187 3508 de la
620 3481 984 3646 0
2154 1524 2655 1676 esse
1852 1638 3097 1747 le
1910 1776 2990 1852 Schauspiel. Aus dem „Anatole-Zyklus von Arthur
1834 1818 2984 1885 Schnitzler (8. Februar) war bisher an unserer Bühne
1827 1879 2990 1931 nur das Abschiedssouper aufgeführt worden. Es bildet
1823 1914 2993 1972 innerlich und äußerlich den Mittelpunkt der ganzen Reihe und
1827 1959 2987 2009 gibt dramatisch am wirkungsvollsten das Grundthema wieder
1832 2000 2990 2054 vom Ewig=Männlichen, das sich über das Weibliche in
1837 2032 2988 2086 Illusionen versetzt, die seiner Eitelkeit schmeicheln, sich über
1829 2069 2978 2136 die Illusionen quält und doch davor zurückschreckt, sie zu
1834 2111 2987 2165 zerstören, ja tief unglücklich wird, wenn sie einmal wider
1840 2154 2985 2212 einen Willen zerstört werden. Der dramatische Aufbau
1834 2193 2988 2254 des kleinen Einakters, ein vollkommener Chiasmus, ist von
1831 2234 2981 2291 zuckender Komik. Anatol wird durchaus mit dem gestraft,
1826 2280 2988 2334 womit er sündigt. Er will sich von der Geliebten trennen,
1824 2308 2987 2375 weil er eine neue hat, und will es ihr schonend beibringen.
1834 2350 2988 2412 Sie kommt ihm zuvor und gibt ihm aus dem gleichen
1827 2390 2984 2452 Grund mit der größten Gelassenheit den Abschied. Als er
1824 2430 2979 2489 vor Beschämung und Eifersucht überschäumt und erklärt,
1827 2471 2978 2533 er habe sie bereits betrogen, lügt er, aber er erfährt, daß
1831 2508 2981 2558 sie aus Schonung auch gelogen und ihren Betrug ver¬
1827 2550 2976 2633 schwiegen hat. „Episode" und „die Frage an das Schick¬
1908 2595 2984 2666 variieren das gleiche Thema: „Du glaubst zu schieben
1804 2633 2984 2686 und du wirst geschoben. „Weihnachtseinkäufe" bildet einen
1818 2671 2974 2734 guten Auftakt dazu. „Anatols Hochzeitsmorgen" als Ab¬
1815 2722 2984 2771 schluß fällt dagegen stark ab; es fehlt ihm die feine Psycho¬
1821 2761 2978 2826 logie, so wirkt es nur frivol. Von der freien literarischen
1814 2801 2973 2860 Gesellschaft haben wir das Ganze schon einmal in Darm¬
1824 2836 2981 2898 stadt vorgeführt bekommen, damals in primitiver Aus¬
1821 2878 2988 2931 stattung, aber mit vorzüglicher Besetzung. Diesmal ließen
1817 2919 2974 2979 die Bühnenbilder von den Herren Kempin und
1818 2957 2974 3016 Schwerdtfeger nichts zu wünschen übrig. Besonders
1818 2996 2978 3054 stimmungsvoll war das Straßenbild mit der Kirche im
1824 3033 2973 3089 Mittelpunkt. Das Spiel aber stand nicht ganz auf der
1818 3081 2984 3129 Höhe. Der Anatol des Herrn Ehre und die Anni
1814 3117 2978 3178 des Fräulein Gothe waren vorzügliche Leistungen. Auch
1806 3157 2976 3208 der Max von Herrn Westermann war lobenswert. Die
1806 3191 2971 3258 übrigen Damen aber trafen nicht immer den richtigen Ton.
2771 3244 2939 3292 Dr. M.
