<?xml version="1.0" encoding="UTF-8" standalone="yes"?>
<PcGts xmlns="http://schema.primaresearch.org/PAGE/gts/pagecontent/2013-07-15" xmlns:xsi="http://www.w3.org/2001/XMLSchema-instance" xsi:schemaLocation="http://schema.primaresearch.org/PAGE/gts/pagecontent/2013-07-15 http://schema.primaresearch.org/PAGE/gts/pagecontent/2013-07-15/pagecontent.xsd">
    <Metadata>
        <Creator>prov=READ-COOP:name=PyLaia@TranskribusPlatform:version=2.12.1:model_id=39995:lm=provided:date=29_03_2024_01:47</Creator>
        <Created>2019-10-07T11:51:07.162+02:00</Created>
        <LastChange>2024-03-29T01:47:37.762+01:00</LastChange>
        <TranskribusMetadata docId="223994" pageId="9505547" pageNr="362" tsid="156430415" status="IN_PROGRESS" userId="40391" imgUrl="https://files.transkribus.eu/Get?id=BQUJZQACNJNDSGRTYWFDAHJW&amp;fileType=view" xmlUrl="https://files.transkribus.eu/Get?id=EINFMHJRCHHXVCFNJDJYXXWW" imageId="6195761"/>
    </Metadata>
    <Page imageFilename="223994_0362.jpeg" imageWidth="3344" imageHeight="4256">
        <ReadingOrder>
            <OrderedGroup id="ro_1712662537379" caption="Regions reading order">
                <RegionRefIndexed index="0" regionRef="tr_1"/>
            </OrderedGroup>
        </ReadingOrder>
        <TextRegion orientation="0.0" id="tr_1" custom="readingOrder {index:0;}">
            <Coords points="134,356 134,4173 3220,4173 3220,356"/>
            <TextLine id="tr_1_tl_1" custom="readingOrder {index:0;}">
                <Coords points="128,386 1239,399 1239,345 1171,323 128,329"/>
                <Baseline points="143,376 198,377 253,379 308,378 363,378 418,382 473,382 528,382 583,384 638,385 693,385 748,385 803,385 858,383 913,382 968,385 1023,384 1078,384 1133,385 1188,385 1244,385"/>
                <TextEquiv>
                    <Unicode>HE SON BUNDI MAI 20, 1912.</Unicode>
                </TextEquiv>
            </TextLine>
            <TextLine id="tr_1_tl_2" custom="readingOrder {index:1;}">
                <Coords points="356,617 418,614 443,630 478,603 601,628 630,611 701,606 698,481 677,481 620,440 571,462 440,459 386,500 353,492"/>
                <Baseline points="370,587 395,592 421,596 447,596 473,597 499,599 525,599 551,599 577,599 603,600 629,601 655,601 681,599 707,596"/>
                <TextEquiv>
                    <Unicode>AY</Unicode>
                </TextEquiv>
            </TextLine>
            <TextLine id="tr_1_tl_3" custom="readingOrder {index:2;}">
                <Coords points="728,606 753,601 785,628 810,606 883,617 913,606 946,628 962,625 959,470 905,457 840,465 796,457 785,465 761,446 723,451"/>
                <Baseline points="743,596 768,598 793,599 818,599 843,598 869,597 894,598 919,602 944,603 969,608"/>
                <TextEquiv>
                    <Unicode>AT</Unicode>
                </TextEquiv>
            </TextLine>
            <TextLine id="tr_1_tl_4" custom="readingOrder {index:3;}">
                <Coords points="1160,633 1736,620 1832,674 1921,630 2114,671 2310,617 2544,666 2639,630 3182,658 3201,497 3019,457 2856,500 2650,457 2076,486 1948,440 1905,473 1650,446 1541,505 1432,459 1158,451"/>
                <Baseline points="1175,602 1276,603 1378,604 1479,597 1581,605 1683,608 1784,611 1886,608 1988,605 2089,609 2191,613 2293,611 2394,617 2496,618 2598,620 2699,620 2801,623 2903,626 3004,623 3106,623 3208,632"/>
                <TextEquiv>
                    <Unicode>THE LITTLE THEATRE</Unicode>
                </TextEquiv>
            </TextLine>
            <TextLine id="tr_1_tl_5" custom="readingOrder {index:4;}">
                <Coords points="326,698 383,707 443,693 459,707 497,698 519,712 633,698 669,712 669,663 636,669 595,652 576,663 563,649 503,663 462,633 427,633 405,655 326,652"/>
                <Baseline points="340,689 365,691 391,692 417,692 442,693 468,695 494,695 519,695 545,695 571,695 596,695 622,695 648,695 674,695"/>
                <TextEquiv>
                    <Unicode>Max Who was she?</Unicode>
                </TextEquiv>
            </TextLine>
            <TextLine id="tr_1_tl_6" custom="readingOrder {index:5;}">
                <Coords points="120,709 136,712 141,707 152,715 163,709 177,720 209,720 242,701 280,709 280,655 217,658 179,639 152,647 141,658 133,649 120,649"/>
                <Baseline points="134,692 159,694 184,695 210,693 235,693 260,694 286,695"/>
                <TextEquiv>
                    <Unicode>to find</Unicode>
                </TextEquiv>
            </TextLine>
            <TextLine id="tr_1_tl_7" custom="readingOrder {index:6;}">
                <Coords points="1060,709 1410,704 1573,726 1571,663 1541,649 1465,674 1332,652 1255,674 1147,652 1057,663"/>
                <Baseline points="1074,698 1099,700 1124,701 1150,699 1175,699 1200,700 1226,701 1251,701 1276,703 1302,704 1327,702 1352,701 1378,701 1403,701 1428,701 1454,702 1479,704 1504,704 1530,704 1555,704 1581,704"/>
                <TextEquiv>
                    <Unicode>Max Was that how it ended?</Unicode>
                </TextEquiv>
            </TextLine>
            <TextLine id="tr_1_tl_8" custom="readingOrder {index:7;}">
                <Coords points="326,734 1008,745 1008,704 908,663 810,701 728,669 660,709 326,701"/>
                <Baseline points="340,725 373,725 407,725 441,726 474,728 508,728 542,728 575,728 609,728 643,728 677,730 710,731 744,731 778,731 811,731 845,731 879,731 912,731 946,731 980,732 1014,734"/>
                <TextEquiv>
                    <Unicode>Anatol-It doesn't matter. I held her</Unicode>
                </TextEquiv>
            </TextLine>
            <TextLine id="tr_1_tl_9" custom="readingOrder {index:8;}">
                <Coords points="1068,739 1150,753 1188,736 1291,753 1500,747 1500,715 1408,704 1394,715 1068,709"/>
                <Baseline points="1083,734 1109,734 1135,734 1161,734 1188,734 1214,734 1240,736 1267,737 1293,735 1319,734 1346,734 1372,735 1398,737 1425,737 1451,737 1477,737 1504,737"/>
                <TextEquiv>
                    <Unicode>Anatolo, how it began</Unicode>
                </TextEquiv>
            </TextLine>
            <TextLine id="tr_1_tl_10" custom="readingOrder {index:9;}">
                <Coords points="122,769 160,791 340,761 1005,777 1005,742 954,734 584,747 122,709"/>
                <Baseline points="137,764 180,764 224,764 268,762 311,761 355,758 399,761 442,761 486,761 530,761 574,764 617,764 661,764 705,764 748,764 792,764 836,764 879,764 923,764 967,766 1011,767"/>
                <TextEquiv>
                    <Unicode>thing to in my arms once. That's all there is to her</Unicode>
                </TextEquiv>
            </TextLine>
            <TextLine id="tr_1_tl_11" custom="readingOrder {index:10;}">
                <Coords points="1063,780 1739,783 1739,736 1611,750 1552,720 1492,753 1063,742"/>
                <Baseline points="1077,770 1110,770 1143,770 1177,770 1210,770 1244,770 1277,770 1310,770 1344,770 1377,770 1411,770 1444,771 1477,773 1511,771 1544,770 1578,771 1611,773 1644,774 1678,775 1711,775 1745,773"/>
                <TextEquiv>
                    <Unicode>Max Ah! (A fifth label.) How hard</Unicode>
                </TextEquiv>
            </TextLine>
            <TextLine id="tr_1_tl_12" custom="readingOrder {index:11;}">
                <Coords points="318,799 1000,813 1000,777 948,772 318,766"/>
                <Baseline points="334,793 367,793 401,793 435,794 468,796 502,796 536,796 569,796 603,796 637,798 671,799 704,799 738,799 772,799 805,799 839,799 873,799 906,799 940,799 974,799 1008,796"/>
                <TextEquiv>
                    <Unicode>Max (as he put the packet aside¬</Unicode>
                </TextEquiv>
            </TextLine>
            <TextLine id="tr_1_tl_13" custom="readingOrder {index:12;}">
                <Coords points="1033,810 3212,840 3212,758 3071,734 1033,772"/>
                <Baseline points="1047,802 1155,802 1264,802 1372,805 1481,805 1590,808 1698,809 1807,803 1916,802 2024,802 2133,805 2242,805 2350,805 2459,805 2568,808 2676,811 2785,814 2894,814 3002,816 3111,817 3220,820"/>
                <TextEquiv>
                    <Unicode>les to grow a flower, but it's so easy to pick A Curious Play in Seven Scenes That</Unicode>
                </TextEquiv>
            </TextLine>
            <TextLine id="tr_1_tl_14" custom="readingOrder {index:13;}">
                <Coords points="296,834 1503,851 1503,813 296,791"/>
                <Baseline points="310,826 369,827 429,829 489,832 549,832 609,832 669,835 728,833 788,833 848,832 908,835 968,835 1028,837 1088,838 1147,836 1207,838 1267,838 1327,838 1387,838 1447,838 1507,838"/>
                <TextEquiv>
                    <Unicode>Stand down, Matilda. She does up small it." What does that mean?</Unicode>
                </TextEquiv>
            </TextLine>
            <TextLine id="tr_1_tl_15" custom="readingOrder {index:14;}">
                <Coords points="125,878 177,875 220,897 274,899 326,870 438,872 440,840 315,840 231,802 188,810 149,842 125,840"/>
                <Baseline points="140,871 165,868 190,868 216,868 241,868 266,868 292,865 317,862 342,862 368,862 393,862 418,862 444,862"/>
                <TextEquiv>
                    <Unicode>ponsible anyhow.</Unicode>
                </TextEquiv>
            </TextLine>
            <TextLine id="tr_1_tl_16" custom="readingOrder {index:15;}">
                <Coords points="1054,883 1745,905 1745,856 1622,834 1440,859 1092,834 1054,851"/>
                <Baseline points="1068,877 1102,877 1136,877 1170,878 1204,880 1238,878 1272,877 1307,878 1341,880 1375,880 1409,880 1443,880 1477,880 1511,880 1546,882 1580,883 1614,884 1648,886 1682,886 1716,886 1751,886"/>
                <TextEquiv>
                    <Unicode>Anatol-Some other fellow grew the</Unicode>
                </TextEquiv>
            </TextLine>
            <TextLine id="tr_1_tl_17" custom="readingOrder {index:16;}">
                <Coords points="326,902 750,916 750,870 669,848 592,864 533,840 432,875 326,875"/>
                <Baseline points="340,895 366,897 392,898 418,898 444,898 470,898 496,898 522,898 549,898 575,899 601,901 627,901 653,901 679,901 705,901 731,901 758,904"/>
                <TextEquiv>
                    <Unicode>Anatolone lock of hair.</Unicode>
                </TextEquiv>
            </TextLine>
            <TextLine id="tr_1_tl_18" custom="readingOrder {index:17;}">
                <Coords points="1959,935 2198,905 2381,932 2419,899 3016,932 3016,853 2807,815 2639,856 2451,823 1959,864"/>
                <Baseline points="1975,889 2027,889 2079,890 2132,892 2184,894 2237,892 2289,895 2341,898 2394,898 2446,900 2499,899 2551,901 2603,901 2656,905 2708,907 2761,907 2813,907 2865,907 2918,907 2970,907 3023,907"/>
                <TextEquiv>
                    <Unicode>lells of a Young Mans</Unicode>
                </TextEquiv>
            </TextLine>
            <TextLine id="tr_1_tl_19" custom="readingOrder {index:18;}">
                <Coords points="1030,938 1179,916 1620,929 1620,891 1560,883 1144,894 1030,872"/>
                <Baseline points="1044,913 1073,911 1102,911 1131,913 1160,913 1189,913 1218,913 1247,915 1276,916 1305,916 1335,916 1364,916 1393,916 1422,916 1451,916 1480,916 1509,916 1538,916 1567,916 1596,917 1626,919"/>
                <TextEquiv>
                    <Unicode>flower, I came along and picked it.</Unicode>
                </TextEquiv>
            </TextLine>
            <TextLine id="tr_1_tl_20" custom="readingOrder {index:19;}">
                <Coords points="323,943 421,932 454,946 489,935 611,946 609,910 554,910 544,899 489,913 459,899 429,910 321,902"/>
                <Baseline points="337,931 362,931 387,931 413,929 438,929 464,931 489,932 515,934 540,934 566,934 591,934 617,934"/>
                <TextEquiv>
                    <Unicode>Max No letters</Unicode>
                </TextEquiv>
            </TextLine>
            <TextLine id="tr_1_tl_21" custom="readingOrder {index:20;}">
                <Coords points="1054,965 1704,984 1747,978 1747,935 1688,908 1516,940 1052,924"/>
                <Baseline points="1068,955 1102,955 1136,955 1170,955 1205,955 1239,955 1273,955 1308,955 1342,955 1376,955 1411,957 1445,959 1479,960 1513,958 1548,960 1582,961 1616,961 1651,961 1685,961 1719,963 1754,964"/>
                <TextEquiv>
                    <Unicode>Max-Oh! (A sixth label) "She always</Unicode>
                </TextEquiv>
            </TextLine>
            <TextLine id="tr_1_tl_22" custom="readingOrder {index:21;}">
                <Coords points="321,976 995,981 1008,927 965,916 910,948 848,916 606,946 318,940"/>
                <Baseline points="334,964 367,964 401,964 435,965 469,967 503,967 537,967 570,967 604,967 638,967 672,968 706,969 740,969 774,969 807,969 841,969 875,969 909,967 943,968 977,970 1011,969"/>
                <TextEquiv>
                    <Unicode>Anatol-Letters from Matilda! That</Unicode>
                </TextEquiv>
            </TextLine>
            <TextLine id="tr_1_tl_23" custom="readingOrder {index:22;}">
                <Coords points="141,978 269,978 269,919 245,916 231,921 217,935 201,938 193,929 182,940 163,929 141,927"/>
                <Baseline points="155,969 185,969 216,969 246,969 277,969"/>
                <TextEquiv>
                    <Unicode>der</Unicode>
                </TextEquiv>
            </TextLine>
            <TextLine id="tr_1_tl_24" custom="readingOrder {index:23;}">
                <Coords points="2120,1016 2321,995 2381,1027 2435,1000 2603,1022 2674,992 2864,1019 2862,935 2753,948 2459,899 2383,929 2117,919"/>
                <Baseline points="2133,984 2169,984 2206,984 2242,984 2279,984 2316,984 2352,984 2389,984 2425,984 2462,985 2499,987 2535,987 2572,989 2608,990 2645,991 2682,993 2718,993 2755,993 2791,993 2828,995 2865,993"/>
                <TextEquiv>
                    <Unicode>Affairs of the Heart</Unicode>
                </TextEquiv>
            </TextLine>
            <TextLine id="tr_1_tl_25" custom="readingOrder {index:24;}">
                <Coords points="1030,1003 1204,997 1340,1014 1359,995 1462,1008 1462,970 1443,965 1185,967 1147,954 1084,967 1030,951"/>
                <Baseline points="1044,990 1070,988 1097,987 1123,987 1150,987 1176,987 1203,987 1229,987 1256,989 1282,990 1309,990 1335,990 1362,990 1388,990 1415,991 1441,993 1468,990"/>
                <TextEquiv>
                    <Unicode>carried her curling tongs.</Unicode>
                </TextEquiv>
            </TextLine>
            <TextLine id="tr_1_tl_26" custom="readingOrder {index:25;}">
                <Coords points="122,1016 1005,1014 1005,981 921,967 122,978"/>
                <Baseline points="137,1005 180,1005 224,1005 268,1003 311,996 355,999 399,999 442,999 486,999 530,999 574,1002 617,1002 661,1002 705,1002 748,1002 792,1002 836,1002 879,1002 923,1004 967,1003 1011,1005"/>
                <TextEquiv>
                    <Unicode>uite be- would have inder fingers. Don't you</Unicode>
                </TextEquiv>
            </TextLine>
            <TextLine id="tr_1_tl_27" custom="readingOrder {index:26;}">
                <Coords points="1054,1038 1745,1044 1745,1000 1650,978 1535,1016 1489,995 1054,1000"/>
                <Baseline points="1068,1032 1102,1032 1136,1030 1170,1030 1204,1032 1238,1032 1272,1032 1306,1033 1340,1035 1374,1032 1408,1032 1442,1033 1476,1035 1510,1035 1544,1035 1578,1035 1612,1035 1646,1035 1680,1035 1714,1035 1748,1038"/>
                <TextEquiv>
                    <Unicode>Anatol-Do you know, she always did.</Unicode>
                </TextEquiv>
            </TextLine>
            <TextLine id="tr_1_tl_28" custom="readingOrder {index:27;}">
                <Coords points="120,1049 1005,1049 986,1011 815,1000 120,1016"/>
                <Baseline points="134,1041 177,1041 221,1039 265,1038 309,1032 353,1032 397,1032 440,1035 484,1035 528,1035 572,1035 616,1032 660,1035 704,1035 747,1035 791,1035 835,1035 879,1038 923,1038 967,1040 1011,1038"/>
                <TextEquiv>
                    <Unicode>pendent sometimes wish women weren't taught</Unicode>
                </TextEquiv>
            </TextLine>
            <TextLine id="tr_1_tl_29" custom="readingOrder {index:28;}">
                <Coords points="283,1087 337,1071 701,1076 701,1044 592,1033 563,1052 503,1035 476,1049 283,1044"/>
                <Baseline points="298,1065 323,1065 349,1065 374,1067 400,1067 425,1065 451,1066 476,1068 502,1068 528,1068 553,1068 579,1068 604,1068 630,1068 655,1068 681,1070 707,1071"/>
                <TextEquiv>
                    <Unicode>to write? Exit Matilda.</Unicode>
                </TextEquiv>
            </TextLine>
            <TextLine id="tr_1_tl_30" custom="readingOrder {index:29;}">
                <Coords points="1022,1068 3169,1111 3207,1044 2815,1052 2655,1000 2549,1038 1794,1003 1712,1052 1019,1027"/>
                <Baseline points="1038,1065 1146,1065 1255,1065 1363,1068 1472,1068 1581,1071 1689,1070 1798,1070 1907,1071 2015,1074 2124,1074 2233,1075 2341,1077 2450,1077 2559,1074 2667,1077 2776,1081 2885,1083 2993,1083 3102,1083 3211,1086"/>
                <TextEquiv>
                    <Unicode>Then it didn't matter what happened. I who looked for all the world like him. himself alone. He won't badger and bully</Unicode>
                </TextEquiv>
            </TextLine>
            <TextLine id="tr_1_tl_31" custom="readingOrder {index:30;}">
                <Coords points="329,1109 736,1111 736,1054 679,1082 329,1071"/>
                <Baseline points="343,1101 368,1101 393,1101 418,1101 443,1102 468,1103 493,1104 518,1104 543,1104 568,1104 593,1104 618,1104 643,1104 668,1104 693,1104 718,1104 743,1104"/>
                <TextEquiv>
                    <Unicode>Max reads another label¬</Unicode>
                </TextEquiv>
            </TextLine>
            <TextLine id="tr_1_tl_32" custom="readingOrder {index:31;}">
                <Coords points="128,1120 152,1117 163,1122 190,1114 250,1114 250,1076 220,1071 212,1063 193,1076 182,1065 171,1071 130,1071"/>
                <Baseline points="143,1107 171,1107 199,1107 227,1106 256,1104"/>
                <TextEquiv>
                    <Unicode>glish?</Unicode>
                </TextEquiv>
            </TextLine>
            <TextLine id="tr_1_tl_33" custom="readingOrder {index:32;}">
                <Coords points="1016,1101 2726,1120 2726,1084 2622,1079 1016,1065"/>
                <Baseline points="1032,1098 1116,1098 1201,1101 1286,1101 1371,1101 1456,1103 1541,1107 1626,1106 1711,1107 1796,1107 1881,1110 1965,1110 2050,1111 2135,1113 2220,1113 2305,1116 2390,1116 2475,1114 2560,1107 2645,1108 2730,1107"/>
                <TextEquiv>
                    <Unicode>tell you, she was damn pretty. There's a Such is the occasional blow that the pride me, the dear</Unicode>
                </TextEquiv>
            </TextLine>
            <TextLine id="tr_1_tl_34" custom="readingOrder {index:33;}">
                <Coords points="318,1139 1541,1144 1541,1111 878,1079 652,1120 318,1106"/>
                <Baseline points="334,1134 394,1136 455,1136 516,1137 576,1137 637,1137 698,1137 758,1137 819,1140 880,1140 941,1142 1001,1146 1062,1134 1123,1134 1183,1134 1244,1134 1305,1137 1365,1137 1426,1137 1487,1137 1548,1137"/>
                <TextEquiv>
                    <Unicode>Max Women are alike in one thing, bit of her veil left, isn't there?</Unicode>
                </TextEquiv>
            </TextLine>
            <TextLine id="tr_1_tl_35" custom="readingOrder {index:34;}">
                <Coords points="130,1155 155,1150 182,1150 193,1155 201,1147 207,1152 234,1152 245,1147 264,1150 261,1109 245,1109 239,1114 220,1111 212,1117 193,1114 163,1122 128,1117"/>
                <Baseline points="143,1140 168,1142 194,1143 219,1143 245,1143 271,1143"/>
                <TextEquiv>
                    <Unicode>of</Unicode>
                </TextEquiv>
            </TextLine>
            <TextLine id="tr_1_tl_36" custom="readingOrder {index:35;}">
                <Coords points="2519,1150 3204,1160 3201,1120 3082,1098 2997,1117 2924,1090 2851,1120 2815,1095 2723,1120 2516,1114"/>
                <Baseline points="2530,1140 2564,1140 2598,1142 2632,1143 2666,1143 2700,1143 2734,1145 2768,1146 2802,1146 2836,1146 2870,1146 2904,1147 2938,1149 2972,1149 3006,1149 3040,1149 3074,1149 3108,1149 3142,1149 3176,1150 3211,1152"/>
                <TextEquiv>
                    <Unicode>Anatolyou and he have been carrying</Unicode>
                </TextEquiv>
            </TextLine>
            <TextLine id="tr_1_tl_37" custom="readingOrder {index:36;}">
                <Coords points="1761,1155 2429,1158 2693,1220 3207,1204 3182,1155 2541,1155 2484,1111 1761,1125"/>
                <Baseline points="1775,1149 1850,1149 1926,1150 2002,1152 2077,1152 2153,1152 2229,1152 2305,1157 2380,1155 2456,1156 2532,1174 2608,1178 2683,1181 2759,1183 2835,1183 2911,1182 2986,1184 3062,1184 3138,1185 3214,1184"/>
                <TextEquiv>
                    <Unicode>of Anatot has to parry. An Episode is, under my nove for how long: Tonight</Unicode>
                </TextEquiv>
            </TextLine>
            <TextLine id="tr_1_tl_38" custom="readingOrder {index:37;}">
                <Coords points="1049,1169 1669,1188 1731,1179 1728,1133 1671,1117 1484,1152 1046,1147"/>
                <Baseline points="1062,1166 1095,1166 1129,1167 1163,1169 1197,1169 1230,1169 1264,1169 1298,1170 1332,1172 1365,1170 1399,1169 1433,1169 1467,1169 1500,1169 1534,1171 1568,1172 1602,1172 1635,1172 1669,1172 1703,1173 1737,1172"/>
                <TextEquiv>
                    <Unicode>It feels like that. (A seventh label.</Unicode>
                </TextEquiv>
            </TextLine>
            <TextLine id="tr_1_tl_39" custom="readingOrder {index:38;}">
                <Coords points="136,1185 1008,1185 1008,1152 905,1141 136,1152"/>
                <Baseline points="152,1175 195,1178 238,1178 281,1175 324,1171 367,1169 410,1169 453,1170 496,1172 539,1172 583,1172 626,1172 669,1172 712,1172 755,1172 798,1172 841,1172 884,1175 927,1175 970,1175 1014,1178"/>
                <TextEquiv>
                    <Unicode>warmth they turn impudent if you catch them</Unicode>
                </TextEquiv>
            </TextLine>
            <TextLine id="tr_1_tl_40" custom="readingOrder {index:39;}">
                <Coords points="1758,1201 2628,1217 2625,1185 2429,1158 1758,1152"/>
                <Baseline points="1772,1184 1815,1187 1858,1184 1901,1187 1944,1187 1987,1187 2030,1187 2073,1189 2116,1190 2159,1190 2202,1192 2245,1193 2288,1193 2331,1193 2374,1193 2417,1193 2460,1195 2503,1210 2546,1208 2589,1208 2632,1208"/>
                <TextEquiv>
                    <Unicode>however, very entertaining, with fun indeed</Unicode>
                </TextEquiv>
            </TextLine>
            <TextLine id="tr_1_tl_41" custom="readingOrder {index:40;}">
                <Coords points="288,1220 313,1226 318,1217 342,1209 370,1215 405,1209 424,1215 435,1209 454,1217 492,1209 492,1182 473,1179 408,1177 399,1185 375,1171 359,1182 288,1177"/>
                <Baseline points="304,1202 331,1202 359,1202 387,1202 414,1203 442,1205 470,1205 498,1205"/>
                <TextEquiv>
                    <Unicode>out in a lie.</Unicode>
                </TextEquiv>
            </TextLine>
            <TextLine id="tr_1_tl_42" custom="readingOrder {index:41;}">
                <Coords points="1030,1207 1141,1231 1198,1207 1734,1226 1717,1177 1030,1166"/>
                <Baseline points="1044,1196 1078,1201 1113,1202 1148,1203 1183,1205 1218,1205 1252,1205 1287,1205 1322,1205 1357,1205 1392,1205 1426,1205 1461,1205 1496,1205 1531,1205 1566,1207 1600,1208 1635,1208 1670,1208 1705,1208 1740,1208"/>
                <TextEquiv>
                    <Unicode>"How did I lose you? How did you lose</Unicode>
                </TextEquiv>
            </TextLine>
            <TextLine id="tr_1_tl_43" custom="readingOrder {index:42;}">
                <Coords points="1761,1236 2465,1245 2465,1201 2405,1196 1761,1198"/>
                <Baseline points="1775,1226 1809,1226 1844,1226 1878,1226 1913,1226 1948,1226 1982,1226 2017,1226 2052,1227 2086,1229 2121,1229 2156,1229 2190,1229 2225,1229 2260,1231 2294,1232 2329,1232 2364,1232 2398,1232 2433,1232 2468,1232"/>
                <TextEquiv>
                    <Unicode>of a somewhat more pronounced char¬</Unicode>
                </TextEquiv>
            </TextLine>
            <TextLine id="tr_1_tl_44" custom="readingOrder {index:43;}">
                <Coords points="1014,1261 1030,1261 1035,1255 1044,1261 1068,1242 1084,1242 1087,1239 1101,1242 1101,1212 1087,1209 1084,1212 1073,1209 1054,1212 1046,1207 1035,1207 1030,1201 1016,1201"/>
                <Baseline points="1032,1235 1057,1238 1082,1235 1107,1232"/>
                <TextEquiv>
                    <Unicode>her¬</Unicode>
                </TextEquiv>
            </TextLine>
            <TextLine id="tr_1_tl_45" custom="readingOrder {index:44;}">
                <Coords points="318,1245 410,1253 451,1239 516,1253 622,1245 622,1207 601,1204 571,1217 508,1204 465,1217 348,1209 318,1220"/>
                <Baseline points="334,1238 360,1238 387,1238 414,1238 441,1237 468,1235 494,1237 521,1238 548,1238 575,1238 602,1238 629,1238"/>
                <TextEquiv>
                    <Unicode>Anatol-They de</Unicode>
                </TextEquiv>
            </TextLine>
            <TextLine id="tr_1_tl_46" custom="readingOrder {index:45;}">
                <Coords points="2511,1247 2628,1250 2718,1285 2948,1255 3049,1280 3201,1261 3185,1196 3095,1228 2970,1207 2900,1231 2679,1207 2511,1223"/>
                <Baseline points="2527,1241 2560,1243 2594,1245 2628,1247 2662,1247 2696,1247 2730,1249 2764,1250 2798,1250 2832,1250 2866,1252 2899,1253 2933,1253 2967,1253 3001,1253 3035,1253 3069,1253 3103,1253 3137,1253 3171,1253 3205,1250"/>
                <TextEquiv>
                    <Unicode>Mimi Don't believe it if you don</Unicode>
                </TextEquiv>
            </TextLine>
            <TextLine id="tr_1_tl_47" custom="readingOrder {index:46;}">
                <Coords points="1758,1283 2291,1272 2440,1299 2440,1247 2372,1231 1758,1239"/>
                <Baseline points="1772,1265 1805,1265 1839,1265 1873,1265 1907,1265 1940,1265 1974,1265 2008,1265 2042,1265 2075,1265 2109,1267 2143,1268 2177,1268 2210,1268 2244,1270 2278,1271 2312,1271 2345,1271 2379,1271 2413,1272 2447,1274"/>
                <TextEquiv>
                    <Unicode>after than the rest of his plays contain.</Unicode>
                </TextEquiv>
            </TextLine>
            <TextLine id="tr_1_tl_48" custom="readingOrder {index:47;}">
                <Coords points="1046,1275 1736,1283 1736,1234 1560,1217 1467,1250 1391,1217 1046,1250"/>
                <Baseline points="1062,1271 1095,1271 1129,1271 1163,1272 1197,1274 1231,1274 1265,1272 1299,1272 1333,1274 1367,1272 1401,1271 1434,1271 1468,1271 1502,1273 1536,1274 1570,1274 1604,1274 1638,1274 1672,1274 1706,1274 1740,1274"/>
                <TextEquiv>
                    <Unicode>That's the point, I never knew. One fine</Unicode>
                </TextEquiv>
            </TextLine>
            <TextLine id="tr_1_tl_49" custom="readingOrder {index:48;}">
                <Coords points="313,1285 967,1288 967,1253 845,1226 764,1250 685,1220 595,1250 313,1250"/>
                <Baseline points="328,1271 360,1271 392,1272 425,1273 457,1271 489,1271 522,1271 554,1271 586,1273 619,1274 651,1274 683,1274 716,1274 748,1274 780,1274 813,1277 845,1277 877,1277 910,1277 942,1277 975,1280"/>
                <TextEquiv>
                    <Unicode>Max Who was it? She's very heavy.</Unicode>
                </TextEquiv>
            </TextLine>
            <TextLine id="tr_1_tl_50" custom="readingOrder {index:49;}">
                <Coords points="2487,1302 2503,1302 2525,1285 2563,1285 2576,1291 2590,1283 2606,1294 2647,1288 2647,1255 2628,1250 2617,1255 2603,1250 2587,1261 2582,1255 2533,1253 2516,1245 2487,1250"/>
                <Baseline points="2501,1277 2530,1277 2560,1278 2590,1280 2620,1280 2650,1280"/>
                <TextEquiv>
                    <Unicode>want to.</Unicode>
                </TextEquiv>
            </TextLine>
            <TextLine id="tr_1_tl_51" custom="readingOrder {index:50;}">
                <Coords points="133,1296 168,1299 185,1288 215,1304 226,1294 274,1294 274,1228 255,1228 234,1245 220,1239 198,1253 193,1247 182,1253 160,1236 155,1242 133,1239"/>
                <Baseline points="149,1280 175,1280 201,1280 227,1280 253,1280 280,1280"/>
                <TextEquiv>
                    <Unicode>de</Unicode>
                </TextEquiv>
            </TextLine>
            <TextLine id="tr_1_tl_52" custom="readingOrder {index:51;}">
                <Coords points="1807,1318 2470,1323 2470,1269 2419,1294 1807,1272"/>
                <Baseline points="1823,1304 1855,1304 1888,1304 1920,1304 1953,1304 1985,1306 2018,1307 2050,1307 2083,1307 2115,1305 2148,1305 2181,1307 2213,1307 2246,1308 2278,1310 2311,1313 2343,1311 2376,1311 2408,1313 2441,1313 2474,1310"/>
                <TextEquiv>
                    <Unicode>A Farewell Supper takes place in</Unicode>
                </TextEquiv>
            </TextLine>
            <TextLine id="tr_1_tl_53" custom="readingOrder {index:52;}">
                <Coords points="318,1310 1736,1315 1679,1277 318,1280"/>
                <Baseline points="334,1304 404,1307 474,1307 545,1309 615,1310 686,1310 756,1311 826,1313 897,1315 967,1313 1038,1307 1108,1307 1178,1307 1249,1307 1319,1307 1390,1307 1460,1309 1530,1307 1601,1310 1671,1309 1742,1307"/>
                <TextEquiv>
                    <Unicode>Anatol-Lies eight pages long. Oh, put it day she just wasn't. Don't you know how</Unicode>
                </TextEquiv>
            </TextLine>
            <TextLine id="tr_1_tl_54" custom="readingOrder {index:53;}">
                <Coords points="2516,1323 3207,1340 3207,1280 3185,1275 2516,1288"/>
                <Baseline points="2530,1310 2564,1312 2598,1313 2632,1314 2666,1316 2700,1316 2734,1316 2768,1317 2802,1319 2836,1317 2870,1318 2904,1319 2938,1319 2972,1319 3006,1319 3040,1319 3074,1319 3108,1322 3142,1322 3176,1321 3211,1322"/>
                <TextEquiv>
                    <Unicode>Maximi, tell the truth. You two</Unicode>
                </TextEquiv>
            </TextLine>
            <TextLine id="tr_1_tl_55" custom="readingOrder {index:54;}">
                <Coords points="177,1359 212,1364 220,1356 269,1356 299,1364 321,1356 361,1364 383,1356 399,1364 418,1361 421,1323 337,1315 310,1299 261,1307 179,1299"/>
                <Baseline points="191,1352 216,1350 242,1348 268,1347 294,1344 319,1342 345,1340 371,1342 397,1344 423,1346"/>
                <TextEquiv>
                    <Unicode>away.</Unicode>
                </TextEquiv>
            </TextLine>
            <TextLine id="tr_1_tl_56" custom="readingOrder {index:55;}">
                <Coords points="1016,1372 3060,1356 3060,1323 1772,1294 1016,1315"/>
                <Baseline points="1032,1343 1133,1340 1235,1343 1337,1343 1439,1343 1541,1344 1642,1346 1744,1343 1846,1345 1948,1346 2050,1346 2151,1346 2253,1349 2355,1349 2457,1352 2559,1347 2660,1349 2762,1352 2864,1354 2966,1352 3068,1352"/>
                <TextEquiv>
                    <Unicode>you leave your umbrella somewhere, don't one of the smart restaurants of Vienna, won't part friends unless you do.</Unicode>
                </TextEquiv>
            </TextLine>
            <TextLine id="tr_1_tl_57" custom="readingOrder {index:56;}">
                <Coords points="190,1389 220,1389 234,1394 242,1391 269,1391 269,1359 253,1359 250,1356 247,1359 242,1353 236,1353 234,1356 220,1356 207,1367 193,1367 190,1364"/>
                <Baseline points="205,1384 241,1381 277,1381"/>
                <TextEquiv>
                    <Unicode>the</Unicode>
                </TextEquiv>
            </TextLine>
            <TextLine id="tr_1_tl_58" custom="readingOrder {index:57;}">
                <Coords points="2508,1386 3103,1391 3139,1413 3198,1394 3198,1364 3109,1337 3019,1367 2508,1353"/>
                <Baseline points="2524,1381 2558,1379 2592,1380 2626,1382 2660,1384 2694,1384 2728,1384 2762,1384 2796,1384 2830,1386 2864,1387 2898,1387 2932,1387 2966,1384 3000,1386 3034,1387 3068,1387 3102,1387 3136,1389 3170,1386 3205,1381"/>
                <TextEquiv>
                    <Unicode>Anatol (recovering some complaceny</Unicode>
                </TextEquiv>
            </TextLine>
            <TextLine id="tr_1_tl_59" custom="readingOrder {index:58;}">
                <Coords points="2481,1432 2571,1416 3117,1440 3101,1391 2514,1378 2481,1394"/>
                <Baseline points="2495,1417 2526,1415 2557,1414 2588,1414 2620,1416 2651,1417 2682,1417 2714,1417 2745,1417 2776,1418 2808,1420 2839,1420 2870,1420 2901,1420 2933,1420 2964,1420 2995,1421 3027,1423 3058,1423 3089,1423 3121,1423"/>
                <TextEquiv>
                    <Unicode>And then l've a bit of news for you.</Unicode>
                </TextEquiv>
            </TextLine>
            <TextLine id="tr_1_tl_60" custom="readingOrder {index:59;}">
                <Coords points="2506,1457 2802,1473 3046,1462 3046,1432 2970,1424 2506,1429"/>
                <Baseline points="2521,1447 2547,1449 2573,1450 2600,1448 2626,1448 2653,1450 2679,1450 2706,1450 2732,1452 2759,1454 2785,1456 2811,1456 2838,1456 2864,1456 2891,1456 2917,1456 2944,1456 2970,1456 2997,1456 3023,1456 3050,1456"/>
                <TextEquiv>
                    <Unicode>Mimi Well, it began like this.</Unicode>
                </TextEquiv>
            </TextLine>
            <TextLine id="tr_1_tl_61" custom="readingOrder {index:60;}">
                <Coords points="416,1486 1568,1492 1568,1421 1462,1405 1391,1446 1169,1405 1016,1443 416,1405"/>
                <Baseline points="432,1465 489,1459 546,1459 603,1459 660,1459 717,1462 774,1464 831,1465 888,1469 945,1471 1002,1471 1059,1471 1116,1471 1173,1471 1230,1471 1287,1471 1344,1471 1401,1471 1458,1471 1515,1470 1572,1471"/>
                <TextEquiv>
                    <Unicode></Unicode>
                </TextEquiv>
            </TextLine>
            <TextLine id="tr_1_tl_62" custom="readingOrder {index:61;}">
                <Coords points="2519,1492 2726,1492 2802,1522 2872,1503 2946,1525 3025,1497 3196,1514 3196,1451 3177,1448 2932,1476 2519,1459"/>
                <Baseline points="2533,1486 2566,1486 2599,1486 2633,1486 2666,1486 2700,1486 2733,1489 2767,1492 2800,1492 2834,1492 2867,1492 2900,1492 2934,1492 2967,1492 3001,1492 3034,1493 3068,1495 3101,1495 3135,1495 3168,1495 3202,1495"/>
                <TextEquiv>
                    <Unicode>(Once more the water, with the cham¬</Unicode>
                </TextEquiv>
            </TextLine>
            <TextLine id="tr_1_tl_63" custom="readingOrder {index:62;}">
                <Coords points="2481,1544 2511,1549 2533,1527 2606,1525 2756,1538 2777,1533 2777,1505 2726,1492 2677,1500 2633,1489 2603,1500 2538,1495 2478,1481"/>
                <Baseline points="2495,1525 2521,1521 2547,1520 2573,1521 2600,1522 2626,1522 2652,1522 2678,1522 2705,1522 2731,1522 2757,1522 2784,1525"/>
                <TextEquiv>
                    <Unicode>pagne this time.)</Unicode>
                </TextEquiv>
            </TextLine>
            <TextLine id="tr_1_tl_64" custom="readingOrder {index:63;}">
                <Coords points="2522,1563 3011,1571 3011,1519 2938,1525 2862,1500 2783,1535 2522,1527"/>
                <Baseline points="2536,1554 2561,1554 2586,1554 2611,1556 2637,1557 2662,1557 2687,1557 2713,1557 2738,1557 2763,1557 2789,1557 2814,1557 2839,1557 2865,1558 2890,1560 2915,1560 2941,1560 2966,1560 2991,1560 3017,1560"/>
                <TextEquiv>
                    <Unicode>(Mimi stops very discretly.)</Unicode>
                </TextEquiv>
            </TextLine>
            <TextLine id="tr_1_tl_65" custom="readingOrder {index:64;}">
                <Coords points="2516,1595 3014,1603 3011,1571 2948,1565 2516,1565"/>
                <Baseline points="2530,1587 2555,1589 2581,1590 2606,1590 2632,1590 2658,1590 2683,1590 2709,1590 2735,1590 2760,1590 2786,1590 2811,1591 2837,1593 2863,1593 2888,1593 2914,1595 2940,1596 2965,1594 2991,1593 3017,1593"/>
                <TextEquiv>
                    <Unicode>Anatol-Oh, never mind him.</Unicode>
                </TextEquiv>
            </TextLine>
            <TextLine id="tr_1_tl_66" custom="readingOrder {index:65;}">
                <Coords points="2516,1628 3201,1639 3201,1573 3182,1571 2989,1611 2516,1598"/>
                <Baseline points="2530,1623 2563,1623 2597,1624 2631,1626 2665,1626 2699,1626 2733,1626 2767,1627 2801,1629 2835,1629 2869,1629 2902,1629 2936,1629 2970,1629 3004,1629 3038,1629 3072,1629 3106,1629 3140,1631 3174,1631 3208,1626"/>
                <TextEquiv>
                    <Unicode>(60 she gets ahead, but in whispers, til</Unicode>
                </TextEquiv>
            </TextLine>
            <TextLine id="tr_1_tl_67" custom="readingOrder {index:66;}">
                <Coords points="2492,1663 2769,1669 2859,1698 3204,1677 3204,1636 2552,1636 2492,1611"/>
                <Baseline points="2507,1659 2542,1659 2577,1657 2612,1656 2647,1656 2683,1659 2718,1661 2753,1662 2788,1662 2823,1662 2859,1662 2894,1664 2929,1665 2964,1665 2999,1665 3035,1665 3070,1665 3105,1665 3140,1665 3175,1665 3211,1668"/>
                <TextEquiv>
                    <Unicode>the intruder shall have departed, which he</Unicode>
                </TextEquiv>
            </TextLine>
            <TextLine id="tr_1_tl_68" custom="readingOrder {index:67;}">
                <Coords points="2481,1696 2514,1707 2584,1693 2625,1709 2658,1693 2739,1707 2780,1701 2780,1666 2660,1674 2481,1663"/>
                <Baseline points="2495,1692 2521,1692 2548,1692 2574,1692 2601,1692 2627,1692 2654,1692 2680,1692 2707,1692 2733,1693 2760,1695 2787,1695"/>
                <TextEquiv>
                    <Unicode>does very soon.)</Unicode>
                </TextEquiv>
            </TextLine>
            <TextLine id="tr_1_tl_69" custom="readingOrder {index:68;}">
                <Coords points="2487,1734 3196,1739 3196,1674 3098,1701 2818,1682 2750,1707 2487,1704"/>
                <Baseline points="2501,1725 2536,1725 2571,1725 2606,1725 2641,1725 2676,1728 2711,1728 2746,1729 2781,1731 2816,1731 2851,1731 2886,1731 2921,1732 2956,1733 2991,1731 3026,1731 3061,1731 3096,1731 3131,1731 3166,1734 3202,1734"/>
                <TextEquiv>
                    <Unicode>Mimi fertight ago he gave me a rose</Unicode>
                </TextEquiv>
            </TextLine>
            <TextLine id="tr_1_tl_70" custom="readingOrder {index:69;}">
                <Coords points="2484,1764 2603,1764 2652,1794 2693,1769 2829,1766 2932,1794 3063,1769 3196,1791 3193,1742 2481,1734"/>
                <Baseline points="2495,1757 2530,1759 2565,1760 2601,1761 2636,1763 2671,1763 2707,1763 2742,1763 2777,1763 2813,1763 2848,1763 2883,1765 2919,1767 2954,1768 2989,1766 3025,1766 3060,1766 3095,1766 3131,1766 3166,1766 3202,1766"/>
                <TextEquiv>
                    <Unicode>Oh, so hy he was I laughed, I could</Unicode>
                </TextEquiv>
            </TextLine>
            <TextLine id="tr_1_tl_71" custom="readingOrder {index:70;}">
                <Coords points="2481,1807 2503,1807 2516,1821 2541,1802 2554,1810 2573,1802 2579,1807 2628,1807 2628,1764 2609,1769 2603,1764 2584,1766 2579,1772 2563,1772 2557,1766 2552,1772 2544,1766 2533,1772 2500,1761 2481,1766"/>
                <Baseline points="2495,1796 2522,1794 2549,1793 2577,1793 2604,1793 2632,1793"/>
                <TextEquiv>
                    <Unicode>help it.</Unicode>
                </TextEquiv>
            </TextLine>
            <TextLine id="tr_1_tl_72" custom="readingOrder {index:71;}">
                <Coords points="2525,1834 3073,1848 3071,1775 3038,1772 2859,1804 2707,1772 2620,1804 2525,1802"/>
                <Baseline points="2539,1826 2566,1828 2593,1829 2620,1829 2647,1829 2674,1829 2701,1831 2728,1832 2755,1832 2782,1832 2809,1832 2836,1832 2863,1832 2890,1832 2917,1832 2944,1832 2971,1834 2998,1835 3025,1835 3052,1834 3080,1829"/>
                <TextEquiv>
                    <Unicode>Anatol. Why didn't you</Unicode>
                </TextEquiv>
            </TextLine>
            <TextLine id="tr_1_tl_73" custom="readingOrder {index:72;}">
                <Coords points="2519,1867 3008,1872 3106,1897 3201,1881 3198,1813 3103,1815 3063,1853 2516,1832"/>
                <Baseline points="2533,1859 2566,1861 2600,1862 2634,1862 2668,1862 2701,1864 2735,1865 2769,1865 2803,1865 2836,1867 2870,1868 2904,1867 2938,1865 2971,1867 3005,1868 3039,1870 3073,1874 3106,1872 3140,1871 3174,1871 3208,1871"/>
                <TextEquiv>
                    <Unicode>Mini-Start telling von those sort of</Unicode>
                </TextEquiv>
            </TextLine>
            <TextLine id="tr_1_tl_74" custom="readingOrder {index:73;}">
                <Coords points="2478,1919 2628,1900 2758,1908 2794,1935 2943,1913 3076,1929 3076,1878 2478,1867"/>
                <Baseline points="2492,1898 2521,1896 2551,1896 2580,1898 2610,1898 2639,1898 2669,1898 2698,1898 2728,1899 2757,1901 2787,1903 2817,1904 2846,1904 2876,1904 2905,1904 2935,1904 2964,1904 2994,1904 3023,1904 3053,1904 3083,1904"/>
                <TextEquiv>
                    <Unicode>things I should never have done,</Unicode>
                </TextEquiv>
            </TextLine>
            <TextLine id="tr_1_tl_75" custom="readingOrder {index:74;}">
                <Coords points="2511,1935 2606,1938 2617,1948 2669,1935 2682,1943 2726,1938 2769,1946 2769,1905 2726,1902 2712,1910 2698,1902 2650,1913 2631,1902 2587,1910 2511,1905"/>
                <Baseline points="2527,1931 2554,1931 2582,1931 2609,1931 2637,1931 2664,1931 2692,1931 2719,1932 2747,1934 2775,1936"/>
                <TextEquiv>
                    <Unicode>Anatol. Well?</Unicode>
                </TextEquiv>
            </TextLine>
            <TextLine id="tr_1_tl_76" custom="readingOrder {index:75;}">
                <Coords points="1405,1986 1429,1986 1440,1992 1454,1986 1462,1995 1484,1984 1486,1992 1500,1992 1516,1834 1500,1834 1495,1840 1478,1829 1467,1834 1459,1826 1440,1840 1438,1834 1421,1834"/>
                <Baseline points="1423,1966 1453,1962 1483,1959 1513,1957"/>
                <TextEquiv>
                    <Unicode></Unicode>
                </TextEquiv>
            </TextLine>
            <TextLine id="tr_1_tl_77" custom="readingOrder {index:76;}">
                <Coords points="2508,1970 3171,1984 3198,1981 3198,1932 2506,1935"/>
                <Baseline points="2524,1963 2557,1963 2591,1964 2625,1966 2659,1966 2693,1968 2727,1967 2761,1966 2795,1966 2829,1968 2863,1971 2896,1971 2930,1969 2964,1969 2998,1971 3032,1972 3066,1972 3100,1972 3134,1972 3168,1972 3202,1972"/>
                <TextEquiv>
                    <Unicode>Mimmi And he hung round at roher</Unicode>
                </TextEquiv>
            </TextLine>
            <TextLine id="tr_1_tl_78" custom="readingOrder {index:77;}">
                <Coords points="2473,2006 3163,2019 3204,2014 3204,1978 2470,1967"/>
                <Baseline points="2489,1999 2526,1996 2564,1998 2602,1999 2640,1999 2678,2000 2716,2002 2753,2002 2791,2002 2829,2002 2867,2003 2905,2004 2943,2002 2980,2005 3018,2005 3056,2003 3094,2004 3132,2005 3170,2005 3208,2005"/>
                <TextEquiv>
                    <Unicode>It made me cross at first, and then it didn't</Unicode>
                </TextEquiv>
            </TextLine>
            <TextLine id="tr_1_tl_79" custom="readingOrder {index:78;}">
                <Coords points="2516,2038 3098,2057 3201,2052 3198,2011 2514,2011"/>
                <Baseline points="2530,2032 2563,2032 2597,2033 2631,2035 2665,2035 2699,2035 2733,2035 2767,2035 2801,2035 2835,2035 2869,2035 2902,2036 2936,2038 2970,2038 3004,2038 3038,2038 3072,2038 3106,2038 3140,2038 3174,2039 3208,2041"/>
                <TextEquiv>
                    <Unicode>Anato viciously. I'm sure it didn't.</Unicode>
                </TextEquiv>
            </TextLine>
            <TextLine id="tr_1_tl_80" custom="readingOrder {index:79;}">
                <Coords points="2508,2073 3190,2087 3171,2044 2508,2041"/>
                <Baseline points="2524,2065 2557,2065 2591,2065 2624,2066 2658,2068 2692,2068 2725,2068 2759,2068 2792,2068 2826,2070 2860,2071 2893,2071 2927,2071 2960,2071 2994,2071 3028,2071 3061,2071 3095,2071 3128,2072 3162,2074 3196,2074"/>
                <TextEquiv>
                    <Unicode>Mimi Then we began to have little has</Unicode>
                </TextEquiv>
            </TextLine>
            <TextLine id="tr_1_tl_81" custom="readingOrder {index:80;}">
                <Coords points="2473,2125 2671,2103 3166,2122 3166,2084 3125,2076 2568,2079 2473,2054"/>
                <Baseline points="2489,2101 2523,2099 2557,2100 2591,2101 2625,2101 2659,2103 2693,2104 2728,2104 2762,2104 2796,2101 2830,2103 2864,2105 2898,2107 2932,2107 2967,2105 3001,2104 3035,2105 3069,2107 3103,2107 3137,2107 3172,2107"/>
                <TextEquiv>
                    <Unicode>And then I began to take a fancy to him.</Unicode>
                </TextEquiv>
            </TextLine>
            <TextLine id="tr_1_tl_82" custom="readingOrder {index:81;}">
                <Coords points="2508,2139 3095,2155 3095,2114 3079,2111 2508,2114"/>
                <Baseline points="2524,2133 2554,2133 2584,2133 2615,2133 2645,2133 2676,2134 2706,2136 2737,2136 2767,2136 2798,2136 2828,2138 2859,2139 2889,2139 2920,2139 2950,2139 2981,2139 3011,2139 3042,2139 3072,2139 3103,2139"/>
                <TextEquiv>
                    <Unicode>Anatolat dit von hat about</Unicode>
                </TextEquiv>
            </TextLine>
            <TextLine id="tr_1_tl_83" custom="readingOrder {index:82;}">
                <Coords points="2511,2174 2698,2185 2720,2171 2832,2198 2853,2179 2968,2193 2984,2177 3087,2179 3087,2147 3068,2144 2511,2141"/>
                <Baseline points="2527,2166 2555,2168 2583,2169 2612,2169 2640,2169 2669,2169 2697,2169 2725,2170 2754,2172 2782,2172 2811,2172 2839,2172 2867,2172 2896,2172 2924,2172 2953,2172 2981,2172 3009,2174 3038,2174 3066,2172 3095,2172"/>
                <TextEquiv>
                    <Unicode>Mimi tries the campagne now.</Unicode>
                </TextEquiv>
            </TextLine>
            <TextLine id="tr_1_tl_84" custom="readingOrder {index:83;}">
                <Coords points="2503,2209 3198,2220 3198,2169 3152,2152 2970,2190 2503,2179"/>
                <Baseline points="2518,2202 2552,2202 2586,2202 2621,2203 2655,2205 2689,2205 2724,2205 2758,2206 2792,2208 2827,2208 2861,2206 2895,2206 2930,2208 2964,2208 2998,2208 3033,2208 3067,2208 3101,2208 3136,2208 3170,2208 3205,2208"/>
                <TextEquiv>
                    <Unicode>Mimi Oh, things. He got expelled from</Unicode>
                </TextEquiv>
            </TextLine>
            <TextLine id="tr_1_tl_85" custom="readingOrder {index:84;}">
                <Coords points="2481,2245 3198,2256 3198,2220 3166,2215 2603,2220 2481,2188"/>
                <Baseline points="2495,2238 2530,2238 2566,2238 2601,2238 2637,2238 2672,2238 2708,2238 2743,2240 2779,2241 2814,2241 2850,2238 2885,2240 2921,2241 2956,2241 2992,2241 3027,2241 3063,2241 3098,2242 3134,2243 3169,2241 3205,2241"/>
                <TextEquiv>
                    <Unicode>school. Then he went into business, and</Unicode>
                </TextEquiv>
            </TextLine>
            <TextLine id="tr_1_tl_86" custom="readingOrder {index:85;}">
                <Coords points="2484,2280 3204,2294 3204,2250 2484,2245"/>
                <Baseline points="2498,2271 2533,2271 2569,2271 2604,2271 2640,2272 2676,2274 2711,2274 2747,2274 2783,2274 2818,2274 2854,2277 2890,2277 2925,2277 2961,2277 2997,2277 3032,2277 3068,2277 3104,2277 3139,2277 3175,2277 3211,2277"/>
                <TextEquiv>
                    <Unicode>that wasn't any good. Then he thought</Unicode>
                </TextEquiv>
            </TextLine>
            <TextLine id="tr_1_tl_87" custom="readingOrder {index:86;}">
                <Coords points="2473,2323 2541,2307 2568,2321 2622,2307 2650,2321 2674,2310 2881,2313 2881,2283 2848,2280 2625,2288 2582,2272 2473,2283"/>
                <Baseline points="2489,2307 2515,2305 2541,2305 2568,2306 2594,2307 2621,2307 2647,2307 2674,2307 2700,2307 2727,2307 2753,2307 2780,2307 2806,2307 2833,2309 2859,2309 2886,2307"/>
                <TextEquiv>
                    <Unicode>perhaps he could act.</Unicode>
                </TextEquiv>
            </TextLine>
            <TextLine id="tr_1_tl_88" custom="readingOrder {index:87;}">
                <Coords points="2506,2345 2731,2342 2796,2364 2881,2342 2981,2362 3101,2353 3101,2304 2997,2291 2908,2299 2886,2321 2506,2315"/>
                <Baseline points="2521,2336 2550,2338 2579,2340 2608,2342 2638,2340 2667,2340 2696,2342 2725,2342 2755,2342 2784,2342 2813,2342 2842,2342 2872,2342 2901,2342 2930,2342 2959,2344 2989,2344 3018,2342 3047,2344 3076,2345 3106,2342"/>
                <TextEquiv>
                    <Unicode>Anatoland never a word to me</Unicode>
                </TextEquiv>
            </TextLine>
            <TextLine id="tr_1_tl_89" custom="readingOrder {index:88;}">
                <Coords points="2503,2383 3185,2391 3185,2337 3054,2362 3025,2342 2981,2359 2503,2340"/>
                <Baseline points="2518,2375 2551,2373 2585,2373 2619,2375 2653,2375 2686,2375 2720,2375 2754,2375 2788,2375 2821,2375 2855,2377 2889,2378 2923,2378 2956,2378 2990,2378 3024,2378 3058,2378 3091,2380 3125,2381 3159,2382 3193,2384"/>
                <TextEquiv>
                    <Unicode>And then we found out we see</Unicode>
                </TextEquiv>
            </TextLine>
            <TextLine id="tr_1_tl_90" custom="readingOrder {index:89;}">
                <Coords points="2473,2419 3193,2440 3193,2389 3169,2386 2473,2381"/>
                <Baseline points="2489,2408 2524,2408 2560,2408 2595,2409 2631,2411 2666,2411 2702,2411 2737,2411 2773,2412 2808,2414 2844,2414 2879,2416 2915,2415 2950,2415 2986,2417 3021,2417 3057,2417 3092,2416 3128,2414 3163,2414 3199,2417"/>
                <TextEquiv>
                    <Unicode>to live close to each other as children.</Unicode>
                </TextEquiv>
            </TextLine>
            <TextLine id="tr_1_tl_91" custom="readingOrder {index:90;}">
                <Coords points="2470,2459 2546,2459 2557,2451 2576,2462 2617,2462 2631,2470 2639,2459 2679,2457 2677,2419 2625,2421 2609,2413 2601,2421 2584,2413 2560,2424 2530,2413 2467,2419"/>
                <Baseline points="2486,2444 2511,2442 2536,2441 2561,2443 2586,2444 2611,2444 2636,2444 2661,2444 2686,2447"/>
                <TextEquiv>
                    <Unicode>dust fancy</Unicode>
                </TextEquiv>
            </TextLine>
            <TextLine id="tr_1_tl_92" custom="readingOrder {index:91;}">
                <Coords points="2500,2500 3196,2508 3196,2443 3174,2438 3103,2465 3008,2438 2943,2467 2500,2457"/>
                <Baseline points="2515,2495 2549,2495 2583,2495 2618,2495 2652,2495 2686,2495 2721,2497 2755,2498 2789,2498 2824,2498 2858,2498 2892,2498 2927,2499 2961,2501 2995,2501 3030,2501 3064,2501 3098,2501 3133,2501 3167,2499 3202,2501"/>
                <TextEquiv>
                    <Unicode>Se reconciled is she to parting from</Unicode>
                </TextEquiv>
            </TextLine>
            <TextLine id="tr_1_tl_93" custom="readingOrder {index:92;}">
                <Coords points="2473,2544 3190,2549 3190,2508 2473,2500"/>
                <Baseline points="2489,2533 2524,2533 2559,2531 2595,2531 2630,2533 2665,2530 2701,2532 2736,2533 2771,2533 2807,2533 2842,2536 2877,2536 2913,2536 2948,2536 2983,2536 3019,2539 3054,2539 3089,2539 3125,2539 3160,2539 3196,2536"/>
                <TextEquiv>
                    <Unicode>Anatol for her new lover that she even</Unicode>
                </TextEquiv>
            </TextLine>
            <TextLine id="tr_1_tl_94" custom="readingOrder {index:93;}">
                <Coords points="2478,2584 3196,2584 3196,2549 3171,2546 2478,2541"/>
                <Baseline points="2492,2575 2527,2573 2562,2572 2598,2572 2633,2572 2668,2572 2704,2572 2739,2574 2774,2575 2810,2575 2845,2575 2880,2577 2916,2578 2951,2578 2986,2578 3022,2578 3057,2578 3092,2578 3128,2578 3163,2578 3199,2575"/>
                <TextEquiv>
                    <Unicode>stops by the sideboard and helps herself</Unicode>
                </TextEquiv>
            </TextLine>
            <TextLine id="tr_1_tl_95" custom="readingOrder {index:94;}">
                <Coords points="2473,2620 3196,2633 3196,2584 3169,2582 2473,2587"/>
                <Baseline points="2489,2608 2524,2613 2560,2614 2595,2614 2631,2614 2667,2614 2702,2614 2738,2614 2774,2615 2809,2617 2845,2617 2881,2617 2916,2617 2952,2617 2988,2617 3023,2617 3059,2617 3095,2619 3130,2620 3166,2620 3202,2620"/>
                <TextEquiv>
                    <Unicode>to a handful of cigare. She turns with</Unicode>
                </TextEquiv>
            </TextLine>
            <TextLine id="tr_1_tl_96" custom="readingOrder {index:95;}">
                <Coords points="2478,2679 2544,2658 3101,2669 3101,2625 2476,2617"/>
                <Baseline points="2492,2656 2522,2654 2553,2652 2584,2650 2614,2652 2645,2653 2676,2653 2706,2655 2737,2656 2768,2656 2799,2656 2829,2654 2860,2654 2891,2656 2921,2656 2952,2656 2983,2656 3013,2656 3044,2656 3075,2656 3106,2656"/>
                <TextEquiv>
                    <Unicode>the sweetest of miles toward Anatol.</Unicode>
                </TextEquiv>
            </TextLine>
            <TextLine id="tr_1_tl_97" custom="readingOrder {index:96;}">
                <Coords points="2522,2707 2783,2704 2823,2731 2905,2704 3008,2728 3185,2709 3185,2669 3150,2660 2522,2660"/>
                <Baseline points="2536,2686 2568,2690 2601,2692 2634,2692 2667,2692 2700,2692 2733,2693 2765,2695 2798,2695 2831,2695 2864,2695 2897,2695 2930,2697 2963,2698 2995,2698 3028,2698 3061,2700 3094,2700 3127,2698 3160,2698 3193,2695"/>
                <TextEquiv>
                    <Unicode>Not for me, the culis over her shoulder</Unicode>
                </TextEquiv>
            </TextLine>
            <TextLine id="tr_1_tl_98" custom="readingOrder {index:97;}">
                <Coords points="2478,2747 2777,2742 2777,2707 2707,2707 2698,2698 2658,2698 2625,2712 2592,2698 2538,2707 2478,2679"/>
                <Baseline points="2492,2721 2518,2726 2545,2730 2571,2730 2598,2731 2624,2733 2651,2731 2677,2730 2704,2730 2730,2730 2757,2730 2784,2730"/>
                <TextEquiv>
                    <Unicode>they're for him.</Unicode>
                </TextEquiv>
            </TextLine>
            <TextLine id="tr_1_tl_99" custom="readingOrder {index:98;}">
                <Coords points="2522,2785 3193,2785 3190,2747 3095,2709 3014,2731 2916,2701 2796,2745 2519,2739"/>
                <Baseline points="2533,2760 2566,2769 2599,2772 2632,2772 2665,2772 2698,2772 2731,2772 2765,2773 2798,2775 2831,2773 2864,2773 2897,2775 2930,2772 2963,2774 2997,2775 3030,2775 3063,2775 3096,2775 3129,2776 3162,2778 3196,2775"/>
                <TextEquiv>
                    <Unicode>dying ange has for its scene the</Unicode>
                </TextEquiv>
            </TextLine>
            <TextLine id="tr_1_tl_100" custom="readingOrder {index:99;}">
                <Coords points="2473,2823 3198,2826 3198,2788 2791,2772 2582,2794 2470,2753"/>
                <Baseline points="2489,2808 2524,2808 2560,2810 2596,2810 2632,2808 2668,2808 2703,2808 2739,2810 2775,2811 2811,2811 2847,2811 2882,2811 2918,2811 2954,2812 2990,2814 3026,2814 3061,2814 3097,2814 3133,2814 3169,2814 3205,2814"/>
                <TextEquiv>
                    <Unicode>room of Anatol toward the close of a</Unicode>
                </TextEquiv>
            </TextLine>
            <TextLine id="tr_1_tl_101" custom="readingOrder {index:100;}">
                <Coords points="2478,2856 3185,2862 3185,2826 3155,2815 2478,2821"/>
                <Baseline points="2492,2850 2527,2850 2562,2850 2597,2850 2632,2850 2667,2847 2702,2849 2737,2850 2772,2850 2807,2850 2842,2850 2877,2852 2912,2853 2947,2853 2982,2853 3017,2853 3052,2853 3087,2853 3122,2853 3157,2853 3193,2856"/>
                <TextEquiv>
                    <Unicode>spring afternoon. He realizes that his</Unicode>
                </TextEquiv>
            </TextLine>
            <TextLine id="tr_1_tl_102" custom="readingOrder {index:101;}">
                <Coords points="2473,2897 3174,2905 3198,2902 3198,2862 2470,2859"/>
                <Baseline points="2489,2886 2524,2886 2560,2886 2596,2886 2632,2886 2668,2886 2703,2886 2739,2888 2775,2890 2811,2892 2847,2892 2882,2892 2918,2890 2954,2890 2990,2891 3026,2889 3061,2891 3097,2892 3133,2892 3169,2892 3205,2892"/>
                <TextEquiv>
                    <Unicode>love affair with a charming woman is</Unicode>
                </TextEquiv>
            </TextLine>
            <TextLine id="tr_1_tl_103" custom="readingOrder {index:102;}">
                <Coords points="2476,2940 3152,2946 3198,2938 3196,2900 2473,2900"/>
                <Baseline points="2489,2924 2524,2924 2560,2924 2596,2924 2632,2924 2668,2924 2703,2926 2739,2927 2775,2927 2811,2928 2847,2930 2882,2930 2918,2930 2954,2930 2990,2930 3026,2930 3061,2930 3097,2930 3133,2930 3169,2930 3205,2930"/>
                <TextEquiv>
                    <Unicode>slowly coming to an end. He dreads the</Unicode>
                </TextEquiv>
            </TextLine>
            <TextLine id="tr_1_tl_104" custom="readingOrder {index:103;}">
                <Coords points="2478,2970 3190,2984 3190,2940 2478,2938"/>
                <Baseline points="2492,2963 2527,2963 2562,2963 2597,2963 2632,2963 2668,2966 2703,2966 2738,2966 2773,2966 2808,2966 2844,2969 2879,2967 2914,2966 2949,2966 2984,2966 3020,2968 3055,2971 3090,2971 3125,2969 3160,2969 3196,2972"/>
                <TextEquiv>
                    <Unicode>drawn out suffering of such gradual</Unicode>
                </TextEquiv>
            </TextLine>
            <TextLine id="tr_1_tl_105" custom="readingOrder {index:104;}">
                <Coords points="2470,3016 3196,3014 3196,2978 3120,2973 2470,2976"/>
                <Baseline points="2486,3002 2521,3004 2557,3005 2593,3005 2629,3005 2665,3005 2700,3005 2736,3005 2772,3005 2808,3006 2844,3008 2879,3008 2915,3006 2951,3006 2987,3007 3023,3005 3058,3007 3094,3008 3130,3008 3166,3008 3202,3008"/>
                <TextEquiv>
                    <Unicode>chilling of relations and confides them</Unicode>
                </TextEquiv>
            </TextLine>
            <TextLine id="tr_1_tl_106" custom="readingOrder {index:105;}">
                <Coords points="2467,3052 3185,3054 3185,3014 2467,3016"/>
                <Baseline points="2483,3041 2518,3043 2554,3044 2589,3044 2625,3044 2660,3044 2696,3042 2731,3043 2767,3044 2802,3044 2838,3044 2873,3046 2909,3045 2944,3044 2980,3044 3015,3047 3051,3045 3086,3045 3122,3047 3157,3047 3193,3047"/>
                <TextEquiv>
                    <Unicode>all to Max. After a while the lady herself</Unicode>
                </TextEquiv>
            </TextLine>
            <TextLine id="tr_1_tl_107" custom="readingOrder {index:106;}">
                <Coords points="2462,3090 3196,3095 3196,3054 2462,3057"/>
                <Baseline points="2477,3080 2513,3082 2549,3081 2585,3081 2622,3083 2658,3083 2694,3083 2730,3083 2767,3083 2803,3083 2839,3083 2875,3086 2912,3086 2948,3084 2984,3083 3020,3083 3057,3083 3093,3085 3129,3086 3165,3086 3202,3086"/>
                <TextEquiv>
                    <Unicode>arrives. He reproaches her for her lack</Unicode>
                </TextEquiv>
            </TextLine>
            <TextLine id="tr_1_tl_108" custom="readingOrder {index:107;}">
                <Coords points="2467,3131 2701,3122 2853,3155 2902,3133 3193,3136 3193,3095 3166,3093 2467,3093"/>
                <Baseline points="2483,3118 2518,3118 2554,3118 2590,3118 2626,3119 2662,3121 2697,3121 2733,3121 2769,3121 2805,3122 2841,3124 2876,3124 2912,3124 2948,3124 2984,3124 3020,3124 3055,3124 3091,3124 3127,3124 3163,3125 3199,3127"/>
                <TextEquiv>
                    <Unicode>of warmth. Then Elsa is disposed to</Unicode>
                </TextEquiv>
            </TextLine>
            <TextLine id="tr_1_tl_109" custom="readingOrder {index:108;}">
                <Coords points="2462,3174 2508,3182 2628,3166 2715,3188 2845,3169 2845,3131 2690,3122 2677,3136 2612,3125 2462,3133"/>
                <Baseline points="2477,3157 2502,3157 2527,3157 2552,3157 2577,3158 2602,3159 2627,3160 2652,3160 2677,3160 2702,3160 2727,3160 2752,3160 2777,3160 2802,3160 2827,3160 2853,3160"/>
                <TextEquiv>
                    <Unicode>resent this criticism.</Unicode>
                </TextEquiv>
            </TextLine>
            <TextLine id="tr_1_tl_110" custom="readingOrder {index:109;}">
                <Coords points="2500,3212 3182,3226 3179,3171 2927,3144 2775,3188 2628,3166 2497,3179"/>
                <Baseline points="2515,3205 2548,3207 2582,3208 2616,3208 2650,3208 2683,3208 2717,3210 2751,3211 2785,3211 2818,3211 2852,3213 2886,3213 2920,3211 2953,3213 2987,3214 3021,3214 3055,3214 3088,3214 3122,3214 3156,3214 3190,3214"/>
                <TextEquiv>
                    <Unicode>What you've done I tell you a</Unicode>
                </TextEquiv>
            </TextLine>
            <TextLine id="tr_1_tl_111" custom="readingOrder {index:110;}">
                <Coords points="2473,3250 2571,3269 2639,3247 3190,3256 3190,3223 2473,3209"/>
                <Baseline points="2489,3244 2524,3242 2559,3243 2595,3243 2630,3241 2665,3244 2701,3244 2736,3244 2771,3245 2807,3247 2842,3244 2877,3246 2913,3247 2948,3247 2983,3247 3019,3247 3054,3247 3089,3247 3125,3247 3160,3247 3196,3247"/>
                <TextEquiv>
                    <Unicode>that you've done, even years back you</Unicode>
                </TextEquiv>
            </TextLine>
            <TextLine id="tr_1_tl_112" custom="readingOrder {index:111;}">
                <Coords points="2470,3280 3188,3288 3188,3256 3144,3253 2470,3250"/>
                <Baseline points="2486,3277 2521,3277 2556,3277 2592,3278 2627,3280 2662,3277 2698,3279 2733,3280 2768,3280 2804,3280 2839,3280 2874,3280 2910,3280 2945,3280 2980,3280 3016,3280 3051,3280 3086,3281 3122,3282 3157,3280 3193,3283"/>
                <TextEquiv>
                    <Unicode>were a pretty gawky girl, weren't you</Unicode>
                </TextEquiv>
            </TextLine>
            <TextLine id="tr_1_tl_113" custom="readingOrder {index:112;}">
                <Coords points="2470,3315 3190,3326 3190,3291 3106,3280 2470,3280"/>
                <Baseline points="2486,3309 2521,3309 2557,3311 2592,3312 2628,3312 2663,3312 2699,3312 2734,3312 2770,3313 2805,3315 2841,3312 2876,3314 2912,3315 2947,3315 2983,3315 3018,3315 3054,3315 3089,3315 3125,3315 3160,3315 3196,3315"/>
                <TextEquiv>
                    <Unicode>Your people got you married, because that's</Unicode>
                </TextEquiv>
            </TextLine>
            <TextLine id="tr_1_tl_114" custom="readingOrder {index:113;}">
                <Coords points="2470,3353 3190,3364 3190,3324 3169,3321 2470,3318"/>
                <Baseline points="2486,3348 2521,3346 2557,3345 2592,3346 2628,3347 2663,3345 2699,3345 2734,3345 2770,3346 2805,3348 2841,3348 2876,3348 2912,3348 2947,3349 2983,3351 3018,3348 3054,3350 3089,3351 3125,3350 3160,3348 3196,3348"/>
                <TextEquiv>
                    <Unicode>the thing to do with pretty gawky girls.</Unicode>
                </TextEquiv>
            </TextLine>
            <TextLine id="tr_1_tl_115" custom="readingOrder {index:114;}">
                <Coords points="2462,3386 3185,3394 3185,3359 3093,3351 2462,3348"/>
                <Baseline points="2477,3378 2512,3380 2548,3381 2584,3380 2620,3379 2656,3381 2691,3381 2727,3381 2763,3381 2799,3382 2835,3384 2870,3382 2906,3383 2942,3384 2978,3384 3014,3384 3049,3384 3085,3384 3121,3384 3157,3384 3193,3384"/>
                <TextEquiv>
                    <Unicode>Then you went on a honeymon in Venice</Unicode>
                </TextEquiv>
            </TextLine>
            <TextLine id="tr_1_tl_116" custom="readingOrder {index:115;}">
                <Coords points="2459,3416 2500,3438 2519,3419 2927,3432 2927,3394 2908,3389 2459,3394"/>
                <Baseline points="2474,3414 2499,3414 2525,3414 2550,3414 2576,3414 2601,3414 2627,3414 2652,3414 2678,3414 2703,3414 2729,3414 2754,3414 2780,3414 2805,3415 2831,3417 2856,3419 2882,3420 2907,3418 2933,3417"/>
                <TextEquiv>
                    <Unicode>you liked that well enough.</Unicode>
                </TextEquiv>
            </TextLine>
            <TextLine id="tr_1_tl_117" custom="readingOrder {index:116;}">
                <Coords points="2500,3454 2573,3465 2883,3457 2883,3427 2862,3424 2500,3424"/>
                <Baseline points="2515,3450 2541,3450 2568,3450 2595,3450 2621,3450 2648,3450 2675,3450 2702,3450 2728,3450 2755,3450 2782,3450 2808,3450 2835,3450 2862,3450 2889,3450"/>
                <TextEquiv>
                    <Unicode>(Indignantly) I didn't.</Unicode>
                </TextEquiv>
            </TextLine>
            <TextLine id="tr_1_tl_118" custom="readingOrder {index:117;}">
                <Coords points="2500,3492 2663,3484 2910,3522 3190,3506 3190,3459 3014,3432 2840,3465 2500,3451"/>
                <Baseline points="2515,3485 2549,3483 2583,3482 2617,3483 2651,3485 2685,3483 2719,3482 2753,3483 2787,3485 2821,3485 2855,3485 2889,3485 2923,3485 2957,3485 2991,3487 3025,3488 3059,3488 3093,3488 3127,3488 3161,3489 3196,3494"/>
                <TextEquiv>
                    <Unicode>Oh, ves you did! You were in love,</Unicode>
                </TextEquiv>
            </TextLine>
            <TextLine id="tr_1_tl_119" custom="readingOrder {index:118;}">
                <Coords points="2462,3535 2492,3544 2511,3525 2639,3525 2660,3535 2685,3525 2685,3487 2666,3481 2647,3495 2614,3489 2527,3497 2511,3495 2492,3478 2462,3476"/>
                <Baseline points="2477,3518 2503,3516 2530,3515 2557,3515 2584,3516 2611,3518 2638,3518 2665,3518 2692,3518"/>
                <TextEquiv>
                    <Unicode>more or less.</Unicode>
                </TextEquiv>
            </TextLine>
            <TextLine id="tr_1_tl_120" custom="readingOrder {index:119;}">
                <Coords points="2497,3557 2541,3554 2549,3563 2557,3557 2573,3565 2595,3560 2617,3563 2622,3557 2628,3563 2652,3560 2652,3525 2592,3525 2584,3530 2538,3530 2527,3522 2497,3525"/>
                <Baseline points="2513,3551 2542,3549 2571,3549 2600,3551 2629,3551 2659,3554"/>
                <TextEquiv>
                    <Unicode>I wasn't.</Unicode>
                </TextEquiv>
            </TextLine>
            <TextLine id="tr_1_tl_121" custom="readingOrder {index:120;}">
                <Coords points="538,3598 563,3593 568,3601 576,3593 587,3595 601,3587 606,3590 620,3576 628,3582 644,3582 647,3519 609,3514 598,3525 584,3527 554,3511 541,3511"/>
                <Baseline points="552,3578 583,3573 615,3572 647,3572"/>
                <TextEquiv>
                    <Unicode>.</Unicode>
                </TextEquiv>
            </TextLine>
            <TextLine id="tr_1_tl_122" custom="readingOrder {index:121;}">
                <Coords points="2492,3590 3185,3598 3185,3546 3082,3535 3008,3557 2968,3527 2750,3565 2704,3541 2650,3565 2492,3563"/>
                <Baseline points="2507,3584 2541,3584 2575,3584 2609,3584 2644,3584 2678,3584 2712,3586 2747,3587 2781,3587 2815,3587 2850,3587 2884,3587 2918,3587 2952,3587 2987,3587 3021,3587 3055,3587 3090,3587 3124,3587 3158,3589 3193,3590"/>
                <TextEquiv>
                    <Unicode>He was, then. I'm sure he petted you</Unicode>
                </TextEquiv>
            </TextLine>
            <TextLine id="tr_1_tl_123" custom="readingOrder {index:122;}">
                <Coords points="2462,3625 3182,3633 3182,3598 3112,3590 2462,3590"/>
                <Baseline points="2477,3617 2512,3617 2548,3617 2583,3617 2619,3618 2655,3620 2690,3620 2726,3620 2762,3620 2797,3620 2833,3620 2869,3620 2904,3620 2940,3620 2976,3620 3011,3620 3047,3622 3083,3621 3118,3621 3154,3623 3190,3623"/>
                <TextEquiv>
                    <Unicode>nicely, anyhow, you were his little wife.</Unicode>
                </TextEquiv>
            </TextLine>
            <TextLine id="tr_1_tl_124" custom="readingOrder {index:123;}">
                <Coords points="2465,3658 3177,3666 3177,3633 3101,3622 2465,3622"/>
                <Baseline points="2480,3653 2515,3653 2550,3653 2585,3653 2620,3653 2656,3653 2691,3653 2726,3654 2761,3656 2796,3656 2832,3656 2867,3656 2902,3656 2937,3656 2972,3656 3008,3656 3043,3658 3078,3658 3113,3656 3148,3659 3184,3656"/>
                <TextEquiv>
                    <Unicode>Then back to Vienna, and after a bit to bore¬</Unicode>
                </TextEquiv>
            </TextLine>
            <TextLine id="tr_1_tl_125" custom="readingOrder {index:124;}">
                <Coords points="2457,3688 3182,3699 3182,3663 2457,3660"/>
                <Baseline points="2471,3685 2508,3685 2546,3687 2584,3688 2622,3688 2660,3688 2698,3688 2735,3688 2773,3688 2811,3690 2849,3690 2887,3688 2925,3688 2962,3691 3000,3691 3038,3689 3076,3690 3114,3691 3152,3692 3190,3694"/>
                <TextEquiv>
                    <Unicode>dom. Because you'd grown a pretty woman</Unicode>
                </TextEquiv>
            </TextLine>
            <TextLine id="tr_1_tl_126" custom="readingOrder {index:125;}">
                <Coords points="2459,3731 3179,3731 3179,3699 2459,3693"/>
                <Baseline points="2474,3718 2509,3720 2545,3721 2580,3721 2616,3721 2652,3721 2687,3721 2723,3721 2759,3722 2794,3724 2830,3721 2866,3721 2901,3721 2937,3722 2973,3724 3008,3724 3044,3724 3080,3724 3115,3724 3151,3724 3187,3724"/>
                <TextEquiv>
                    <Unicode>by now, and, really, he's a precious fool.</Unicode>
                </TextEquiv>
            </TextLine>
            <TextLine id="tr_1_tl_127" custom="readingOrder {index:126;}">
                <Coords points="1745,3758 1764,3758 1777,3747 1837,3756 1870,3745 1897,3758 1908,3750 1919,3758 1946,3750 1973,3758 1973,3677 1935,3685 1921,3679 1905,3690 1864,3690 1848,3677 1745,3679"/>
                <Baseline points="1760,3733 1787,3731 1815,3730 1842,3730 1870,3730 1898,3730 1925,3732 1953,3732 1981,3730"/>
                <TextEquiv>
                    <Unicode>Arthur</Unicode>
                </TextEquiv>
            </TextLine>
            <TextLine id="tr_1_tl_128" custom="readingOrder {index:127;}">
                <Coords points="2457,3766 3174,3766 3174,3731 2457,3723"/>
                <Baseline points="2471,3754 2506,3754 2542,3754 2577,3755 2613,3756 2648,3754 2684,3754 2719,3754 2755,3755 2790,3757 2826,3757 2861,3757 2897,3757 2932,3757 2968,3757 3003,3757 3039,3757 3074,3757 3110,3758 3145,3760 3181,3760"/>
                <TextEquiv>
                    <Unicode>So you learned to flirt, harmlessly enough</Unicode>
                </TextEquiv>
            </TextLine>
            <TextLine id="tr_1_tl_129" custom="readingOrder {index:128;}">
                <Coords points="2457,3799 3179,3804 3179,3769 3046,3761 2457,3769"/>
                <Baseline points="2471,3787 2506,3787 2542,3787 2578,3787 2614,3788 2650,3790 2685,3788 2721,3789 2757,3790 2793,3790 2829,3790 2864,3792 2900,3791 2936,3791 2972,3793 3008,3793 3043,3793 3079,3793 3115,3793 3151,3793 3187,3793"/>
                <TextEquiv>
                    <Unicode>no doubt! You tell me l'm the only man</Unicode>
                </TextEquiv>
            </TextLine>
            <TextLine id="tr_1_tl_130" custom="readingOrder {index:129;}">
                <Coords points="1837,3824 1867,3815 1897,3824 1932,3810 1976,3824 2016,3815 2082,3824 2103,3810 2136,3824 2169,3810 2169,3764 2114,3761 2076,3742 2049,3758 2019,3750 1997,3761 1954,3750 1897,3756 1883,3745 1837,3753"/>
                <Baseline points="1853,3799 1879,3799 1906,3799 1933,3799 1960,3799 1987,3799 2014,3797 2040,3796 2067,3796 2094,3797 2121,3799 2148,3799 2175,3799"/>
                <TextEquiv>
                    <Unicode>Schnitzler</Unicode>
                </TextEquiv>
            </TextLine>
            <TextLine id="tr_1_tl_131" custom="readingOrder {index:130;}">
                <Coords points="2459,3829 3177,3840 3158,3799 2459,3799"/>
                <Baseline points="2474,3820 2509,3822 2545,3823 2580,3822 2616,3821 2651,3823 2687,3823 2722,3825 2758,3826 2793,3826 2829,3826 2864,3826 2900,3824 2935,3824 2971,3826 3006,3826 3042,3826 3077,3826 3113,3826 3148,3826 3184,3826"/>
                <TextEquiv>
                    <Unicode>you've ever really loved. I can't prove it</Unicode>
                </TextEquiv>
            </TextLine>
            <TextLine id="tr_1_tl_132" custom="readingOrder {index:131;}">
                <Coords points="2459,3862 2660,3883 2821,3867 2845,3889 2943,3864 2978,3886 3179,3875 3158,3834 2459,3829"/>
                <Baseline points="2474,3856 2509,3856 2545,3856 2580,3856 2616,3856 2652,3856 2687,3858 2723,3859 2759,3859 2794,3859 2830,3859 2866,3861 2901,3860 2937,3859 2973,3859 3008,3859 3044,3861 3080,3862 3115,3862 3151,3862 3187,3862"/>
                <TextEquiv>
                    <Unicode>but lets say that's so. It flatters me to</Unicode>
                </TextEquiv>
            </TextLine>
            <TextLine id="tr_1_tl_133" custom="readingOrder {index:132;}">
                <Coords points="1951,3894 1965,3894 1978,3878 1989,3889 2014,3886 2022,3894 2035,3889 2060,3894 2060,3824 2041,3824 2027,3818 2022,3821 2016,3815 2008,3821 2003,3815 1986,3829 1967,3818 1951,3818"/>
                <Baseline points="1966,3868 1991,3868 2017,3868 2042,3869 2068,3870"/>
                <TextEquiv>
                    <Unicode>the</Unicode>
                </TextEquiv>
            </TextLine>
            <TextLine id="tr_1_tl_134" custom="readingOrder {index:133;}">
                <Coords points="2457,3908 2476,3910 2487,3900 2500,3905 2508,3897 2546,3902 2554,3897 2573,3905 2590,3897 2595,3902 2633,3897 2633,3862 2592,3864 2584,3870 2546,3870 2530,3862 2500,3870 2495,3864 2457,3859"/>
                <Baseline points="2471,3891 2499,3891 2527,3890 2556,3888 2584,3890 2612,3891 2641,3891"/>
                <TextEquiv>
                    <Unicode>believe it.</Unicode>
                </TextEquiv>
            </TextLine>
            <TextLine id="tr_1_tl_135" custom="readingOrder {index:134;}">
                <Coords points="2503,3930 2802,3930 2802,3889 2761,3894 2709,3864 2677,3872 2639,3900 2503,3897"/>
                <Baseline points="2518,3921 2544,3923 2570,3924 2597,3924 2623,3924 2649,3924 2676,3924 2702,3924 2728,3924 2755,3924 2781,3924 2808,3927"/>
                <TextEquiv>
                    <Unicode>You call me a flirt</Unicode>
                </TextEquiv>
            </TextLine>
            <TextLine id="tr_1_tl_136" custom="readingOrder {index:135;}">
                <Coords points="1766,3954 1856,3951 1910,3968 1962,3951 1978,3965 2011,3965 2076,3935 2076,3889 2025,3897 2014,3886 2000,3894 1978,3881 1965,3891 1929,3881 1905,3897 1883,3889 1864,3900 1845,3886 1826,3897 1799,3881 1766,3889"/>
                <Baseline points="1781,3936 1808,3938 1835,3939 1862,3939 1889,3939 1916,3939 1944,3937 1971,3937 1998,3939 2025,3939 2052,3939 2080,3942"/>
                <TextEquiv>
                    <Unicode>Austrian</Unicode>
                </TextEquiv>
            </TextLine>
            <TextLine id="tr_1_tl_137" custom="readingOrder {index:136;}">
                <Coords points="2481,3959 3198,3981 3198,3905 2889,3897 2807,3932 2481,3913"/>
                <Baseline points="2495,3954 2530,3954 2565,3954 2601,3955 2636,3957 2671,3957 2707,3957 2742,3957 2777,3957 2813,3957 2848,3960 2883,3960 2919,3960 2954,3959 2989,3957 3025,3960 3060,3960 3095,3960 3131,3960 3166,3960 3202,3954"/>
                <TextEquiv>
                    <Unicode>de volver und</Unicode>
                </TextEquiv>
            </TextLine>
            <TextLine id="tr_1_tl_138" custom="readingOrder {index:137;}">
                <Coords points="2443,3997 2467,3995 2481,4008 2514,3995 2571,4003 2584,3995 2598,4003 2603,3997 2658,3997 2658,3962 2508,3968 2476,3959 2465,3970 2443,3970"/>
                <Baseline points="2459,3990 2484,3990 2509,3990 2535,3990 2560,3990 2585,3990 2611,3990 2636,3990 2662,3990"/>
                <TextEquiv>
                    <Unicode>hypocris</Unicode>
                </TextEquiv>
            </TextLine>
            <TextLine id="tr_1_tl_139" custom="readingOrder {index:138;}">
                <Coords points="1935,4046 2003,4030 2030,4044 2120,4044 2163,4027 2179,4041 2234,4041 2266,4022 2326,4025 2323,3984 2247,3946 2226,3962 2177,3951 2103,3976 2079,3957 2044,3976 2027,3959 1932,3954"/>
                <Baseline points="1948,4008 1973,4006 1999,4006 2025,4009 2050,4010 2076,4008 2102,4009 2127,4011 2153,4011 2179,4011 2204,4013 2230,4014 2256,4014 2281,4013 2307,4011 2333,4014"/>
                <TextEquiv>
                    <Unicode>pyright.</Unicode>
                </TextEquiv>
            </TextLine>
            <TextLine id="tr_1_tl_140" custom="readingOrder {index:139;}">
                <Coords points="2495,4030 2563,4038 2592,4027 2620,4041 2639,4027 2688,4030 2718,4044 2810,4035 2810,3992 2794,3997 2769,3976 2750,3984 2731,3968 2701,3997 2674,4003 2495,3997"/>
                <Baseline points="2510,4023 2535,4025 2561,4026 2586,4024 2612,4024 2637,4026 2663,4026 2689,4026 2714,4026 2740,4026 2765,4026 2791,4026 2817,4026"/>
                <TextEquiv>
                    <Unicode>Oh, you're unjust.</Unicode>
                </TextEquiv>
            </TextLine>
            <TextLine id="tr_1_tl_141" custom="readingOrder {index:140;}">
                <Coords points="2492,4068 3174,4071 3174,4033 3120,4014 3030,4033 2962,4006 2910,4035 2840,4011 2796,4041 2492,4041"/>
                <Baseline points="2507,4059 2540,4057 2574,4058 2608,4059 2641,4059 2675,4059 2709,4059 2742,4060 2776,4062 2810,4062 2844,4062 2877,4062 2911,4062 2945,4062 2978,4062 3012,4063 3046,4064 3079,4064 3113,4063 3147,4063 3181,4064"/>
                <TextEquiv>
                    <Unicode>Am 12 Then real temptation came. Yo</Unicode>
                </TextEquiv>
            </TextLine>
            <TextLine id="tr_1_tl_142" custom="readingOrder {index:141;}">
                <Coords points="1861,4106 1957,4114 1976,4090 2054,4112 2106,4098 2141,4112 2212,4103 2212,4055 2188,4049 2125,4063 2103,4046 2076,4068 2003,4027 1959,4046 1927,4030 1897,4052 1861,4049"/>
                <Baseline points="1877,4079 1903,4081 1929,4082 1955,4084 1981,4085 2007,4085 2033,4085 2060,4085 2086,4087 2112,4088 2138,4088 2164,4088 2190,4088 2217,4085"/>
                <TextEquiv>
                    <Unicode></Unicode>
                </TextEquiv>
            </TextLine>
            <TextLine id="tr_1_tl_143" custom="readingOrder {index:142;}">
                <Coords points="2462,4103 3179,4103 3160,4068 2519,4074 2462,4041"/>
                <Baseline points="2477,4091 2512,4091 2547,4091 2583,4092 2618,4094 2653,4094 2689,4094 2724,4094 2759,4094 2795,4094 2830,4094 2865,4096 2901,4097 2936,4097 2971,4097 3007,4097 3042,4097 3077,4097 3113,4096 3148,4094 3184,4091"/>
                <TextEquiv>
                    <Unicode>played with it, you were longing for a ro¬</Unicode>
                </TextEquiv>
            </TextLine>
            <TextLine id="tr_1_tl_144" custom="readingOrder {index:143;}">
                <Coords points="2459,4133 3177,4141 3177,4106 3125,4103 2459,4101"/>
                <Baseline points="2474,4127 2509,4125 2544,4126 2580,4127 2615,4127 2650,4127 2686,4127 2721,4127 2756,4128 2792,4130 2827,4127 2862,4129 2898,4129 2933,4128 2968,4130 3004,4130 3039,4130 3074,4130 3110,4130 3145,4130 3181,4130"/>
                <TextEquiv>
                    <Unicode>mance. For you grew pretter than ever</Unicode>
                </TextEquiv>
            </TextLine>
            <TextLine id="tr_1_tl_145" custom="readingOrder {index:144;}">
                <Coords points="2457,4166 3196,4169 3196,4141 3141,4133 2457,4136"/>
                <Baseline points="2471,4154 2507,4159 2544,4160 2580,4160 2617,4160 2653,4160 2690,4160 2726,4162 2763,4163 2799,4163 2836,4163 2873,4163 2909,4163 2946,4163 2982,4163 3019,4163 3055,4163 3092,4163 3128,4163 3165,4163 3202,4160"/>
                <TextEquiv>
                    <Unicode>and your husband more of a fool. He was</Unicode>
                </TextEquiv>
            </TextLine>
            <TextEquiv>
                <Unicode></Unicode>
            </TextEquiv>
        </TextRegion>
    </Page>
</PcGts>
