3392 4256
245 149 607 236 4.9. An
1365 140 1710 234 box 8/5
653 152 928 224 -
965 148 1150 224 ku
964 203 1150 253 ne
1548 839 1630 912 rotz.
1541 900 1692 957 Empha¬
694 896 1446 965 Theater und Literatur.
1553 944 1670 995 idealer
766 959 1405 1051 Literatur s. auch S. 45 und 46.)
1550 986 1700 1042 ein wenn
604 1020 789 1098 a
1543 1027 1707 1084 wieder
824 1034 1510 1135 Berliner Theater.
1550 1073 1707 1127 konnte
597 1117 1707 1181 „Lessingtheater“: „Anatol“ von Artur Schnitzler. — irgendwie
592 1160 1691 1219 „Friedrich Wilhelmstädtisches Schauspielhaus": „Die versteckt
597 1199 1515 1241 versiegelte Venus“, von Helmuth Gerhard und
1548 1203 1703 1258 an diese
592 1236 1524 1295 E. Schlack. — Nestroy im „Nenen Schauspielhaus“.)
1548 1247 1703 1306 Wagner
1557 1288 1702 1358 für Lite
702 1293 1510 1370 Artur Schnitzler hat im „Lessingtheater,
594 1319 1530 1395 jetzt seinen „antro gleichzeitig mit dem
603 1360 1695 1441 Wiener Volkstheater" brachte, für einen starken, mitten
607 1421 1695 1488 ehrlichen Erfolg quittieren dürfen. Und man weiß, Darstell
610 1474 1680 1519 wie sehr ihn das in der Zeichnung eines bestimmten wotny,
1553 1514 1692 1566 niederös
607 1519 1524 1569 Wiener Lebemannstypus und in der technischen Be¬
607 1558 1684 1615 herrschung des feinsten und vielsagendsten Dialoges Naturt
603 1591 1683 1663 gleich sichere Werk auch verdient. Das heitere Mit¬ träglich
607 1644 1685 1706 gehen des Publikums versagte bei keinem der zurecht.
1553 1688 1681 1742 ein alt
610 1683 1438 1739 fünf, am Sonnabend abend zum ersten Mal
612 1716 1676 1790 Zusammenhang dargestellten Stücke, wenngleich währen
617 1775 1665 1832 Anatole Hochzeitsmorgen", eine Art ironischer des
882 1811 1665 1872 stärkeren Beifall auslöste, als wußte
593 1815 1665 1916 Schatte. Ueberdies sprach es für seinen
589 1864 813 1924 die vorher
594 1898 1651 1953 die unerwartete Büchenwirksamkeit der Dialoge, kam
594 1945 1647 2000 daß der Dichter mühelos siegte, eben die Darstel¬ die
1218 1987 1645 2047 können. Heinz zischt
607 1995 1100 2060 tung ihn besser hätte unter
1182 2028 1536 2089 allen fünf Ein¬
597 2036 1143 2090 Monnard als Anatole
600 2061 1647 2130 altern, teils zu derb, teils zu lauristisch, und gefüh
1425 2118 1529 2175 Bach¬
1557 2124 1648 2171 blam
594 2122 1381 2183 Frau Triesch lag die Rolle der Ilona
1427 2162 1525 2215 en
1559 2162 1642 2220 muß
594 2159 1395 2224 zeitsmorgen nicht recht. Auch hätten die
597 2204 1638 2262 partien der beiden leitungsakte „Die Frage an Gru
589 2249 1645 2307 das Schicksal und „Weihnachtseinkäufe glücklicher hatte
1145 2292 1649 2342 Lina Lossen besetzt Rein
597 2294 1088 2352 als durch Paula Somory
607 2342 1658 2415 sein können. Farbiger war denn schon Hilda Herte¬ Mod
1284 2377 1652 2448 Durch seine scha¬
597 2382 1114 2440 rich als Bank in der
600 2408 1532 2484 ruhige, überlegene Zurückhaltung überraschte ange¬
603 2477 1533 2529 nehm Emanuel Reicher in der Rolle von Ana¬
597 2490 1564 2570 tols Freund Max. Unter den Damen holte sich
594 2565 1535 2610 eigentlich nur Mathilde Sussin im „Abschieds¬
597 2596 1519 2656 diner“ einen darstellerischen Separaterfolg durch
594 2635 1530 2703 ihr Temperament, das die Annie echter, wiener¬
603 2681 1532 2766 scher anfaßte als alle übrigen Darsteller ihre Wir¬
594 2730 872 2798 ner Menschen.
705 2751 1536 2834 Ein neuer, dreiaktiger Schrank, für den die
597 2822 1535 2874 Herren Hellmuth Gerhard und E. Schlack als
596 2859 1530 2920 Dichter zeichnen, ist in diesen Tagen im „Friedrich
607 2905 1539 2965 Wilhelmstädtischen Schauspielhaus" recht freundlich
597 2959 1535 3007 aufgenommen worden. Von einem Publikum frei¬
597 2989 1536 3048 lich, das entschieden mehr gutmütig, als kritisch
600 3048 1535 3100 und schließlich auch mit den abgeschmacktesten Ein¬
610 3079 1543 3142 fällen der beiden Autoren einverstanden war. Der
603 3123 1536 3176 Schwank mit dem schönen, indes nur ganz flüchtig
600 3166 1540 3228 und nebensächlich motivierten Titel „Die versiegelt.
612 3202 1533 3265 Venus“ ist in völlig verbrauchter Technik gearbeitet
603 3256 1543 3307 und von Figuren belebt, die der ältesten Berliner
600 3293 1535 3354 Possenrumpelkammer entstiegen scheinen. Es ist
607 3337 1537 3400 selbstverständlich, daß zum Schlusse der Begebnisse
600 3379 1533 3444 der dupierte Onkel dem leichtsinnigen Neffen doch
594 3440 1537 3480 verzeiht, der nur angeblich Jura studierte, in Wahr¬
600 3469 1535 3524 heit aber Bildhauer wurde, weil diese Berufs¬
607 3509 1533 3567 disziplin ihm besser behagte. Es ist auch selbstver¬
610 3549 1543 3617 ständlich, daß verschiedene Pärchen aus ihren Lie¬
600 3601 1541 3657 besschmerzen einer alle befriedigenden Schwank¬
603 3637 1536 3698 lösung zum Ende entgegensteuern. Die drei Akte
603 3676 1541 3753 die Schlack und Gerhard aus solcherlei Inspiration
608 3723 1543 3820 aufbauten, wurden akzeptabel gespielt. Herr Alfred
2166 1208 2878 1293 vertrauen und wurde verrichtet auren
2047 1248 2874 1329 nach Innen geschlagene Flammen. Einen ge¬
2047 1284 2869 1373 fährlichen Jago gab Wegener, anfangs
2039 1330 2805 1403 servil und galglatt, dann frisch und trotzig.
2118 1370 2866 1443 In den Kammerspielen versuchte Rein¬
2041 1399 2866 1475 hardt, die Darstellung vornehmer französischer
2038 1442 2865 1525 Konversationsstücke auf ein höheres Niveau zu
2041 1479 2866 1561 heben. Er gab zwei Komödien von Capus: den
2038 1535 2860 1597 „Verwundeten Vogel“ und den „Engel.“ Die
2031 1569 2859 1637 erste ist ein zartes, schwermütiges, ein wenig
2024 1606 2855 1673 sentimentales Schauspiel, in dessen Mittelpunkt
2030 1635 2858 1718 ein Bürgermädchen steht, das einen vornehmen,
2025 1681 2852 1760 verheirateten Herrn liebt, der zuletzt von ihr
2030 1713 2855 1789 wieder zu seiner Frau zurückgleitet. Die zweite
2023 1752 2851 1837 ist ein eiliges Lustspiel, das eine Frau schildert,
2017 1799 2847 1869 die ein Engel ist, weil sie zwischen ihrem Mann
2016 1844 2847 1908 und zwei Liebhabern hin- und hertaumelt. Die
2014 1879 2840 1951 Aufführung des „Verwundeten Vogels", war die
2014 1919 2841 1991 sorgfältigste. Für sie setzte sich Reinhardt als
2017 1951 2844 2039 Regisseur, traten die Feldmer, die Eibenschütz
2016 1996 2833 2065 und Winterstein als Hauptdarsteller ein. Wäh¬
2012 2027 2834 2106 rend im „Engel“ nur die Durieux ein letztes gab.
2089 2071 2831 2144 Sonst ist wenig erfreuliches zu berichten.
2002 2101 2829 2190 Das Neue Schauspielhaus brachte eine miß¬
2005 2147 2823 2229 lungene Aufführung von Hebbels „Genoveka“,
1999 2195 2836 2267 das Berliner Theater eine mittelmäßige von
2007 2224 2827 2302 Fuldas „Talisman." Im Lessingtheater hatte
2002 2262 2823 2331 Schnitzlers „Anatol“ einen überraschenden Pub¬
1994 2307 2819 2382 likumserfolg, der aber der vergröbernden Dar¬
1994 2352 2818 2424 stellung zugeschrieben werden muß. Es war
1994 2381 2819 2453 in diesem vornehmen Theater doppelt uner¬
1994 2422 2820 2504 träglich, mit welchen Mätzchen Herr Monnard
1984 2472 2823 2542 über seinen Gestaltungsmangel hinwegzuräu¬
1995 2505 2818 2583 schen suchte. Da konnten auch die herrlichen
1987 2538 2812 2620 Frauen des Lessingtheaters, Paula Sowary, Lina
1987 2580 2804 2659 fossen, und Irene Friesch, nur wenig retten
1984 2623 2812 2699 Schade um dieses melancholisch-zarte, frühe
1984 2652 2251 2732 Schnitzlerwerk,
2419 2678 2769 2737 Herbert hering.
2206 2699 2631 2798 ende
