3484 4256
1424 235 1785 337 box 9/3
305 244 1289 353 4.9. Anatol - Zyklus
549 1845 625 1924 a
602 2020 1677 2135 Kammerspiele: Erstaufführung von
831 2095 1414 2167 Schnitzlers „Anatol
577 2104 1723 2225 Bei Schnitzler brennen keine großen Leidenschaften, kein
581 2183 1721 2266 nach uns die Sündflut kündet sich in dem spielerischen Hinab¬
559 2220 1724 2291 sinken seiner Gestalten an und er findet auch da, wo er gesell¬
559 2277 1723 2335 schaftskritisch auftritt, niemals die Kraft zur beißenden Satire.
655 2305 1721 2375 Heute ist noch die Zeit der Schnitzler. Die Zeit der müden,
550 2355 1720 2405 graziösen Spielerei mit dem Untergang, diese kleine Spanne, die
562 2386 1726 2451 immer einer neuen starken Zukunft vorangeht, die Gegenwart
571 2425 1721 2501 geworden mit einem Atemhauch das ganze morsche Gebäude
561 2454 793 2514 hinwegweht.
640 2482 1718 2566 „Anatol!" Geschickt zugeschneidert für jene, die wie Anatol
561 2517 1718 2603 Langeweile über dem Nichtsten bekamen und sich dann dieses
559 2569 1714 2639 Theaterstück nach Suppe und Braten als gefälliges Dessert ser¬
563 2610 1720 2682 vieren lassen. Man muß sich dabei den Kopf nicht zerbrechen,
555 2639 1711 2712 der Dichter belastet Herz und Magen nicht mit unangenehmen
558 2691 1713 2753 ethischen Forderungen. Im Gegenteil: Man kann eventuell
559 2723 1714 2792 noch dazu lernen, wie auf eine angenehme Art und ästhetisch"
558 2760 1710 2834 das Leben zu verbringen ist. Man bekommt die eigene Meinung
552 2794 1715 2870 über die „wirkliche Dame und das „füße Mädel", das man
549 2837 1710 2919 mit Austern und Sekt sich kauft wie irgendeine andere Ware, in
549 2878 1301 2944 eleganter und amusanter Form bestätigt.
621 2923 1702 2978 Die Aufführung entsprach dem Charakter des Stückes,
543 2944 1713 3026 Sympathisch war Lina Lossen, die jene vielen, „die den Mut
544 2982 1704 3059 dazu nicht haben ihrer Liebe wie das Mädel aus der Vor¬
547 3028 1698 3096 stadt zu leben) in einer stillen und schologisch seinen Art ver¬
547 3076 1702 3128 trat Hermann Thimig (Max) und Edhofer (Anatol) por¬
547 3106 1704 3182 trätterten gut die „jeunesse doree", die geldene Jugend, die
537 3140 1668 3235 anderen Schauspieler fügten sich in den Rahmen des Spieles,
1555 3203 1671 3256 L. K.
2379 1380 2703 1473 Kammerspiele.
2155 1455 2920 1518 Anatol von Arthur Schnitzler.
2027 1508 3118 1571 Durch fünf Stationen lächelt und zweifelt sich dieser junge
1955 1564 3118 1614 Mann von Welt, mit den Schmerzen, die er vorher weiß, mit den
1961 1598 3122 1667 Freuden, die er belächelt. Fünf Stationen, fünf Frauen. Sie
1961 1636 3123 1702 entgleiten es tut nicht sehr weh, aber jedesmal wird die fein¬
1955 1686 2941 1748 und schlanke Melancholie um einen Schatten dunkler.
2030 1705 3126 1789 Anatol ist nicht mehr von dieser Welt von Wien ganz zu
1958 1774 3123 1835 schweigen). Er nahm seine gedämpften Farben on der lauen
1961 1816 3123 1874 Ruhe einer Zerfallskultur, er hatte Zeit, er hörte auf die feinen
1961 1873 3131 1919 Geräusche des Lebens, das unmerklich vergilbte — vor dem
1952 1902 3128 1971 Krieg. Inzwischen hat er die „Schlamperei" abgeschüttelt und ist
1958 1958 3128 2016 ein forsches Mitglied des neuen Europa geworden. Ich sah ihn
1952 1991 3123 2055 neulich durch die Drehtür des Adlon sich mühen; er ist ziemlich
1955 2036 3121 2095 dick und soll beim Film beteiligt sein. Man darf auch annehmen,
1955 2077 3123 2133 daß seine Weibergeschichten endlich in Ordnung gekommen sind.
1958 2116 3121 2176 Längst ist ja das füße Mädel ausgestorben, auch Annie wird nicht
1951 2164 3121 2220 mehr so billig scheiden heute (von Frau Gabrielens undeutlich¬
1961 2204 3132 2269 keit ganz zu schweigen). Beneidenswerter Anatol, du hast von
1961 2260 3123 2308 einem besseren Frauenjahrhundert noch die Sahne geschöpft.
1961 2295 3123 2348 Dieser Mädelty, bei Murger und seiner Bohem beginnend,
1970 2333 3118 2400 süß, leichtsinnig und ein wenig sentimental, ist läng gefähr¬
1961 2383 3137 2448 licheren Dingen gewichen, — der Nutte, scharf, laut und gierig,
1961 2420 3132 2485 die das öffentliche Leben mit ihren teuren und groben Bedür¬
1967 2469 3128 2522 nissen umprägt, die Gesellschaft verbildet, die Schauspielerin
1964 2516 2744 2575 schlägt, den Mann roh und armselig macht.
2039 2544 3135 2610 Solcherart sind die betrübten Gedanken, wenn man heute
1970 2609 3132 2659 den Zauber des Anatol wieder spürt. Manches darin freilich an
1967 2645 3132 2709 geäußerter Seelenweisheit funkelt nicht mehr, manches glänzt,
1964 2687 3059 2759 ohne Gold zu sein, — aber die Melodie ist unvergänglich.
2036 2729 3138 2782 In den Kammerspielen, unter Iwan Shmiths Führung,
1967 2776 3132 2829 wurde diese Melodie nicht zur Grundkraft der Aufführung. Zwei
1973 2820 3129 2872 Möglichkeiten gibt es für „Anatol“ entweder in spielt ihn als
1970 2862 3135 2915 dämmiges Stück voll lächelnder Trauer, oder man spielt die
1979 2901 3129 2962 schnell abrollende Szenenfolge einer Komödie. Die Kammer¬
1976 2944 3126 3007 spiele boten von der ersteren den Mangel an Temps, von der
1970 2995 3150 3059 zweiten das Vorherrschen des Vorgangs über die Melodie. Am
1970 3038 3131 3091 tiefsten klang „Weihnachtseinkäufe, am besten rollte ab der
1976 3079 3132 3138 „Hochzeitsmorgen", der plötzlich wie von einer anderen Hand
1973 3121 3129 3179 eingeübt schien, einer flotteren, aber auch gröberen. Mißlungen
1979 3168 2559 3235 schien mir das „Abschiedssouper
2042 3200 3126 3260 Anton Edthofer als Anatol trug mit Anstand eine feine
1976 3260 3129 3313 Skepsis durchs Stück, aber er wirkt immer als ein Schauspieler,
1973 3303 3129 3353 der sein Letztes nicht hergibt — er hat jedoch alles hergegeben.
1976 3340 3132 3397 Am tiefsten tönte sein Dialog in „Episode". Hermann Thimig
1973 3390 3134 3441 als May, ein Stück von allzu geläufiger Gestaltung, war ohne
1979 3429 3129 3485 Einschränkung eine Wonne. Von den Frauen zunächst die
1979 3477 3129 3527 „Dame, die Lina Lossen spielte. Kann man sich mit so
1973 3519 3129 3566 knappen Strichen eine dunkelleuchtendere Gestalt denken, so voll
2024 3608 3187 3669 tagendem Lebensklang, so voll gehemmter Liebesbereitschaft, die
2027 3663 3188 3709 den Mut nicht hat? Hier wartete, in kurzen Minuten, ein
2021 3706 3184 3750 großes Gefühl. Von den Darstellerinnen der übrigen Frauen¬
2027 3747 3188 3794 rollen nenne ich Margarete von Bukowics, der ein Seelen¬
2033 3787 3181 3838 ton unverkennbar durchbrach. Von Fräulein Christians als
2030 3833 3191 3890 Annie ist das nicht zu sagen. Sie sieht wonnig aus, sie ist
2030 3869 3196 3924 immer geschmackvoll, damenhaft bis in die Fingerspitzen (was der
2036 3921 3190 3965 Annie nicht zugute kam, unendlich sympathisch als Gesamt¬
2033 3959 3194 4036 erscheinung, aber (wie sag ich nur ?) — ihr Lebensschwerpunkt
2033 4003 2522 4081 liegt nicht auf der Bühne.
2928 4006 3162 4064 F. Sieburg.
