3436 4352
1352 166 1720 276 box 9/4
895 184 1157 283 Zyklu-
241 191 821 304 4.9. Anatol
966 1076 1228 1157 No.
163 1175 1189 1309 ARGUS SUISSE DE LA PRESSE S.A.
202 1285 1157 1391 Schweizer Argus der Presse A.-G.
156 1359 1182 1437 GENEVE — 23, Rue du Rhône, 23 — GEN
262 1416 1083 1486 Adr. télégr.: Coupures Genève — Téléphone 4006
166 1490 1182 1546 Bureau de coupures de journaux sur tous sujets et personnalités.
265 1525 1097 1589 Traductions en toutes langues. Travaux et rédaction.
152 1550 1221 1656 reau für Zeitungsausschnitte, Personalnachrichten, Uebersetzungen.
361 1617 973 1699 CORRESPONDANTS : VERTRETUNGEN
170 1653 1161 1752 Paris, Berlin, Vienne, Londres, Rome, Christiania, Buda-Pest,
343 1720 987 1769 Boston, Amsterdam, New-York, Mexico.
1387 1706 3263 1808 Schwank recht schwacher Sorte bekamen wir — bis Rechtssprache mit dem Verbrechen gegen das ei¬
156 1738 297 1830 urnal.
368 1755 764 1851 Berner Tagblatt,
1047 1748 1175 1837 Bern
1384 1787 3263 1861 her als Eintagsfliege — serviert „Ob Du willst oder mende Leben" ausdrückt. Das Stück ist Tendenz, es
152 1815 294 1893 dresse
2339 1837 3263 1893 wird für die Abschaffung dieses Paragraphen Pro¬
1380 1847 2152 1918 nicht ...", von Haus Sturm und Bachwitz
1444 1858 3259 1950 Etwas ganz anderes war da des Tschechen paganda gemacht in der Person eines menschlich
1387 1914 3270 1985 Frantisek Langer „Peripherie“. Das wurde ein sehr sympathischen Frauenarztes. Manch gute und
945 1872 1097 2006 1928
2346 1960 3256 2028 fesselnde Szene ergibt sich, aber auch manch undra
1387 1982 2314 2038 Theaterabend, an den man noch lange zurückdenken
1384 2006 3263 2074 wird. Die Regie war großartig, die Bühnenbilder matische, in der es einem schwer fällt, mitzugehen
1408 2052 3266 2130 Raxim Frey) hervorragend, die Aufführung mit in der man das Interesse zu sehr verliert. Das Pro¬
2339 2098 3277 2152 blem ließe sich kürzer und prägnanter fassen. Die
1384 2113 2314 2176 Shall als Franzi und Mathilde Danegger als
2343 2137 3270 2198 Aufführung war glänzend, sie hatte ihre Hauptträger
1387 2152 2314 2212 Anna untadelig. Wer wird all die faszinierenden
1387 2183 3118 2254 Bilder vergessen: die Baustelle, das Kino, die Szene in Heinrich Heilinger und Lotte Schramke.
595 2176 1210 2268 Kunst und Theater in Zürich.
2396 2205 3263 2282 Das Zürcher Stadttheater setzte sich in einer Ur
478 2229 2318 2321 A. G. Im Zürcher Kunsthaus hat mit Anfang mit dem Motorrad usw.? Der Inhalt des Stückes
1394 2275 3270 2343 ist ein tragikomischer: Ein Mörder ist die Haupt aufführung für Karl Heinrich Davids Oper „Traum
1189 2304 1366 2357 begonnen
188 2290 1161 2389 Taxe d'inse des Monats eine neue Ausstellung
1394 2314 3259 2396 figur, dem man den Mord oder vielmehr Totschlag wandel ein. Sie erzielte einen sympathischen Ach
449 2346 1366 2410 Schweizer Künstler kommen zum Worte. Vorab sin
156 2360 389 2431 Einschreibget
442 2360 3270 2463 zu nennen Alice Bailly, Karl Hosch und Hans Bericht glaubt, der sich schließlich denunziert und von tungserfolg. Die Musik schien teilweise nicht ganz
2346 2399 3266 2463 originell, sondern an bewährte Vorbilder angelehnt
1394 2421 2321 2477 der Polizei ausgelacht und fortgeschickt wird, wei¬
446 2435 1366 2498 ger. Hoschs Temperament äußert sich hauptsächlich
1391 2445 3270 2523 das sorgsam aufgestellte Polizeiprotokoll mit seinen das Libretto hatte Turgenjews „Triumphgesang der
453 2474 1362 2537 im Landschaftlichen, während Alice Bailly eine
152 2470 386 2544 sigter Tar¬
449 2491 3266 2580 Ueberblick über ihr ganzes Schaffen gibt. Hans Ber=Aussagen unvereinbar ist. Die Handlung ist tief Liebe zum Vorbild. Es war vom Komponisten
156 2520 393 2573 ne bestimmten
163 2569 393 2612 schreibgebühr
453 2534 3273 2626 gers Stärke liegt im Porträt, auch die seines Lands realistisch, und jedes Bild vermag für sich allein selbst verfaßt, der aber die vielfachen Möglichkeiten
2350 2583 3270 2640 seiner Vorlage nicht ganz ausnützte. David dirigiert
219 2601 386 2651 On traite
456 2601 2321 2697 mannes Gustave François äußert sich mehr im schon zu fesseln durch seine straffe Komposition
152 2629 386 2704 at-Abonnem
1391 2629 3273 2711 manchmal freilich — Gott sei Dank selten — leiht das Orchester, die Regie von Alois Hofmann war
453 2658 662 2732 Figürlichen.
1401 2679 2520 2743 Langer mystischen Lösungen sein Ohr, so auch am sehr gut.
485 2668 1377 2757 Im Schauspiel sahen wir Irene Triesch, die Ibsen¬
2396 2686 3277 2767 Weiterhin mühte man sich mit gutem Erfolg um
449 2725 2325 2810 hundertster Geburtstagsfeier etwas vorgriff und uns Schluß, doch fällt dies gegenüber den Vorzügen des
2346 2757 3273 2817 ältere wohlbewährte Dinge, wie den „Barbier von
1391 2778 1876 2838 Werkes kaum in Betracht.
442 2781 1366 2852 „Die Frau vom Meer und das unvergängliche Wer
2346 2803 3270 2873 Sevilla", die „Tosca, die „Zauberflöte", der
1447 2785 2325 2881 Als seltener Gast endlich wieder einmal Arthur
449 2831 1366 2884 „Wenn wir Toten erwachen“ zu Gehör brachte. Di
1401 2842 3273 2923 Schnitzler. Sein unsterblicher „Anatol" agierte in „Wildschütz" usw. Als Gastspiel wäre zu nennen die
442 2881 1377 2930 Triesch war ein Erlebnis, das Ensemble aber, das
453 2884 3270 2994 sie mitbrachte, reichte bei weitem nicht an sie heran vier lebendigen Bildern vor uns und erfreute gleich zwei Abende von Frau Hüni=Mihacsek (in „Lohen
1398 2937 3270 3015 stark wie stets. Als beste Skizze erwiesen sich die grin" und „Macht des Schicksals"). In der Operett
510 2965 1373 3015 Was das Schauspielhaus uns sonst bringt? Ein
446 2973 3266 3061 mal glaubte man den fabelhaften Hexererfolg (von „Weihnachtseinkaufe, als schwächste „Anatols Hoch- ist eine wohlgelungene Neuinszenierung von Kalman
1394 3022 3270 3107 zeitsgekommen wir vielleicht einmal auch „Zirkusprinzessin" zu erwähnen. Von Borodins Ope¬
449 3057 1366 3111 dem man nun schon über dreißig Aufführungen re
1398 3075 3263 3160 einen größen Schnitzler zu sehen, etwa „Das weite Fürst Igor" wurde bereits an anderer Stelle ge
453 3096 1369 3157 gistriert) wiederholen zu können mit dem „Drei
2350 3121 2509 3192 sprochen.
1394 3135 2332 3192 Land"? Ich glaube, das Interesse des Publikums
449 3139 1369 3203 zehnten Stuhl“ des Herrn Veiller. Das Experimen
2399 3125 3280 3213 Von weiteren genußreichen Abenden seien ge¬
453 3167 2318 3241 gelang aber nicht. Auch „Mrs. Cheneys Ende" nä wäre vorhanden. Als neuester Schlager wäre schließ
2350 3199 3284 3256 nannt: Mary Wigman tanzte mit ihrer Gruppe
1401 3213 2325 3273 lich noch zu nennen „Der Frauenarzt" des Berliner¬
453 3231 1369 3284 hert sich der Hochstaplerwelt, aber auch ihr war kei¬
453 3245 3287 3376 irgendwie sensationeller Erfolg beschieden. Einen Rehtisch, der das Problem behandelt, das sich in der im Stadttheater: Leo Slezack brachte seine immer
