3436 4352
1358 178 1709 278 box 8/4
248 178 770 261 4.9. Anatol
655 175 1166 294 Zyklus
1153 585 1461 687 Telephon 12801
1104 690 1239 806 R
648 685 1058 826 OBSERV
376 801 1458 895 I. öst behördl. konz. Unternehmen für Zeitungs-Ausschnitte
601 867 1246 966 Wien, I. Konkordiaplatz 4
736 941 1118 1029 Vertretungen
383 979 1447 1075 in Berlin, Budapest, Chicago, Christiania, Genf, Kopen¬
383 1068 1448 1117 hagen, London, Madrid, Mailand, Minneapolis, New-York,
380 1093 1454 1177 Paris, Rom, San Francisko, Stockholm, St. Petersburg
703 1146 1138 1217 Quellenangabe ohne Gewähr)
379 1181 703 1282 Ausschnitt aus:
730 1236 1329 1338 WIENER CARICATUREN
379 1275 767 1389 Num. 11.1.10
780 1432 1113 1554 Theater.
551 1543 1414 1642 Das Deutsche Volkstheater hat einen
453 1623 1408 1688 prächtigen Artur Schnitzler=Abend ge¬
453 1672 1401 1759 boten, indem es fünf Plaudereien des
447 1723 1402 1831 Anatol-Zyklus in vortrefflicher Besetzung
440 1775 793 1861 herausbrachte.
558 1835 1384 1933 Wir wüßten keine deutsche Privat¬
443 1907 1399 1999 oder selbst Hofbühne, die fünf Damen,
440 1947 1396 2060 wie die Glöckner, Hannemann, Müller,
443 2026 1391 2106 Galafres und Reinau hinausstellen
429 2075 1396 2174 könnte, und auch Herr Kramer als
429 2141 1392 2240 Bonvivant kann sich sehen lassen, wenn
426 2208 1389 2297 er auch für den Anatol schon ein wenig
419 2244 1037 2359 behäbig geworden ist.
1163 2545 1520 2667 Telephon 12.801.
1151 2662 1293 2799 E
614 2651 1093 2823 OBSER
457 2779 1523 2908 1. österr. beh. konz. Unternehmen für Zeitrags¬
667 2857 1320 2925 Ausschnitte und Bibliographie.
637 2908 1365 2997 Wien, I., Concordiaplatz 4.
865 2978 1146 3044 Vertretungen
472 3004 1527 3090 in Berlin, Brüssel, Budapest, Chicago, Cleveland, Christiania,
469 3064 1530 3117 Genf, Kopenhagen, London, Madrid, Mailand, Minneapolis,
472 3103 1527 3160 New-York, Paris, Rom, San Francisco, Stockholm, St. Peters¬
872 3144 1236 3223 burg. Vororte.
902 3187 1128 3262 de
469 3245 844 3326 Ausschnitt aus:
988 3276 1320 3394 11 p. 1910
470 3365 614 3460 von
490 3526 1524 3629 Das Deutsche Volkstheater in Wien benützte den große
380 3584 1521 3663 Erfolg von A. Schnitzlers „Der junge Medardus am Burg¬
383 3642 1518 3693 theater, um seine Fugendwerke „Anatol“, das heißt fünf von
371 3688 1521 3733 den sieben Szenen, die durch gemeinsame Gestalten, die Idee und
371 3718 1517 3782 den Titel vereint sind, aufzuführen. Hievon wurde das
374 3766 1521 3851 „Abschiedssouper" durch ein Gastspiel auch in Linz
368 3799 522 3851 bekannt.
2245 586 2529 657 .
2176 627 2607 720 de des
2839 675 2936 771 on
1854 684 2212 801 Ausschnitt aus:
2287 691 2736 836 ante Blätter
2032 783 2277 879 11.12.19
1855 819 1987 932 a
1943 931 2896 1037 E
1947 999 2886 1128 Aus dem Reich der Schminke.
1946 1094 2890 1216 LES ASSASSINS
2020 1184 2885 1285 (Deutsches Volkstheater.) Die jüngste Première
1947 1255 2879 1333 dieser Bühne war ein Einakterabend unter
1938 1289 2886 1386 dem Titel „Anatol“ von Artur Schnitzler.
1943 1349 2876 1428 Die fünf Szenen, die für Wien allerdings nicht
1940 1405 2883 1488 mehr ganz neu sind, fanden abermals durch
1940 1442 2876 1518 ihren jungwienerischen Einschlag und den be¬
1934 1485 2883 1583 kannten Witz und die Lyrik Schnitzlers freudigen
1934 1538 2883 1630 Anklang. Und so genoß man mit Anatol in
1933 1600 2880 1666 „Die Frage an das Schicksal seine
1928 1633 2866 1723 Neugierde, indem er die süße Angebetete
1931 1685 2868 1772 hypnotisierte, um zu erfahren, ob sie ihm auch
1928 1739 2868 1814 treu sei, fühlte mit ihm in „Weihnachts¬
1924 1782 2866 1881 einkäufe" sein stilles Glück, das er bei einem
1943 2012 2882 2118 armen Vorstadtmädel gefunden und dies einer
1956 2102 2886 2161 schönen mondainen Dame der Gesellschaft er¬
1950 2156 2895 2215 zählt, lachte und enttäuschte sich mit ihm beim
1953 2199 2892 2255 „Abschiedssouper", wo er seiner kleinen
1946 2255 2895 2307 Ballettratte den Abschied geben will, diese ihm
1950 2304 2885 2350 aber unbewußter Weise zuvorkommt, und
1944 2347 2893 2412 empfindet Wehmut in der „Episode", wo er
1950 2399 2895 2449 von einer Zirkusreiterin und ehemaligen innigen
1948 2449 2892 2521 Geliebten nicht mehr erkannt wird. Ebenso freut
1947 2492 2892 2548 man sich an seiner süßen Torheit und seinem
1956 2542 2886 2604 skeptischen Leichtsinn in „Anatols Hochzeits¬
1944 2595 2892 2647 morgen", indem er noch tags vorher in
1953 2638 2898 2704 fideler Gesellschaft dem Junggesellenleben Adieu
1950 2694 2895 2757 gesagt und seine Freundin zum letztenmal
1946 2751 2888 2802 mit in sein Heim genommen, die dann in ihrer
1953 2789 2890 2849 Ahnungslosigkeit seine Heirat für einen Schwindel
1947 2837 2895 2888 hält. Diesen Anatol, diesen Lebejüngling, der
1953 2883 2890 2948 so wehmütig lustig, so liebesdurstig durchs
1950 2942 2889 2999 Leben schreitet, spielte Herr Kramer ausge¬
1950 2982 2889 3048 zeichnet und hatte in seinem Freunde Max, dar¬
1950 3038 2885 3090 gestellt von Herrn Lackner, der für alle diese
1953 3088 2885 3143 schwärmerischen Illusionen kein Verständnis und
1950 3131 2896 3192 nur kühle Ironie zeigte, einen ebenbürtigen
1950 3183 2895 3250 Partner. Für die Damenrollen war der ganze Flor
1950 3226 2889 3299 des Theaters engagiert worden und boten die
1947 3273 2882 3339 Damen Hannemann, Reinau, Glöckner,
1941 3326 2889 3378 Müller und Galafrés nicht nur treffliche
1941 3376 2880 3441 Leistungen, sondern auch entzückende Toiletten.
1941 3428 2889 3490 Der große Beifall, der nach jedem Stücke die
1941 3471 2903 3557 Darsteller belohnte, rief auch den Dichter wieder¬
1936 3527 2343 3590 holt auf die Bühne.
