3344 4256
1367 172 1715 262 box 9/1
1028 169 1147 271 lu
913 169 996 275 7
249 172 677 281 4.9. Anat
766 176 897 275 -
2571 894 2699 993 .
1664 936 2692 1022 stunt haben, der Gemeinde Kappenau und dem
610 945 1638 1041 muß herbeigeführt werden. Auf künstlichem Wege
147 961 584 1038 send aus begrüßte ihr
1670 1009 2696 1067 früheren Besitzer des Geländes. Nach kurzen Wor¬
610 1028 1638 1076 wird die gleiche Wirkung durch elektrische Bestrah¬
153 1022 581 1095 ige Greis aber wandt¬
1670 1051 2696 1102 ten des Bürgermeisters von Rappenau, Herrn
153 1067 1638 1115 Verwandten und zog lung hervorgerufen und den Kranken zunutze ge¬
1667 1095 2692 1147 Freudenberger, hielt Herr Prof. Dr. Bul¬
610 1105 1638 1156 macht. Und last not least, erreicht man die besten
147 1105 581 1166 g, wo er ein einsame
153 1131 2692 1198 he Stiftung zu wohltä= Erfolge bei Behandlung mit Salz, Sole zu In pius eine Ansprache, deren Inhalt wir zur Einlei¬
1664 1172 2699 1230 tung benutzt haben. Er sprach am Schlusse die Hoff¬
610 1185 1635 1233 halationszwecken. Die Erfahrungen mit dieser kom¬
147 1191 584 1252 die Heimatgemeinde
1664 1210 2692 1274 nung aus, daß alle, die leidend dies Haus aufsuchen
179 1220 1635 1290 Gelde wohl wenig binierten Behandlung stammen aus dem Ausland
600 1262 2696 1313 In unserem Vaterlande haben wir bisher nur zwei es als gesunde, arbeitsfähige Menschen verlassen
613 1351 2692 1412 daß dies das letzte Souper sein solle, erwacht in Hofmeister prätentiös anmelden ließ und ihre
144 1367 591 1424 seien kann. So huschen
1664 1396 2692 1456 Versprechungen nicht einlöste. Herr Raoul Aslan
610 1402 1632 1460 Anatol das Gefühl des betrogenen Liebhabers. E
163 1412 584 1479 süße Mädel aus der
616 1447 2692 1520 sieht sich in eine Rolle gedrängt, die er nicht spielen spielte den Anatol. Nur in den „Weihnachtseinkäu¬
185 1466 584 1536 die Zirkusdame und
1680 1498 2699 1559 sen" war sein Ton schnitzlerisch-echt; im übrigen
141 1507 1642 1575 se läßt irgend einen mag: in die Rolle eines Liebhabers, der verabschiedet
616 1543 2699 1613 wird. Und da gesteht er denn, daß auch er bereits blieb die Figur ohne Relief. Herr Aslan gab eine
150 1559 584 1626 zurück. Jede bleib
1667 1597 2692 1651 Lustspielfigur, obwohl er wissen sollte, daß Anatol,
613 1597 1642 1658 eine andere Geliebte habe. Er ist förmlich besessen
150 1603 588 1674 wo ein anderes Glück
1667 1645 2696 1699 dem jede Liebe von Zweifeln verdunkelt wird und
616 1651 1642 1705 davon, der Treulosen den Triumph zu rauben. Ein
144 1661 588 1725 den verbunden. Und
1664 1686 2689 1750 dessen Liebe oft unerreichbare Ziele sucht, im eigent¬
616 1696 1638 1753 heißer Zorn steigt in ihm auf und ein Gefühl der
150 1709 594 1776 innerung, dieser Hauch
620 1750 2696 1817 Rache. In Worten gegenseitiger Anklagen und lichen Sinne eher tragisch zu wirken hat. Herr Her¬
144 1753 588 1824 und erloschenen Liebes¬
1664 1782 2699 1849 mann Blank als Max verließ sich ganz auf den
623 1792 1635 1859 gegenseitigen Hasses enthüllt sich nun in diesen Men¬
169 1801 591 1872 geschieht, daß sich da
1664 1836 2699 1897 Dichter und war außerstande, aus eigenen Mitteln
620 1846 1642 1907 schen für einen Augenblick eine gewisse niedrige Nach¬
163 1849 591 1935 den Schicksalen dieser
1670 1891 2696 1948 etwas zusteuern. Frl. Else Feldhofen war
620 1903 1645 1961 sucht und so etwas wie Brutalität: jene Gefühle, die
1670 1935 2692 1996 als Gabriele von heimlicher Zärtlichkeit, anmutiger
613 1951 1638 2009 mit der Liebe so traulich unter einem Dache wohnen
121 1913 584 2034 an gestern „Weih¬
680 1983 2696 2057 Zum Schluß: „Anatols Hochzeitsmor= Koketterie und Wärme. Sprudelnd und fesch spielte
134 1999 600 2066 Dialog, in dem eine
1670 2025 2692 2095 Frau Elsa Pfeiffer=Hofmeister die Annie.
623 2041 1642 2108 gen“. Auch hier ein Abschied. Es ist ein Abschied
147 2044 597 2105 en Lichtern umglimmt
1670 2079 2689 2143 Sie gewann sogar (im zweiten Stück) das Ueberge¬
1377 2092 1495 2149 feiert.
1555 2092 1642 2153 Von
620 2089 1345 2149 vom Junggesellenleben, den Anato
144 2098 594 2162 de sich: Anatol und Ga¬
629 2133 2702 2200 jenem Leben, das so voller Reize und Abenteuer ist. wicht und ließ den Anatol und den Max zu Episoden¬
163 2143 600 2200 Am Weihnachtsabend.
1670 2181 2699 2245 figuren verkümmern. Das Unglücklichste war die Ilo¬
620 2185 1638 2252 Es ist der Abschied von der Freiheit, vom Champag
137 2175 588 2261 blischer Heiterkeit, wäh¬
1667 2232 2702 2290 na, die von Frl. Emmy Remolt mit einer Derbheit
623 2239 1642 2296 ner, von verschwiegenen Zimmern. Und auch dieser
144 2245 591 2303 liebten spricht, die de
1674 2284 2699 2347 gespielt wurde, die das Stück weit weg von Wien
144 2290 1645 2347 in Gassen der Vorstadt, Abschied ist nicht leicht, weil die kleine Geliebte nicht
1674 2331 2696 2414 entrückte, wo die Frauen in jedem Augenblick die
144 2338 1642 2421 sie selbst Anatols an die Hochzeitskomödie glauben mag und Anato
1670 2386 2156 2446 weiche Anmut bewahren.
629 2389 1000 2466 für sich reklamiert.
150 2395 594 2459 greifbar vor ihr steht
1734 2399 2699 2491 Zur Einleitung las Herr Oskar Hofmeister
680 2402 1645 2491 Alle diese kleinen Szenen und Episoden erhalten
147 2440 600 2520 kann, weil sie nicht den
1670 2472 2699 2539 einen Essay über Schnitzler von Felix Salten und
620 2459 1645 2549 aber ihren höchsten Reiz erst durch die feinen Tönun¬
1674 2523 2699 2587 hierauf die Einleitungsworte zu „Anatol“ von Hugo
141 2498 1638 2606 per" ist ein Kabi¬gen des Dialogs, durch die Grazie der Worte, in
1670 2584 2711 2635 von Hofmannsthal. Zum Schluß endlich brachte er
134 2577 1642 2657 hologie. Anatol feiert denen die Atmosphäre von Wien und der süße Leicht¬
1670 2619 2699 2683 noch eine Novelle aus dem neuesten Buche Schnitz¬
629 2632 1648 2696 sinn der jungen Jahre amen. Dies ist das echt
156 2641 604 2702 mit Annie müde, weil
1670 2670 2696 2727 lers: „Menschen und Masken". Leider hat Herr
623 2673 1642 2766 Schnitzlerische. Das erst macht den Zauber dieser
156 2692 600 2753 anderen gehört. Scho¬
1718 2724 2711 2779 ofmeister die merkwürdige Angewohnheit, die
623 2734 901 2807 Einakter aus.
147 2737 600 2795 es aus ist zwischen
1670 2769 2705 2830 Hälfte jedes Satzes für sich zu behalten. Die andere
687 2747 1642 2833 Aber diesen Zauber, der dem Buche so voll ent
102 2788 604 2868 glich soll der Abschied
1677 2823 2696 2881 Hälfte gibt er nur ganz leise und zögernd her. Wa¬
141 2826 1648 2890 Fall ein, daß auch Annie strömt, haben die Stuttgarter nicht wiederzugeben
137 2868 2708 2951 auch ihre Liebe bereits vermocht. Was der Aufführung fehlte, war das rum behielt er auch die nicht für sich, da ihm das
1674 2913 2549 2986 Lesen nun doch einmal so sehr schwer fällt?
275 2919 1648 2993 Es wäre also leichte Wienertum. Der Leichtsinn war ohne Grazie
2121 2957 2664 3050 Hermann Bagusche.
141 2973 1651 3034 es könnte ein recht ver- und ihm fehlte die Melancholie. Es war eine Dar¬
144 3021 1677 3120 s Annie davon spricht, stellung, die sich durch die Einleitung des Herrn
