3436 4256
231 199 759 299 4.9. Anatol
843 197 1135 303 Zyklu-
1347 196 1699 291 box 9/3
1189 908 1944 1059 Klose & Seidel
1195 1063 1943 1162 Bureau für Zeitungsausschnitte
1192 1138 1949 1230 Berlin 10. 43, Georgenkirchplatz 21
1423 1232 2077 1415 .
1162 1374 1366 1451 Zeitung:
1158 1463 1281 1561 Ort:
1157 1559 1412 1667 Den
1238 1659 1513 1735 .
1385 1650 2290 1749 Berliner Theater. Aus Berlin wird uns
1250 1717 2288 1801 geschrieben: Alte literarische Welten steigen aus der
1251 1743 2290 1835 Vergessenheit auf. Hirschfelds „Mutter, einst
1251 1788 2297 1871 ein Versprechen einer jungen naturalistischen Dichter¬
1251 1843 2290 1911 kraft, ein Sehnsuchtsklang, ist heute wirksam behag¬
1258 1874 2296 1959 liches Theater geworden und erlebt eine Erneuerung
1259 1907 2290 1997 im Kleinen Schauspielhaus durch das Genie
1262 1946 2290 2036 der Käte Dorsch, der gesuchtesten jetzt aller neuen Ber¬
1286 1984 2296 2069 liner Künstlerinnen, die auch hier durch die absolut
2266 2119 2362 2177 Und
1281 2120 2226 2177 : über jedes literarische Problem siegen läßt.
1289 2159 2363 2220 anderseits : Schnitzlers „Anatol", in den
1315 2205 2363 2258 Kammerspieren wieder aufgenommen, zaubert
1288 2239 2361 2301 uns ein andres Stück lieber, alter Vergangenheit vor,
1324 2277 2354 2328 das echte Wiener, elegante, zart melancholische, lächelnd¬
1281 2316 2362 2365 traurige, wehmütig-frohe Liebesleben der jungen Welt,
1320 2357 2362 2415 Typ des liebenden Jünglings mit philosophischem An¬
1324 2393 2359 2447 hauch, Typ des räsonierend=praktischen, aber herzlichen
1320 2432 2363 2488 Freundes, Typ des süßen Mädels in allen verheira¬
1320 2465 2373 2530 teten und unverheirateten Spiegelungen. Man gab
1288 2512 2361 2566 von den sieben fünf Einakter. Das berühmteste Ab¬
1327 2551 2359 2603 schiedssouper steht in der Mitte. Edthofer und Thimig
1324 2585 2354 2643 spielen die Männer, die fünf Damen wechseln nach
1324 2630 2359 2678 Temperament, Begabung und Kostüm, am entwickelt¬
1320 2674 2361 2719 sten die Christians im Abschiedssouper — wie hat sie
1320 2704 2358 2758 gelernt, von der man einst nur sagen mochte, was sie
1324 2746 2363 2796 nicht kann, sieht sie aus! Ja, auch Fleiß und Wille
1320 2784 2354 2842 zeugen Leistungen. Schön war es, in diese alte Welt
1324 2825 2361 2877 wieder mal unterzutauchen: ach, jene Zeit hatte doch
1313 2862 2367 2917 noch Genuß an ihrem Leben, Freude in seiner Ge¬
1320 2902 2369 2959 staltung, wir aber haben Mißlaune an leblosen
1330 2938 2359 2990 Fragen unsres Intellekts. — „Karussell" heißt
1324 2977 2363 3024 ein französisches Stück des Verneuil im Komö¬
1308 3017 2362 3081 dienhaus, das der Orska Gelegenheit gibt, sen¬
1285 3055 2369 3112 suelle Gesten und Worte zu machen, neckisch zu lieben
1317 3097 2339 3147 und zu schaukeln, auch Purzelbäume zu veranstalten¬
1319 3138 2366 3190 als huschlige Kokotte zwischen zwei Männern, von
1320 3178 2362 3224 denen sie immer den wirklich liebt, der gerade arm ist,
1315 3215 2362 3259 und den, der gerade reich ist, zum zahlenden Verehrer
1320 3252 2366 3302 degradiert. Das Schicksal wechselt die Rollen zwischen
1315 3294 2367 3342 eben diesen beiden, und zwar durch dieselbe Börse in
1285 3331 2359 3393 Baisse und Hausse, die Situationen geraten in eine
1320 3371 2359 3417 parodistische Symmetrie, die drei Figuren, die virtuos
1330 3408 2362 3462 drei Akte bestreiten, drehen sich im Karussell umein¬
1320 3446 2362 3506 ander, Grazie und Humor verfißen die Dialoge. Nicht
1315 3485 2362 3534 zu leugnen, daß so etwas mit routiniertem Geschick und
1324 3524 2357 3574 spielend anmutiger Technik gemacht ist. Der noch
1317 3558 2359 3615 junge Autor wird die Bühnen der Welt sicherlich ein¬
1327 3604 2366 3652 kunftsreich amüsieren. Er hat die Hand für ein Eure,
1290 3642 2144 3697 das uns unterhält, ohne uns anzugreifen.
1819 3669 2351 3751 Professor Dr. Oscar Bie¬
