3296 4224
1188 173 1554 264 box 8/6
77 176 574 276 4.9. Anato
443 182 1000 295 ku
2236 1193 2708 1264 aber wenigstens
438 1213 1551 1279 Welthändel usw. Auf der anderen Seite dürfen aber
1600 1202 2702 1296 die Vernunft abgesprochen. Das hat mich angenehm berührt
426 1250 2705 1335 Drohungen ein Volk, so einig und mächtig und stark wie das um so mehr, als der Abg. Arendt mich noch kürzlich für einen
440 1372 1548 1426 wurden gefunden Hunderte von eigentlichen Silber¬
1602 1375 2711 1441 licht genoß man bisher diesen „Anatol" nur fragmentarisch.
446 1409 1551 1460 münzen mit arabischen Schriftzeichen; die Forscher nehmen
1602 1421 2711 1489 Das ein und andere Stücklein aus der heiligen Zahl der
443 1460 1548 1517 an, daß viele von diesen Münzen von den dänischen Kriegs¬
1602 1463 2716 1523 Sieben ward wohl als leckeres Dessert gewichtigerer Mahlzeit
446 1494 1551 1540 leuten, die im Dienste am Kaiserhof zu Byzanz standen
1600 1503 2708 1551 nachgesandt; dem Fünferreigen, der am Sonnabend uns er¬
443 1529 1566 1588 (den sogenannten „Väringern") nach Dänemark gebracht
1605 1543 2711 1594 götzte, hat erst Herr Brahm vom Lessingtheater im Vorjahre
443 1574 1551 1625 worden sind; weiter sieht man Münzen mit dem Gepräge
1605 1580 2705 1637 diesen Weg geebet. Nun folgt, mit Kühnheit, die Provinz.
432 1600 1551 1668 des stolzen römischen Adlers, und andere mit dem Zeichen
1673 1622 2711 1668 Sie kann es wagen. Fremder zwar ist dem nordischen
440 1654 1554 1710 des Kreuzes (wahrscheinlich von der Zeit kurz nach der Ein¬
1602 1637 2708 1713 Empfinden dieser Wiener Typus; darum nicht weniger amü¬
443 1693 1554 1742 führung des Christentums in Dänemark stammend); end¬
1600 1693 2708 1756 sant. Vielleicht ist unser Lächeln spöttischer, unsere Milde
438 1730 1551 1784 lich tragen mehrere der Münzen das Bild von dänischen
1602 1736 2708 1787 minder bereitwillig, moralischer Abspruch rascher bei der
1602 1773 2708 1827 Hand. Wir sind an andere klimatische Verhältnisse gewöhnt,
438 1776 1551 1833 Königen, — die meisten sind von der Zeit des Königs Svend
1600 1816 2708 1867 empfinden das Lebensproblem wohl ernster, denn als ein
438 1813 1548 1867 Toeskaeg, der bekanntlich ums Jahr 1000 regierte, den nor¬
1597 1852 2705 1901 Kreisen ums erotische Zentrum ohne jegliche anderweitige
438 1852 1557 1906 wegischen König Olav Trygvasson in der Schlacht bei
1608 1889 2705 1949 Tendenz. Denn dies ist das Wesen Anatols. Für ihn ist
440 1892 1548 1949 Svold besiegte und nachher auch England eroberte,
1602 1929 2711 1992 diese Welt die Liebe. Reich, jung und unabhängig, von
514 1935 1554 1986 Ebenso wertvoll ist der Fund von Schmucksachen;
1605 1966 2699 2017 Pflichten nicht beschwert, von keinem anderen Ehrgeiz an¬
432 1963 1557 2020 auch diese sind meistens aus Silber. Unter ihnen befinden
1602 2014 2705 2066 geregt als dem Unwiderstehlicher zu sein; Treue heischend,
435 2014 1546 2074 sich mehrere Halsringe. Am schönsten ist ein Hausschmuck,
1600 2051 2705 2100 nicht gewährend, ein Uebersättigter zugleich und ein Novize,
432 2054 1551 2100 der aus Silber= und Golddrähten geflochten ist, die eine
1591 2088 2696 2142 ein Raffinierter jetzt, jetzt ein Naidling, stets aber schwach
432 2094 1551 2134 Stärke von ½ Zentimeter haben und an denen ein Eidechsen¬
1588 2122 2699 2174 wo Unterröcke flattern. Selbstgefällig, ohne arrogant zu sein,
423 2134 1548 2182 kopf aus Silber befestigt ist. Ein Silberstilett ist so kunstvoll
1597 2162 2702 2222 vertrauensselig jetzt und jetzt verzweifelt, dazu ein Philosoph
429 2168 1554 2222 ausgeführt, daß sich ein moderner Künstler dessen nicht zu
1597 2202 2702 2259 aus Langeweile, um die Pausen von einem Abenteuer zum
440 2213 1551 2264 schämen brauchte. Es gibt auch eine reiche Auswahl von
1588 2247 2694 2293 nächsten zu überbrücken. Kurzum, ein liebenswürdigen
432 2247 1543 2301 Gürtelschnallen mit Relief und vielen sonderbaren Orna¬
1600 2276 2694 2330 Flaneur, ein liebenswerter Schwächling und mittelmäßiger
432 2287 1554 2344 menten. Des weiteren gegen 20 silberne Armbänder, die von
1600 2318 2699 2370 Kopf, Typus der jeunesse dorée im Kapua an der schönen
432 2333 1546 2384 dicken Silberdrähten geflochten sind und ebenfalls mit Orna¬
1591 2358 2702 2409 blauen Donau. Ihn hat sein Schöpfer köstlich nachgezeichnet,
435 2367 1548 2418 menten geschmückt sind. Auch mehrere große silberne
1591 2398 2696 2449 mit einer innigen Liebe, mit zärtlicher Versenkung, mit leiser,
432 2407 1551 2475 Schalen sind gefunden worden; die größte ist 15 Zentimeter
1591 2435 2691 2492 in halben Andeutungen strichelnden Ironie, mit einer herz¬
403 2443 1401 2515 im Durchmesse und hat eine Höhe von 6 Zentimeter.
1594 2475 2694 2537 haften lauten Lache, mit diskretem, melancholischem Lächeln
506 2472 1543 2537 Man wird sich eine Vorstellung von dem Umfange des
1594 2517 2702 2563 ward er vor uns hingerückt. Seht, das ist Anatol. Ein lieber
429 2517 1548 2571 Fundes machen können, wenn man erfährt, daß das Gewicht
1591 2554 2696 2605 Kerl, ein Prachtkerl. Ein Taugenicht, ein Rahmabschöpfer,
432 2568 1537 2614 der bisher ans Tageslicht geförderten Gegenstände 13½ Pfund
1591 2588 2699 2640 ein Gewissenloser. Ein Kerlchen, für das der Begriff der
435 2605 1540 2657 ist; wie aber schon erwähnt, werden die Ausgrabungen fort¬
1591 2631 2691 2676 Ethik nicht erfunden ward. Ihr liebt nur ethische Naturen?
435 2648 1546 2691 gesetzt, und man hofft noch weitere, ebenso wertvolle Gegen¬
1594 2671 2699 2722 Ihr Ernsthaften, Ihr Erdschweren, Ihr Tanzarmen! Ge¬
429 2682 1543 2750 stände zu finden. Man nimmt an, daß die meisten der
1588 2708 2568 2756 wöhnt Euch daran, was einmal ist, auch zu bejahen.
435 2725 1506 2793 Schätze aus der Zeit vom 9. bis 11. Jahrhundert stammen.
1659 2739 2702 2804 Anatol bleibt Anatol. Nach allen Regeln der Kunst be¬
1588 2782 2694 2838 trachtet, ist er für einen dramatischen Helden ein recht un¬
1594 2827 2699 2881 taugliches Subjekt. Er läßt sich nur beispielmäßig" (wie
528 2793 1563 2890 Deutsches Theater.
1594 2864 2702 2918 der Dusterer sagt, durch Episoden schleifen. Die Zahl dieser
435 2864 1540 2972 Zum ersten Male: „Anatol, Komödienzyklus von Arthur
1594 2907 2696 2958 Episoden spielt da keine Rolle. Es können sieben sein (wie
855 2929 1125 2989 Schnitzler.
1585 2941 2696 2998 im Buche), fünfe (wie auf der Bühne, eine Mehr- und Min¬
486 2952 1540 3037 Ein Unzeitgemäßer ist und dieser Anatol. Eine Sache
1591 2980 2705 3043 derzahl. Gewinnen kann er nur durch die Art der Frauen,
1591 3023 2696 3077 die ihn beschenken. Den Auftakt liefert Cora, die Nähterin,
429 2995 1540 3077 von vorgestern. Man fühlte sich fast geneigt, ihn literar¬
1585 3060 2696 3111 das Mädel mit den zerschenen Fingern, an das er die
435 3060 1540 3114 historisch zu genießen, flößte solche Vivisektion nicht einiges
1585 3100 2696 3151 „Frage an das Schicksal stellen möchte, da sie in der Hypnose
435 3100 1543 3148 Grauen ein. 1893 erschien das Buch. Es kann in Bälde
1591 3140 2699 3191 schlummert. Die Frage nämlich, ob sie ihm treu sei. Er
432 3137 1537 3188 Franzigsten Geburtstag feiern. Der Erstling eines Novel¬
429 3179 1543 3233 listen; als solcher Typus einer Schule, die dialogisierte
1594 3182 2699 3231 stellt sie nicht. Die Ungewißheit, Freund Max gegenüber in
1588 3216 2696 3276 schmerzlichsten Tönen erst beklagt, ist ihm am Ende lieber.
435 3213 1534 3265 Skizzen aufs Theater brachte. Viel geliebt und viel gelesen
1585 3253 2694 3313 Er hat ein gar empfindsames Gemüt, unser Anatol. Es folgt
423 3248 1537 3313 die dreizehnte Auflage") zählt man heute schon. Im Rampen¬
1583 3293 2694 3350 Gabriele, die vornehme Frau, mit dem Wunsch zur Sünde
511 3296 1057 3390 S. Fischer, Verlag. Berlin.
1548 3327 2705 3401 und der süßen, deren Neugier auf verbotene Früchte Wa¬
