3436 4320
222 193 1174 298 4.9. Anatol - Zyklus
308 754 598 853 Wenden!
818 758 1182 849 Telephon 1871.
1061 848 1174 939 e
295 839 1025 1005 „OBSERVE
372 973 1107 1030 I. österr. behördl. konz. Unternehmen
296 1013 1178 1081 für Zeitungs-Ausschnitte und Bibliographen
339 1070 1150 1173 Wien, I. Concordiaplatz 4
573 1153 919 1223 Vertretungen
296 1190 1173 1264 in Berlin, Budapest, Chicago, Christiania, Genf,
300 1253 1170 1296 Kopenhagen, London, Madrid, Mailand, Minne¬
303 1294 1179 1366 apolis, New-York, Paris, Rom, San Francisco,
506 1330 977 1387 Stockholm, St. Petersburg
512 1376 961 1454 (Quellenangabe ohne Gewähr.)
294 1434 983 1549 Ausschnitt audie Zeit, Wien
323 1670 1231 1759 „Anatol" in London. Man schreibt uns aus
305 1730 1231 1784 London, 12. d.: Als Kunstereignis für
305 1766 1232 1824 London gilt die Erstaufführung von fünf
309 1812 1232 1882 Szenen aus Arthur Schnitzlers „Anatol¬
305 1856 1233 1915 Zyklus am neueröffneten, reizend ausgestatteten
309 1901 1233 1964 Little Theatre unter Granville Barkers
303 1947 1227 1999 umsichtiger Regie und in seiner Uebertragung.
300 1989 1236 2041 Bisher konnten wir, wie berichtet, nur „Die
272 2021 1246 2112 Frage an das Schicksal", „Abschiedssuper" und
246 2139 1170 2192 „Hochzeitsmorgen" am Palace-Variété sehen.
249 2186 1179 2240 Der ungeheuerliche Bau und das intellektuell
246 2233 1182 2286 armselige Publikum sowie die traurige Um¬
1031 2275 1180 2331 misten
246 2286 968 2330 rahmung der Dialoge durch die
249 2306 1179 2378 Grotesken und widerlichsten Gassenhauer ließen
245 2373 1179 2420 uns dort nicht zum Genuß der einzelnen Szenen
246 2404 1186 2464 kommen. Der Eindruck im Little Theatre ist
246 2449 1182 2501 nun ein recht intimer, durch und durch künst¬
249 2491 1179 2545 lerischer, und Barker führt außer den genannten
246 2539 1164 2589 drei Szenen auch noch „Weihnachtsgeschenke
251 2583 1182 2630 und „Episode auf. Das Experiment, das
246 2633 1182 2679 wienerische Milieu nach Themsebabel ver¬
255 2668 1184 2722 pflanzen zu wollen, muß als ein recht kühnes,
255 2719 1184 2763 aber durchaus gelungenes bezeichnet werden.
255 2758 1182 2821 Bei der pruden Haltung des englischen Publi¬
251 2807 1184 2853 kums standen ablehnende Demonstrationen zu
246 2847 1179 2900 befürchten, doch ist die Aufnahme trotz der nach
251 2889 1188 2941 Londoner Begriffen außerordentlich gewagten
255 2940 1188 2989 Situationen eine warme und freundliche ge¬
251 2980 1184 3039 wesen. Die Darstellung war verhältnismäßig
260 3023 1182 3074 gut, am wienerischesten und überzeugendsten
255 3069 1184 3119 war die unwiderstehliche Lona der hochbegabten
258 3107 1184 3163 Miß Alice Crawford. Granville Barkers
258 3154 1184 3218 Anator ist zwar ein wenig schwerfällig, wirkt
255 3203 1184 3259 aber in den letzten Szenen um so besser, und
260 3241 1182 3297 Rigel Pläyfairs gutmütig-zynischer Max, der
258 3288 1182 3340 vom ersten bis zum letzten Dialog einschlug,
258 3335 1180 3402 ist eine prächtig abgerundete Leistung. „Anatol¬
246 3379 992 3437 wird jetzt zwei Wochen lang gespielt.
273 3406 1183 3495 Grillparzer=Gesellschaft. Heute Freitag, halb 8 Uhr
1339 193 1686 291 box 8/7
1943 964 2509 1075 Klose & Seidel
1771 1059 2599 1147 — Bureau für Zeitungsausschnitte.
1782 1108 2652 1211 Berlin No. 43, Georgenkirchplatz 211
1853 1213 2596 1309 (Liest die meisten Zeitungen und ist das
1851 1281 2590 1367 bestorganisierteste Bureau Deutschlands.)
1615 1401 1831 1514 Zeitung:
2031 1382 2641 1523 de Illustrated
1616 1525 1751 1608 Ort:
2195 1545 2615 1635 de
1606 1628 1802 1709 Datum:
2290 1629 2624 1741 123.75
1786 1829 2382 1905 THE PLAYHOUSES.
1733 1901 2485 1987 ANTOL." AT THE LITTLE THEATRE.
1586 1965 2598 2056 PLAYGOERS who can be content with light fare in
1660 2023 2601 2077 the theatre with a menu made up of hors d'œuvres
1575 2063 2599 2116 and soufflés and sorbets and savouries will find Arthur
1566 2093 2597 2150 Schnitzler’s sequence of dialogues named after their
1581 2130 2598 2195 philandering hero, Anatol, a very palatable enter¬
1572 2175 2596 2224 tainment. It is not for all tastes, and English folk who
1572 2213 2596 2263 relish only the roast beef and solid virtues of their own
1572 2248 2590 2302 country are likely to disapprove most heartily of Anatol.
1572 2290 2590 2347 For his morals, to say the least of it, are easy-going;
1571 2322 2596 2387 his attitude towards life curiously combines cynicism
1566 2370 2597 2416 and disillusionment with hectic mentality; he is a
1568 2409 2593 2449 shameless hedonist and libertine, and his sole preoccu¬
1572 2437 2589 2496 pation is the cult of love, which he samples freely with
1563 2485 2598 2531 a total lack of fidelity or continence. Withal, he is
1568 2517 2594 2568 so introspective and self-distrustful that, as his friend
1566 2548 2585 2602 Max tells him," all you think of today is your yester¬
1559 2602 2590 2647 day's remorse for the sins that you mean to commit
1566 2637 2589 2684 tomorrow." The Little Theatre is the right place in
1562 2682 2588 2742 which to watch the love experiences of this type of
1562 2703 2581 2771 Vienna's jeunesse dorée; Herr Schnitzlers wit and
1557 2757 2588 2807 subtle delicacy of analysis need that rapport between
1553 2781 2585 2848 audience and actors only to be secured in a théâtre
1559 2829 2579 2889 intime. We have been given three of these dialogues
1559 2864 2585 2922 one by one in the halls; they come out better in Miss
1557 2902 2581 2955 Kingston's dainty playhouse, and though we may think
1554 2938 2580 3000 listening to five of them is like dining off a number of
1559 2983 2579 3034 ansubstantial courses, yet they have a peculiar flavour
1550 3018 2576 3071 and piquancy of their own. Ot the new dialogues, "A
1553 3059 2579 3130 Christinas Present varies the series with a pretty
1557 3089 2544 3150 touch of sentient, but far the better is the Episode,
1556 3137 2579 3192 which shows Anatol paid out in his own coin, and
1550 3173 2576 3223 discovering himself to be not even a memory for one of
1554 3203 2576 3261 his former flames. Five separate sweethearts of his
1553 3241 2574 3308 figure in this sequence, and they are nicely differentiated
1553 3280 2571 3351 by Miss Gertrude Robins, Miss Katherine Pole, Miss
1550 3316 2570 3377 Dorothy Minto. Miss Alice Crawford, and the new
1548 3368 2572 3423 actress manageress. Miss Lillah McCarthy. The Anatol
1550 3395 2570 3459 is Mr. Granville Barker, who is responsible for the
1550 3431 2565 3498 idiomatic, but perhaps rather too slangy adaptation.
1557 3476 2570 3532 The intellectual and self-questioning side of the man
1545 3512 2578 3579 Mr. Barker hits off admirably, but he fails to suggest
1548 3548 2579 3601 the light-hearted amorist. Mr. Nigel Playfair as the
1545 3593 2469 3660 stolid Max gets much nearer the authoris intention.
1727 3638 2383 3683 Other Playhouse Notes on Art and Drama Page.
