<?xml version="1.0" encoding="UTF-8" standalone="yes"?>
<PcGts xmlns="http://schema.primaresearch.org/PAGE/gts/pagecontent/2013-07-15" xmlns:xsi="http://www.w3.org/2001/XMLSchema-instance" xsi:schemaLocation="http://schema.primaresearch.org/PAGE/gts/pagecontent/2013-07-15 http://schema.primaresearch.org/PAGE/gts/pagecontent/2013-07-15/pagecontent.xsd">
    <Metadata>
        <Creator>prov=READ-COOP:name=PyLaia@TranskribusPlatform:version=2.12.1:model_id=39995:lm=provided:date=29_03_2024_01:47</Creator>
        <Created>2019-10-07T11:50:34.373+02:00</Created>
        <LastChange>2024-03-29T01:47:19.494+01:00</LastChange>
        <TranskribusMetadata docId="223994" pageId="9505174" pageNr="264" tsid="156430317" status="IN_PROGRESS" userId="40391" imgUrl="https://files.transkribus.eu/Get?id=YKYIRGBQYGHMWOCTOXYLPUNA&amp;fileType=view" xmlUrl="https://files.transkribus.eu/Get?id=TIIVGAYAOHWCQDEEWJHWUNNT" imageId="6195388"/>
    </Metadata>
    <Page imageFilename="223994_0264.jpeg" imageWidth="3436" imageHeight="4256">
        <ReadingOrder>
            <OrderedGroup id="ro_1712662529414" caption="Regions reading order">
                <RegionRefIndexed index="0" regionRef="tr_1"/>
                <RegionRefIndexed index="1" regionRef="tr_2"/>
            </OrderedGroup>
        </ReadingOrder>
        <TextRegion orientation="0.0" id="tr_1" custom="readingOrder {index:0;}">
            <Coords points="265,186 265,4153 2202,4153 2202,186"/>
            <TextLine id="tr_1_tl_1" custom="readingOrder {index:0;}">
                <Coords points="1374,229 1447,233 1478,220 1544,236 1589,221 1626,241 1650,224 1725,228 1726,148 1668,134 1636,162 1498,142 1436,159 1412,146 1375,155"/>
                <Baseline points="1381,214 1407,214 1434,214 1461,214 1487,214 1514,214 1541,214 1567,214 1594,214 1621,214 1647,213 1674,212 1701,210 1728,208"/>
                <TextEquiv>
                    <Unicode>box 8/7</Unicode>
                </TextEquiv>
            </TextLine>
            <TextLine id="tr_1_tl_2" custom="readingOrder {index:1;}">
                <Coords points="258,233 772,235 859,206 985,253 1103,248 1103,163 1076,155 877,195 721,158 343,196 258,171"/>
                <Baseline points="265,220 307,226 349,226 391,228 433,229 475,229 517,229 559,227 601,224 643,223 685,222 727,220 769,218 811,210 853,207 895,217 937,220 979,225 1021,222 1063,220 1106,224"/>
                <TextEquiv>
                    <Unicode>4.9. Anatol - Zykl</Unicode>
                </TextEquiv>
            </TextLine>
            <TextLine id="tr_1_tl_3" custom="readingOrder {index:2;}">
                <Coords points="773,249 789,256 839,249 846,256 896,254 901,260 924,248 924,231 905,232 891,223 872,229 850,227 833,216 822,223 804,219 773,228"/>
                <Baseline points="781,241 809,241 838,241 867,241 896,241 925,241"/>
                <TextEquiv>
                    <Unicode></Unicode>
                </TextEquiv>
            </TextLine>
            <TextLine id="tr_1_tl_4" custom="readingOrder {index:3;}">
                <Coords points="312,535 441,497 1295,527 1295,452 1241,436 819,464 693,436 623,470 312,431"/>
                <Baseline points="319,507 370,501 422,500 473,498 525,498 576,498 628,498 679,498 731,497 782,495 834,495 885,497 937,498 988,495 1040,495 1091,496 1143,498 1194,498 1246,501 1298,501"/>
                <TextEquiv>
                    <Unicode>Bitte Rückseite beachten!</Unicode>
                </TextEquiv>
            </TextLine>
            <TextLine id="tr_1_tl_5" custom="readingOrder {index:4;}">
                <Coords points="924,601 1174,610 1221,593 1318,598 1308,524 1241,518 1192,538 1169,520 1047,547 1005,526 924,535"/>
                <Baseline points="931,567 956,569 982,570 1008,570 1034,570 1060,570 1086,570 1112,570 1137,570 1163,570 1189,570 1215,570 1241,570 1267,572 1293,573 1319,570"/>
                <TextEquiv>
                    <Unicode>Telephon 12.801.</Unicode>
                </TextEquiv>
            </TextLine>
            <TextLine id="tr_1_tl_6" custom="readingOrder {index:5;}">
                <Coords points="559,787 830,789 979,767 1059,781 1062,694 979,715 962,698 842,692 787,722 731,692 693,713 561,700"/>
                <Baseline points="567,761 593,764 619,764 645,763 671,762 697,761 723,761 749,759 775,759 801,762 827,762 853,759 879,755 905,752 931,746 957,750 983,752 1009,752 1035,752 1062,752"/>
                <TextEquiv>
                    <Unicode>SERVE</Unicode>
                </TextEquiv>
            </TextLine>
            <TextLine id="tr_1_tl_7" custom="readingOrder {index:6;}">
                <Coords points="303,859 1360,847 1360,797 1298,793 303,800"/>
                <Baseline points="310,841 362,841 415,841 467,841 520,841 573,840 625,838 678,838 731,838 783,838 836,838 889,838 941,838 994,836 1047,838 1099,838 1152,838 1205,838 1257,836 1310,835 1363,835"/>
                <TextEquiv>
                    <Unicode>I. österr. behördl. konz. Unternehmen für</Unicode>
                </TextEquiv>
            </TextLine>
            <TextLine id="tr_1_tl_8" custom="readingOrder {index:7;}">
                <Coords points="607,895 801,914 839,895 1055,893 1055,855 1001,843 968,859 935,839 905,862 607,851"/>
                <Baseline points="614,886 640,888 666,889 692,889 718,888 744,886 771,888 797,889 823,889 849,889 875,889 901,888 928,886 954,886 980,886 1006,886 1032,886 1059,886"/>
                <TextEquiv>
                    <Unicode>Zeitungsausschnitte</Unicode>
                </TextEquiv>
            </TextLine>
            <TextLine id="tr_1_tl_9" custom="readingOrder {index:8;}">
                <Coords points="327,968 1357,949 1325,902 1229,889 1066,920 1007,892 327,909"/>
                <Baseline points="334,943 385,943 436,944 487,946 539,946 590,944 641,943 693,946 744,943 795,943 847,943 898,943 949,943 1000,943 1052,943 1103,943 1154,943 1206,943 1257,941 1308,940 1360,940"/>
                <TextEquiv>
                    <Unicode>Wien, I., Konkordiaplatz 4.</Unicode>
                </TextEquiv>
            </TextLine>
            <TextLine id="tr_1_tl_10" custom="readingOrder {index:9;}">
                <Coords points="711,1007 783,999 797,1011 839,997 880,1011 967,1005 967,968 922,967 906,951 875,970 839,957 780,964 750,955 735,964 711,955"/>
                <Baseline points="719,993 744,993 769,993 794,993 819,993 844,993 869,994 894,996 919,995 944,993 969,993"/>
                <TextEquiv>
                    <Unicode>Vertretungen</Unicode>
                </TextEquiv>
            </TextLine>
            <TextLine id="tr_1_tl_11" custom="readingOrder {index:10;}">
                <Coords points="315,1043 1357,1049 1356,987 1254,972 1113,1008 315,993"/>
                <Baseline points="322,1035 373,1035 425,1035 477,1035 529,1035 581,1035 633,1035 685,1032 737,1032 789,1032 841,1034 892,1035 944,1032 996,1032 1048,1032 1100,1032 1152,1032 1204,1032 1256,1032 1308,1032 1360,1035"/>
                <TextEquiv>
                    <Unicode>in Berlin, Basel, Budapest, Chicago, Cleveland, Christiania,</Unicode>
                </TextEquiv>
            </TextLine>
            <TextLine id="tr_1_tl_12" custom="readingOrder {index:11;}">
                <Coords points="318,1082 1350,1080 1328,1038 318,1043"/>
                <Baseline points="325,1074 376,1074 427,1074 479,1074 530,1074 582,1072 633,1074 685,1074 736,1074 788,1074 839,1073 890,1073 942,1074 993,1071 1045,1071 1096,1071 1148,1071 1199,1071 1251,1071 1302,1071 1354,1071"/>
                <TextEquiv>
                    <Unicode>Genf, Kopenhagen, London, Madrid, Mailand, Minneapolis,</Unicode>
                </TextEquiv>
            </TextLine>
            <TextLine id="tr_1_tl_13" custom="readingOrder {index:12;}">
                <Coords points="320,1136 1200,1116 1265,1146 1350,1117 1350,1080 1283,1076 320,1080"/>
                <Baseline points="328,1113 379,1113 430,1113 481,1113 533,1113 584,1113 635,1113 687,1113 738,1110 789,1110 841,1110 892,1112 943,1113 994,1110 1046,1113 1097,1110 1148,1110 1200,1110 1251,1110 1302,1110 1354,1104"/>
                <TextEquiv>
                    <Unicode>New-York, Paris, Rom, San Francisco, Stockholm, St. Peters¬</Unicode>
                </TextEquiv>
            </TextLine>
            <TextLine id="tr_1_tl_14" custom="readingOrder {index:13;}">
                <Coords points="706,1153 731,1169 743,1162 785,1175 818,1159 848,1173 896,1157 924,1173 975,1159 975,1128 938,1117 902,1128 834,1113 806,1126 740,1117 706,1126"/>
                <Baseline points="713,1146 739,1149 766,1152 792,1152 819,1152 845,1152 872,1150 898,1149 925,1149 951,1149 978,1149"/>
                <TextEquiv>
                    <Unicode>burg, Toronto.</Unicode>
                </TextEquiv>
            </TextLine>
            <TextLine id="tr_1_tl_15" custom="readingOrder {index:14;}">
                <Coords points="560,1220 1116,1224 1116,1177 976,1155 896,1184 819,1158 714,1184 665,1165 560,1173"/>
                <Baseline points="567,1211 594,1208 622,1208 649,1208 677,1208 705,1208 732,1208 760,1208 787,1208 815,1208 843,1208 870,1208 898,1208 925,1206 953,1205 981,1205 1008,1207 1036,1208 1063,1206 1091,1206 1119,1208"/>
                <TextEquiv>
                    <Unicode>(Quellenangabe ohne Gewähr).</Unicode>
                </TextEquiv>
            </TextLine>
            <TextLine id="tr_1_tl_16" custom="readingOrder {index:15;}">
                <Coords points="320,1283 1314,1285 1298,1203 321,1236"/>
                <Baseline points="328,1277 377,1274 426,1274 476,1274 525,1274 575,1271 624,1270 673,1263 723,1256 772,1258 822,1259 871,1261 920,1262 970,1262 1019,1262 1069,1263 1118,1265 1167,1264 1217,1264 1266,1265 1316,1265"/>
                <TextEquiv>
                    <Unicode>Ausschnitt aus Morning Post, London</Unicode>
                </TextEquiv>
            </TextLine>
            <TextLine id="tr_1_tl_17" custom="readingOrder {index:16;}">
                <Coords points="581,1341 681,1357 725,1346 764,1373 796,1362 812,1373 854,1365 850,1312 752,1271 735,1267 714,1283 688,1274 630,1287 607,1275 577,1283"/>
                <Baseline points="587,1328 613,1330 640,1332 667,1333 694,1335 721,1337 748,1340 775,1343 802,1343 829,1344 856,1346"/>
                <TextEquiv>
                    <Unicode>6</Unicode>
                </TextEquiv>
            </TextLine>
            <TextLine id="tr_1_tl_18" custom="readingOrder {index:17;}">
                <Coords points="320,1391 336,1398 347,1393 354,1398 408,1398 422,1387 431,1397 437,1397 437,1361 424,1357 414,1368 408,1362 399,1364 379,1357 369,1348 357,1352 341,1345 331,1356 320,1356"/>
                <Baseline points="328,1390 356,1390 384,1390 412,1390 441,1390"/>
                <TextEquiv>
                    <Unicode>vom</Unicode>
                </TextEquiv>
            </TextLine>
            <TextLine id="tr_1_tl_19" custom="readingOrder {index:18;}">
                <Coords points="431,1441 1190,1447 1190,1408 431,1377"/>
                <Baseline points="438,1438 475,1438 513,1438 551,1438 589,1438 626,1438 664,1438 702,1438 740,1438 777,1438 815,1439 853,1441 891,1441 928,1441 966,1439 1004,1438 1042,1438 1079,1438 1117,1438 1155,1438 1193,1438"/>
                <TextEquiv>
                    <Unicode>Bug, Miss Gilian Scaife, and Miss Eva More.</Unicode>
                </TextEquiv>
            </TextLine>
            <TextLine id="tr_1_tl_20" custom="readingOrder {index:19;}">
                <Coords points="437,1486 1316,1486 1316,1448 1211,1435 437,1451"/>
                <Baseline points="444,1477 487,1477 531,1477 575,1478 619,1479 662,1477 706,1478 750,1479 794,1477 837,1478 881,1480 925,1479 969,1477 1012,1477 1056,1477 1100,1477 1144,1477 1187,1477 1231,1477 1275,1477 1319,1474"/>
                <TextEquiv>
                    <Unicode>At the Little Theatre as from Saturday Mr. Granville</Unicode>
                </TextEquiv>
            </TextLine>
            <TextLine id="tr_1_tl_21" custom="readingOrder {index:20;}">
                <Coords points="433,1531 1319,1519 1319,1490 1265,1480 765,1505 433,1481"/>
                <Baseline points="441,1522 485,1516 529,1516 573,1517 617,1519 661,1519 705,1519 749,1518 793,1516 837,1517 881,1519 925,1516 969,1516 1013,1516 1057,1516 1101,1516 1145,1516 1189,1516 1233,1516 1277,1516 1322,1513"/>
                <TextEquiv>
                    <Unicode>Parker will givo, in addition to the three Schnitzler</Unicode>
                </TextEquiv>
            </TextLine>
            <TextLine id="tr_1_tl_22" custom="readingOrder {index:21;}">
                <Coords points="428,1560 1324,1560 1324,1518 428,1534"/>
                <Baseline points="435,1557 479,1554 524,1554 568,1554 613,1557 658,1557 702,1557 747,1557 792,1557 836,1557 881,1557 926,1551 970,1554 1015,1554 1060,1554 1104,1554 1149,1557 1194,1554 1238,1554 1283,1554 1328,1554"/>
                <TextEquiv>
                    <Unicode>sketches “Ask No Questions," arweli Supper, and</Unicode>
                </TextEquiv>
            </TextLine>
            <TextLine id="tr_1_tl_23" custom="readingOrder {index:22;}">
                <Coords points="433,1592 1316,1606 1316,1560 1244,1555 881,1589 433,1564"/>
                <Baseline points="441,1587 484,1593 528,1596 572,1596 616,1596 660,1596 704,1596 748,1596 792,1596 836,1598 880,1597 923,1594 967,1593 1011,1595 1055,1594 1099,1593 1143,1593 1187,1593 1231,1593 1275,1593 1319,1593"/>
                <TextEquiv>
                    <Unicode>The wedding Morning, recently produced at the</Unicode>
                </TextEquiv>
            </TextLine>
            <TextLine id="tr_1_tl_24" custom="readingOrder {index:23;}">
                <Coords points="424,1650 1321,1640 1270,1598 424,1599"/>
                <Baseline points="432,1632 476,1635 521,1635 565,1635 610,1635 655,1635 699,1635 744,1635 789,1635 833,1635 878,1635 923,1632 967,1632 1012,1632 1057,1635 1101,1632 1146,1635 1191,1632 1235,1629 1280,1632 1325,1629"/>
                <TextEquiv>
                    <Unicode>Palace, two other sketches, of which "An Episode is</Unicode>
                </TextEquiv>
            </TextLine>
            <TextLine id="tr_1_tl_25" custom="readingOrder {index:24;}">
                <Coords points="437,1686 1319,1680 1319,1643 1242,1638 437,1646"/>
                <Baseline points="444,1677 487,1674 531,1675 575,1676 619,1674 663,1674 707,1674 751,1674 795,1674 839,1674 883,1673 926,1671 970,1674 1014,1671 1058,1671 1102,1674 1146,1674 1190,1674 1234,1671 1278,1671 1322,1674"/>
                <TextEquiv>
                    <Unicode>probably one. Miss McCarthy will give some matinées of</Unicode>
                </TextEquiv>
            </TextLine>
            <TextLine id="tr_1_tl_26" custom="readingOrder {index:25;}">
                <Coords points="433,1710 1316,1722 1316,1681 433,1688"/>
                <Baseline points="441,1704 484,1710 528,1713 572,1713 616,1713 660,1710 704,1713 748,1713 792,1713 836,1713 880,1713 923,1713 967,1711 1011,1710 1055,1710 1099,1710 1143,1712 1187,1713 1231,1711 1275,1710 1319,1710"/>
                <TextEquiv>
                    <Unicode>Nan, and occo, latelsen at the Court, and there</Unicode>
                </TextEquiv>
            </TextLine>
            <TextLine id="tr_1_tl_27" custom="readingOrder {index:26;}">
                <Coords points="431,1756 1316,1768 1316,1721 431,1718"/>
                <Baseline points="438,1751 482,1751 526,1751 570,1751 614,1751 658,1751 702,1751 746,1751 790,1751 834,1751 878,1751 922,1751 966,1749 1010,1748 1054,1748 1098,1748 1142,1748 1186,1748 1230,1750 1274,1751 1319,1751"/>
                <TextEquiv>
                    <Unicode>is some prospect of Messe. Granville Barker, Bernard Shaw,</Unicode>
                </TextEquiv>
            </TextLine>
            <TextLine id="tr_1_tl_28" custom="readingOrder {index:27;}">
                <Coords points="431,1797 1325,1804 1295,1763 431,1760"/>
                <Baseline points="438,1790 482,1790 527,1790 571,1790 616,1790 660,1790 705,1790 749,1790 794,1787 838,1790 883,1790 927,1787 972,1787 1016,1787 1061,1790 1105,1790 1150,1790 1194,1790 1239,1793 1283,1790 1328,1790"/>
                <TextEquiv>
                    <Unicode>and John Galsworthy who played such important parts</Unicode>
                </TextEquiv>
            </TextLine>
            <TextLine id="tr_1_tl_29" custom="readingOrder {index:28;}">
                <Coords points="430,1841 1285,1842 1316,1797 431,1797"/>
                <Baseline points="438,1826 482,1829 526,1829 570,1829 614,1829 658,1829 702,1829 746,1829 790,1829 834,1829 878,1829 922,1827 966,1826 1010,1826 1054,1826 1098,1828 1142,1829 1186,1827 1230,1828 1274,1829 1319,1829"/>
                <TextEquiv>
                    <Unicode>in the Repertory Theatre of last year-taking over the</Unicode>
                </TextEquiv>
            </TextLine>
            <TextLine id="tr_1_tl_30" custom="readingOrder {index:29;}">
                <Coords points="433,1871 1312,1880 1312,1844 1274,1834 433,1839"/>
                <Baseline points="441,1868 484,1868 528,1868 572,1868 616,1868 659,1868 703,1868 747,1868 791,1868 834,1866 878,1867 922,1868 966,1868 1009,1868 1053,1866 1097,1867 1141,1866 1184,1867 1228,1868 1272,1868 1316,1868"/>
                <TextEquiv>
                    <Unicode>direction of the theatre. By the way, the little Sunday</Unicode>
                </TextEquiv>
            </TextLine>
            <TextLine id="tr_1_tl_31" custom="readingOrder {index:30;}">
                <Coords points="431,1916 1325,1920 1325,1868 1097,1893 431,1872"/>
                <Baseline points="438,1904 482,1907 527,1907 571,1907 616,1907 660,1907 705,1907 749,1907 794,1907 838,1907 883,1907 927,1904 972,1904 1016,1904 1061,1904 1105,1907 1150,1904 1194,1904 1239,1907 1283,1907 1328,1907"/>
                <TextEquiv>
                    <Unicode>Club explains that it is in no sense a gathering of</Unicode>
                </TextEquiv>
            </TextLine>
            <TextLine id="tr_1_tl_32" custom="readingOrder {index:31;}">
                <Coords points="424,1943 1319,1958 1289,1913 424,1924"/>
                <Baseline points="432,1942 476,1942 521,1945 565,1945 610,1945 654,1945 699,1945 743,1945 788,1945 832,1942 877,1945 921,1945 966,1942 1010,1945 1055,1942 1099,1945 1144,1942 1188,1942 1233,1942 1277,1942 1322,1942"/>
                <TextEquiv>
                    <Unicode>students of the Drama with highart ideals, but merely a</Unicode>
                </TextEquiv>
            </TextLine>
            <TextLine id="tr_1_tl_33" custom="readingOrder {index:32;}">
                <Coords points="428,1993 671,1984 839,2020 946,1988 1312,1997 1282,1951 428,1951"/>
                <Baseline points="435,1981 479,1984 523,1984 567,1984 611,1984 655,1984 699,1984 743,1984 787,1984 831,1984 875,1984 919,1984 963,1984 1007,1984 1051,1984 1095,1982 1139,1983 1183,1984 1227,1984 1271,1984 1316,1984"/>
                <TextEquiv>
                    <Unicode>soci, ub for those who dere to be omused after dinner</Unicode>
                </TextEquiv>
            </TextLine>
            <TextLine id="tr_1_tl_34" custom="readingOrder {index:33;}">
                <Coords points="419,2032 462,2038 498,2029 522,2041 564,2029 597,2042 648,2032 656,2041 681,2033 682,1987 630,2003 572,1988 540,2004 523,1987 448,1999 420,1983"/>
                <Baseline points="426,2023 451,2023 477,2023 503,2023 528,2023 554,2023 580,2023 605,2023 631,2023 657,2022 683,2020"/>
                <TextEquiv>
                    <Unicode>on the Sabbath.</Unicode>
                </TextEquiv>
            </TextLine>
            <TextLine id="tr_1_tl_35" custom="readingOrder {index:34;}">
                <Coords points="532,2074 1041,2097 1107,2063 1304,2066 1304,2030 1202,2017 924,2046 532,2034"/>
                <Baseline points="540,2053 578,2053 616,2055 655,2056 693,2057 731,2059 770,2059 808,2059 846,2062 885,2062 923,2062 961,2062 1000,2061 1038,2059 1076,2062 1115,2062 1153,2060 1191,2059 1230,2059 1268,2059 1307,2056"/>
                <TextEquiv>
                    <Unicode>testimonial matinée to the</Unicode>
                </TextEquiv>
            </TextLine>
            <TextLine id="tr_1_tl_36" custom="readingOrder {index:35;}">
                <Coords points="1088,2320 1335,2285 2108,2292 2108,2231 2061,2208 1785,2242 1088,2232"/>
                <Baseline points="1095,2292 1145,2288 1196,2284 1247,2281 1298,2280 1348,2280 1399,2280 1450,2277 1501,2277 1551,2275 1602,2276 1653,2275 1704,2274 1754,2274 1805,2274 1856,2273 1907,2272 1957,2274 2008,2278 2059,2280 2110,2283"/>
                <TextEquiv>
                    <Unicode>Bitte Rückseite beachten!</Unicode>
                </TextEquiv>
            </TextLine>
            <TextLine id="tr_1_tl_37" custom="readingOrder {index:36;}">
                <Coords points="1676,2385 2083,2373 2083,2315 2049,2304 1860,2324 1744,2285 1677,2300"/>
                <Baseline points="1683,2354 1708,2351 1733,2348 1758,2348 1783,2348 1808,2348 1834,2347 1859,2345 1884,2345 1909,2345 1934,2345 1960,2345 1985,2345 2010,2345 2035,2345 2060,2345 2086,2345"/>
                <TextEquiv>
                    <Unicode>Telephon 12.801.</Unicode>
                </TextEquiv>
            </TextLine>
            <TextLine id="tr_1_tl_38" custom="readingOrder {index:37;}">
                <Coords points="1335,2560 1627,2563 1736,2543 1843,2559 1844,2491 1814,2477 1735,2507 1647,2490 1613,2511 1569,2490 1516,2520 1427,2481 1337,2474"/>
                <Baseline points="1343,2536 1368,2535 1393,2538 1418,2539 1443,2539 1469,2539 1494,2539 1519,2537 1544,2536 1569,2536 1595,2535 1620,2533 1645,2530 1670,2527 1695,2529 1721,2530 1746,2530 1771,2531 1796,2533 1821,2533 1847,2533"/>
                <TextEquiv>
                    <Unicode>BSERVE</Unicode>
                </TextEquiv>
            </TextLine>
            <TextLine id="tr_1_tl_39" custom="readingOrder {index:38;}">
                <Coords points="1072,2646 2121,2632 2096,2552 2034,2593 1893,2551 1689,2599 1439,2561 1072,2588"/>
                <Baseline points="1080,2623 1132,2620 1184,2620 1236,2620 1289,2620 1341,2618 1393,2617 1445,2617 1498,2617 1550,2614 1602,2614 1654,2614 1707,2614 1759,2614 1811,2614 1863,2614 1916,2614 1968,2614 2020,2612 2072,2613 2125,2614"/>
                <TextEquiv>
                    <Unicode>I. österr. behördl. konz. Unternehmen für</Unicode>
                </TextEquiv>
            </TextLine>
            <TextLine id="tr_1_tl_40" custom="readingOrder {index:39;}">
                <Coords points="1368,2688 1821,2671 1821,2628 1790,2623 1368,2630"/>
                <Baseline points="1375,2665 1401,2665 1427,2665 1454,2665 1480,2665 1506,2665 1533,2665 1559,2665 1585,2665 1612,2664 1638,2662 1664,2662 1691,2662 1717,2662 1743,2662 1770,2662 1796,2661 1823,2659"/>
                <TextEquiv>
                    <Unicode>Zeitungsausschnitte</Unicode>
                </TextEquiv>
            </TextLine>
            <TextLine id="tr_1_tl_41" custom="readingOrder {index:40;}">
                <Coords points="1088,2730 2121,2730 2121,2688 2034,2665 1088,2690"/>
                <Baseline points="1095,2718 1146,2721 1198,2721 1249,2722 1301,2724 1352,2722 1404,2721 1455,2721 1507,2718 1558,2718 1610,2718 1661,2718 1713,2718 1764,2718 1816,2718 1867,2718 1919,2717 1970,2715 2022,2717 2073,2715 2125,2715"/>
                <TextEquiv>
                    <Unicode>Wien, I., Konkordiaplatz 4.</Unicode>
                </TextEquiv>
            </TextLine>
            <TextLine id="tr_1_tl_42" custom="readingOrder {index:41;}">
                <Coords points="1476,2781 1501,2790 1514,2780 1552,2777 1564,2787 1584,2775 1680,2788 1725,2777 1725,2746 1638,2748 1603,2738 1572,2747 1557,2736 1520,2742 1476,2726"/>
                <Baseline points="1483,2772 1510,2772 1537,2770 1564,2769 1591,2769 1619,2771 1646,2772 1673,2772 1700,2771 1728,2769"/>
                <TextEquiv>
                    <Unicode>Vertretungen</Unicode>
                </TextEquiv>
            </TextLine>
            <TextLine id="tr_1_tl_43" custom="readingOrder {index:42;}">
                <Coords points="1084,2826 2119,2821 2120,2764 1875,2739 1809,2784 1084,2783"/>
                <Baseline points="1092,2817 1143,2814 1195,2814 1246,2813 1298,2811 1349,2811 1401,2811 1452,2811 1504,2808 1555,2808 1607,2808 1658,2810 1710,2809 1761,2808 1813,2808 1864,2808 1916,2808 1967,2808 2019,2808 2070,2808 2122,2808"/>
                <TextEquiv>
                    <Unicode>in Berlin, Basel, Budapest, Chicago, Cleveland, Christiania,</Unicode>
                </TextEquiv>
            </TextLine>
            <TextLine id="tr_1_tl_44" custom="readingOrder {index:43;}">
                <Coords points="1084,2860 2120,2859 2092,2812 1086,2826"/>
                <Baseline points="1092,2856 1143,2853 1195,2853 1246,2853 1298,2851 1350,2850 1401,2850 1453,2850 1505,2850 1556,2849 1608,2847 1660,2847 1711,2849 1763,2847 1815,2847 1866,2847 1918,2847 1970,2847 2021,2847 2073,2844 2125,2850"/>
                <TextEquiv>
                    <Unicode>Genf, Kopenhagen, London, Madrid, Mailand, Minneapolis,</Unicode>
                </TextEquiv>
            </TextLine>
            <TextLine id="tr_1_tl_45" custom="readingOrder {index:44;}">
                <Coords points="1076,2924 2116,2902 2101,2851 1078,2867"/>
                <Baseline points="1083,2895 1134,2892 1186,2892 1238,2892 1290,2892 1342,2892 1393,2892 1445,2889 1497,2886 1549,2888 1601,2886 1652,2886 1704,2886 1756,2886 1808,2886 1860,2886 1911,2886 1963,2886 2015,2886 2067,2883 2119,2883"/>
                <TextEquiv>
                    <Unicode>New-York, Paris, Rom, San Francisco, Stockholm, St. Peters¬</Unicode>
                </TextEquiv>
            </TextLine>
            <TextLine id="tr_1_tl_46" custom="readingOrder {index:45;}">
                <Coords points="1476,2955 1527,2958 1602,2931 1744,2947 1744,2908 1713,2893 1678,2901 1661,2892 1642,2902 1588,2893 1569,2909 1527,2893 1510,2900 1491,2889 1476,2898"/>
                <Baseline points="1483,2924 1509,2926 1536,2927 1562,2927 1589,2926 1615,2924 1642,2926 1668,2927 1695,2925 1721,2925 1748,2927"/>
                <TextEquiv>
                    <Unicode>burg, Toronto.</Unicode>
                </TextEquiv>
            </TextLine>
            <TextLine id="tr_1_tl_47" custom="readingOrder {index:46;}">
                <Coords points="1324,3014 1603,3012 1688,2991 1880,3009 1864,2938 1324,2955"/>
                <Baseline points="1331,2984 1358,2984 1386,2984 1413,2984 1441,2984 1469,2984 1496,2984 1524,2984 1551,2984 1579,2984 1607,2984 1634,2984 1662,2984 1689,2984 1717,2984 1745,2984 1772,2984 1800,2984 1827,2984 1855,2984 1883,2984"/>
                <TextEquiv>
                    <Unicode>(Quellenangabe ohne Gewähr).</Unicode>
                </TextEquiv>
            </TextLine>
            <TextLine id="tr_1_tl_48" custom="readingOrder {index:47;}">
                <Coords points="1079,3074 1140,3062 1173,3076 1245,3075 1339,3050 1428,3063 1440,3059 1441,3022 1403,3008 1307,3022 1286,3009 1260,3020 1213,3008 1186,3025 1149,3007 1123,3025 1080,3024"/>
                <Baseline points="1086,3056 1111,3056 1137,3056 1162,3054 1188,3053 1213,3053 1239,3052 1265,3050 1290,3050 1316,3050 1341,3050 1367,3050 1392,3050 1418,3049 1444,3047"/>
                <TextEquiv>
                    <Unicode>Ausschnitt aus:</Unicode>
                </TextEquiv>
            </TextLine>
            <TextLine id="tr_1_tl_49" custom="readingOrder {index:48;}">
                <Coords points="1204,3122 1278,3101 1406,3101 1477,3136 1577,3105 1788,3130 1904,3109 1902,3042 1796,3079 1545,3037 1498,3066 1203,3067"/>
                <Baseline points="1211,3092 1245,3094 1280,3095 1315,3095 1350,3095 1385,3095 1419,3095 1454,3096 1489,3097 1524,3097 1559,3097 1593,3097 1628,3098 1663,3100 1698,3100 1733,3102 1767,3104 1802,3105 1837,3100 1872,3102 1907,3100"/>
                <TextEquiv>
                    <Unicode>Reichenberger Zeitung, ei</Unicode>
                </TextEquiv>
            </TextLine>
            <TextLine id="tr_1_tl_50" custom="readingOrder {index:49;}">
                <Coords points="1310,3195 1821,3190 1817,3130 1763,3148 1685,3116 1607,3140 1531,3111 1477,3136 1306,3108"/>
                <Baseline points="1316,3154 1341,3154 1366,3154 1392,3156 1417,3159 1442,3162 1468,3163 1493,3163 1518,3163 1544,3164 1569,3167 1594,3170 1620,3171 1645,3172 1670,3172 1696,3173 1721,3175 1746,3175 1772,3176 1797,3177 1823,3175"/>
                <TextEquiv>
                    <Unicode>M. Abendblatt</Unicode>
                </TextEquiv>
            </TextLine>
            <TextLine id="tr_1_tl_51" custom="readingOrder {index:50;}">
                <Coords points="1079,3170 1100,3178 1138,3174 1169,3178 1187,3170 1207,3175 1208,3129 1194,3120 1180,3119 1173,3111 1167,3115 1149,3109 1129,3111 1116,3100 1082,3105"/>
                <Baseline points="1086,3169 1111,3169 1136,3168 1161,3166 1186,3166 1211,3166"/>
                <TextEquiv>
                    <Unicode>vom</Unicode>
                </TextEquiv>
            </TextLine>
            <TextLine id="tr_1_tl_52" custom="readingOrder {index:51;}">
                <Coords points="1678,3360 1698,3364 1709,3357 1735,3365 1748,3353 1771,3366 1809,3358 1818,3366 1830,3360 1864,3368 1864,3283 1819,3292 1801,3306 1719,3292 1678,3303"/>
                <Baseline points="1686,3345 1712,3347 1738,3348 1764,3348 1790,3348 1816,3348 1842,3348 1868,3345"/>
                <TextEquiv>
                    <Unicode>Theater.</Unicode>
                </TextEquiv>
            </TextLine>
            <TextLine id="tr_1_tl_53" custom="readingOrder {index:52;}">
                <Coords points="1333,3449 1411,3419 1614,3444 1839,3415 2159,3443 2158,3387 1842,3361 1763,3393 1499,3368 1332,3399"/>
                <Baseline points="1340,3414 1381,3411 1422,3414 1463,3414 1504,3414 1545,3414 1586,3414 1628,3414 1669,3414 1710,3414 1751,3414 1792,3414 1833,3414 1874,3414 1916,3414 1957,3414 1998,3414 2039,3414 2080,3416 2121,3418 2163,3417"/>
                <TextEquiv>
                    <Unicode>Aus dem Londoner Theaterleben.</Unicode>
                </TextEquiv>
            </TextLine>
            <TextLine id="tr_1_tl_54" custom="readingOrder {index:53;}">
                <Coords points="1631,3507 1809,3491 1866,3514 1931,3493 2095,3505 2112,3490 2159,3507 2159,3443 2111,3428 1987,3444 1937,3429 1827,3453 1780,3433 1631,3440"/>
                <Baseline points="1638,3477 1664,3479 1690,3480 1716,3480 1743,3480 1769,3480 1795,3480 1821,3480 1848,3480 1874,3480 1900,3480 1926,3480 1953,3480 1979,3481 2005,3482 2031,3480 2058,3481 2084,3482 2110,3484 2136,3484 2163,3482"/>
                <TextEquiv>
                    <Unicode>London, Anfang März.</Unicode>
                </TextEquiv>
            </TextLine>
            <TextLine id="tr_1_tl_55" custom="readingOrder {index:54;}">
                <Coords points="1398,3551 2194,3555 2194,3509 2112,3494 1962,3527 1767,3494 1398,3503"/>
                <Baseline points="1405,3542 1444,3545 1484,3545 1523,3545 1563,3545 1602,3545 1642,3545 1681,3545 1721,3545 1760,3548 1800,3548 1840,3546 1879,3547 1919,3548 1958,3547 1998,3546 2037,3548 2077,3548 2116,3548 2156,3548 2196,3548"/>
                <TextEquiv>
                    <Unicode>Die Aufführung der letzten Szene aus</Unicode>
                </TextEquiv>
            </TextLine>
            <TextLine id="tr_1_tl_56" custom="readingOrder {index:55;}">
                <Coords points="1341,3610 2190,3609 2179,3556 1818,3581 1779,3553 1511,3553 1474,3582 1374,3531 1341,3547"/>
                <Baseline points="1349,3593 1391,3596 1433,3593 1475,3591 1517,3595 1560,3596 1602,3596 1644,3596 1686,3596 1728,3595 1771,3596 1813,3598 1855,3596 1897,3596 1939,3596 1982,3596 2024,3596 2066,3596 2108,3599 2150,3599 2193,3596"/>
                <TextEquiv>
                    <Unicode>Artur Schnitzlers „Anatol"-Zyklus</Unicode>
                </TextEquiv>
            </TextLine>
            <TextLine id="tr_1_tl_57" custom="readingOrder {index:56;}">
                <Coords points="1341,3653 2190,3665 2173,3605 1340,3615"/>
                <Baseline points="1349,3647 1391,3644 1433,3644 1475,3644 1517,3646 1560,3645 1602,3642 1644,3643 1686,3644 1728,3645 1771,3646 1813,3644 1855,3644 1897,3644 1939,3644 1982,3644 2024,3647 2066,3647 2108,3650 2150,3650 2193,3650"/>
                <TextEquiv>
                    <Unicode>„Anatols Hochzeitsmorgen" (in</Unicode>
                </TextEquiv>
            </TextLine>
            <TextLine id="tr_1_tl_58" custom="readingOrder {index:57;}">
                <Coords points="1345,3703 2161,3719 2190,3669 1344,3653"/>
                <Baseline points="1352,3691 1394,3691 1436,3691 1478,3691 1520,3693 1562,3692 1604,3691 1646,3691 1688,3691 1730,3691 1772,3692 1814,3694 1856,3693 1898,3691 1940,3691 1982,3694 2024,3694 2066,3694 2108,3697 2150,3697 2193,3700"/>
                <TextEquiv>
                    <Unicode>der ausgezeichneten englischen Übertragung</Unicode>
                </TextEquiv>
            </TextLine>
            <TextLine id="tr_1_tl_59" custom="readingOrder {index:58;}">
                <Coords points="1345,3755 2200,3765 2199,3715 2134,3703 1837,3702 1794,3730 1711,3698 1344,3705"/>
                <Baseline points="1352,3736 1394,3742 1437,3742 1479,3739 1522,3741 1564,3742 1607,3742 1649,3740 1692,3739 1734,3741 1777,3744 1819,3744 1862,3742 1904,3742 1947,3742 1989,3742 2032,3742 2074,3742 2117,3745 2159,3745 2202,3751"/>
                <TextEquiv>
                    <Unicode>Granville Barkers: „Anatols Wedding</Unicode>
                </TextEquiv>
            </TextLine>
            <TextLine id="tr_1_tl_60" custom="readingOrder {index:59;}">
                <Coords points="1341,3805 2187,3802 2187,3763 2132,3748 1341,3755"/>
                <Baseline points="1349,3790 1391,3790 1433,3790 1475,3792 1517,3793 1559,3793 1601,3791 1643,3790 1685,3790 1727,3790 1769,3790 1811,3790 1853,3790 1895,3790 1937,3790 1979,3790 2021,3790 2063,3793 2105,3793 2147,3796 2190,3793"/>
                <TextEquiv>
                    <Unicode>Morning") entfesselte in der brillanten Wie¬</Unicode>
                </TextEquiv>
            </TextLine>
            <TextLine id="tr_1_tl_61" custom="readingOrder {index:60;}">
                <Coords points="1339,3839 2101,3862 2187,3851 2187,3813 1337,3804"/>
                <Baseline points="1346,3838 1388,3841 1430,3838 1472,3840 1514,3841 1557,3839 1599,3840 1641,3839 1683,3838 1725,3838 1768,3838 1810,3838 1852,3839 1894,3841 1936,3841 1979,3841 2021,3841 2063,3841 2105,3844 2147,3844 2190,3841"/>
                <TextEquiv>
                    <Unicode>dergabe am Palace-Variété einen enthusia¬</Unicode>
                </TextEquiv>
            </TextLine>
            <TextLine id="tr_1_tl_62" custom="readingOrder {index:61;}">
                <Coords points="1333,3926 1497,3893 2196,3904 2196,3858 2166,3852 1478,3863 1333,3838"/>
                <Baseline points="1340,3894 1385,3891 1430,3891 1475,3891 1520,3891 1566,3891 1611,3891 1656,3888 1701,3888 1746,3891 1792,3891 1837,3888 1882,3888 1927,3888 1972,3891 2018,3891 2063,3894 2108,3894 2153,3894 2199,3894"/>
                <TextEquiv>
                    <Unicode>sischen Erfolg, der den der beiden früher</Unicode>
                </TextEquiv>
            </TextLine>
            <TextLine id="tr_1_tl_63" custom="readingOrder {index:62;}">
                <Coords points="1327,3978 1565,3939 1624,3964 1731,3938 2196,3958 2187,3902 1327,3908"/>
                <Baseline points="1334,3945 1377,3940 1420,3939 1463,3939 1507,3939 1550,3939 1593,3939 1636,3939 1680,3939 1723,3939 1766,3940 1809,3942 1853,3941 1896,3939 1939,3939 1982,3939 2026,3942 2069,3942 2112,3942 2155,3942 2199,3942"/>
                <TextEquiv>
                    <Unicode>gebrachten Szenen „Die Frage an das</Unicode>
                </TextEquiv>
            </TextLine>
            <TextLine id="tr_1_tl_64" custom="readingOrder {index:63;}">
                <Coords points="1333,3988 2196,3995 2171,3951 1333,3963"/>
                <Baseline points="1340,3987 1385,3987 1430,3987 1475,3990 1520,3990 1566,3990 1611,3990 1656,3990 1701,3987 1746,3987 1792,3987 1837,3987 1882,3987 1927,3990 1972,3990 2018,3990 2063,3990 2108,3993 2153,3992 2199,3990"/>
                <TextEquiv>
                    <Unicode>Schicksal" und „Abschieds=Souper" bei wei¬</Unicode>
                </TextEquiv>
            </TextLine>
            <TextLine id="tr_1_tl_65" custom="readingOrder {index:64;}">
                <Coords points="1341,4046 2192,4061 2192,4010 2161,4000 1341,3991"/>
                <Baseline points="1349,4038 1391,4038 1433,4038 1476,4038 1518,4038 1560,4038 1603,4038 1645,4038 1687,4038 1730,4038 1772,4038 1814,4038 1857,4038 1899,4038 1941,4039 1984,4041 2026,4041 2068,4041 2111,4041 2153,4041 2196,4044"/>
                <TextEquiv>
                    <Unicode>tem übertraf. So matt die Darstellung vom</Unicode>
                </TextEquiv>
            </TextLine>
            <TextLine id="tr_1_tl_66" custom="readingOrder {index:65;}">
                <Coords points="1339,4097 2194,4101 2161,4053 1339,4059"/>
                <Baseline points="1346,4091 1388,4088 1431,4088 1473,4085 1516,4085 1558,4085 1601,4085 1643,4087 1686,4088 1728,4090 1771,4091 1813,4090 1856,4088 1898,4089 1941,4091 1983,4091 2026,4092 2068,4094 2111,4091 2153,4091 2196,4088"/>
                <TextEquiv>
                    <Unicode>„Abschieds=Souper in der vergangenen</Unicode>
                </TextEquiv>
            </TextLine>
            <TextLine id="tr_1_tl_67" custom="readingOrder {index:66;}">
                <Coords points="1346,4159 1574,4171 1640,4134 1672,4159 1978,4171 1976,4100 1345,4100"/>
                <Baseline points="1352,4124 1383,4126 1414,4129 1446,4133 1477,4131 1509,4130 1540,4131 1572,4133 1603,4133 1635,4134 1666,4136 1697,4136 1729,4136 1760,4136 1792,4136 1823,4136 1855,4136 1886,4136 1918,4136 1949,4136 1981,4136"/>
                <TextEquiv>
                    <Unicode>Woche gewesen war, so flott und</Unicode>
                </TextEquiv>
            </TextLine>
            <TextLine id="tr_1_tl_68" custom="readingOrder {index:67;}">
                <Coords points="2041,4159 2070,4154 2074,4158 2079,4155 2097,4171 2124,4170 2132,4176 2146,4170 2141,4105 2111,4101 2099,4111 2082,4100 2070,4101 2059,4095 2037,4104"/>
                <Baseline points="2047,4136 2079,4138 2112,4142 2145,4142"/>
                <TextEquiv>
                    <Unicode>ne</Unicode>
                </TextEquiv>
            </TextLine>
            <TextEquiv>
                <Unicode></Unicode>
            </TextEquiv>
        </TextRegion>
        <TextRegion orientation="0.0" id="tr_2" custom="readingOrder {index:1;}">
            <Coords points="2235,1291 2235,4171 3112,4171 3112,1291"/>
            <TextLine id="tr_2_tl_1" custom="readingOrder {index:0;}">
                <Coords points="2876,1328 2892,1321 2943,1335 2956,1323 2970,1333 3000,1325 3010,1333 3036,1332 3042,1324 3053,1332 3066,1328 3066,1278 3050,1281 3041,1271 3029,1277 3012,1261 2988,1270 2943,1263 2929,1273 2905,1277 2897,1271 2876,1283"/>
                <Baseline points="2883,1313 2909,1315 2935,1316 2962,1316 2988,1316 3015,1316 3041,1318 3068,1316"/>
                <TextEquiv>
                    <Unicode>Seite 5.</Unicode>
                </TextEquiv>
            </TextLine>
            <TextLine id="tr_2_tl_2" custom="readingOrder {index:1;}">
                <Coords points="2233,1403 3095,1403 3095,1352 2233,1358"/>
                <Baseline points="2241,1390 2283,1393 2326,1393 2369,1395 2412,1394 2455,1393 2497,1393 2540,1393 2583,1393 2626,1393 2669,1393 2711,1393 2754,1393 2797,1392 2840,1390 2883,1390 2925,1390 2968,1390 3011,1393 3054,1390 3097,1387"/>
                <TextEquiv>
                    <Unicode>tragen, später noch andere Werke nach Lon¬</Unicode>
                </TextEquiv>
            </TextLine>
            <TextLine id="tr_2_tl_3" custom="readingOrder {index:2;}">
                <Coords points="2233,1460 3095,1447 3070,1398 2233,1403"/>
                <Baseline points="2241,1441 2283,1444 2326,1444 2369,1444 2412,1442 2455,1441 2497,1441 2540,1441 2583,1441 2626,1443 2669,1442 2711,1441 2754,1441 2797,1441 2840,1441 2883,1441 2925,1441 2968,1441 3011,1441 3054,1441 3097,1441"/>
                <TextEquiv>
                    <Unicode>don zu bringen und sein Ensemble darin</Unicode>
                </TextEquiv>
            </TextLine>
            <TextLine id="tr_2_tl_4" custom="readingOrder {index:3;}">
                <Coords points="2233,1519 2316,1497 2406,1499 2424,1512 2505,1499 2520,1512 2548,1501 2598,1509 2598,1461 2543,1449 2456,1464 2428,1449 2233,1453"/>
                <Baseline points="2241,1498 2266,1495 2292,1492 2318,1492 2344,1492 2369,1492 2395,1493 2421,1495 2447,1493 2473,1492 2498,1492 2524,1492 2550,1492 2576,1491 2602,1489"/>
                <TextEquiv>
                    <Unicode>glänzen zu lassen.</Unicode>
                </TextEquiv>
            </TextLine>
            <TextLine id="tr_2_tl_5" custom="readingOrder {index:4;}">
                <Coords points="2294,1556 3092,1548 3092,1476 2988,1524 2924,1495 2294,1506"/>
                <Baseline points="2301,1540 2340,1540 2380,1540 2420,1540 2459,1542 2499,1541 2539,1540 2578,1540 2618,1540 2658,1540 2698,1540 2737,1540 2777,1540 2817,1540 2856,1538 2896,1537 2936,1538 2975,1540 3015,1540 3055,1540 3095,1537"/>
                <TextEquiv>
                    <Unicode>Mit außerordentlichem Erfolg setzt</Unicode>
                </TextEquiv>
            </TextLine>
            <TextLine id="tr_2_tl_6" custom="readingOrder {index:5;}">
                <Coords points="2228,1614 3093,1601 3093,1553 3057,1549 2228,1556"/>
                <Baseline points="2235,1587 2278,1589 2321,1588 2364,1587 2407,1587 2450,1589 2493,1588 2536,1587 2579,1587 2622,1587 2666,1587 2709,1587 2752,1587 2795,1587 2838,1587 2881,1587 2924,1587 2967,1587 3010,1587 3053,1587 3097,1584"/>
                <TextEquiv>
                    <Unicode>Maud Allan ihr Gastspiel am Palace¬</Unicode>
                </TextEquiv>
            </TextLine>
            <TextLine id="tr_2_tl_7" custom="readingOrder {index:6;}">
                <Coords points="2233,1651 3095,1644 3075,1598 2233,1611"/>
                <Baseline points="2241,1635 2283,1638 2326,1638 2369,1638 2412,1638 2455,1638 2497,1638 2540,1638 2583,1638 2626,1638 2669,1638 2711,1638 2754,1637 2797,1635 2840,1635 2883,1636 2925,1638 2968,1637 3011,1636 3054,1638 3097,1638"/>
                <TextEquiv>
                    <Unicode>Variété fort und tanzt jetzt ein neues Re¬</Unicode>
                </TextEquiv>
            </TextLine>
            <TextLine id="tr_2_tl_8" custom="readingOrder {index:7;}">
                <Coords points="2237,1701 3092,1701 3092,1647 2237,1653"/>
                <Baseline points="2244,1689 2286,1689 2329,1686 2371,1689 2414,1689 2456,1689 2499,1689 2541,1689 2584,1689 2626,1689 2669,1689 2712,1688 2754,1686 2797,1686 2839,1686 2882,1685 2924,1683 2967,1683 3009,1686 3052,1689 3095,1689"/>
                <TextEquiv>
                    <Unicode>pert re zu Kompositionen von Chopin,</Unicode>
                </TextEquiv>
            </TextLine>
            <TextLine id="tr_2_tl_9" custom="readingOrder {index:8;}">
                <Coords points="2233,1750 3095,1742 3095,1700 2943,1690 2233,1711"/>
                <Baseline points="2241,1734 2283,1737 2326,1737 2369,1737 2412,1737 2455,1737 2497,1737 2540,1737 2583,1737 2626,1737 2669,1735 2711,1732 2754,1732 2797,1735 2840,1737 2883,1736 2925,1735 2968,1737 3011,1737 3054,1737 3097,1737"/>
                <TextEquiv>
                    <Unicode>Grieg, Schubert und — Johann Strauß!</Unicode>
                </TextEquiv>
            </TextLine>
            <TextLine id="tr_2_tl_10" custom="readingOrder {index:9;}">
                <Coords points="2233,1796 3095,1790 3095,1742 2867,1769 2734,1731 2630,1759 2233,1748"/>
                <Baseline points="2241,1787 2283,1785 2326,1786 2369,1787 2412,1787 2455,1785 2497,1784 2540,1784 2583,1786 2626,1786 2669,1784 2711,1784 2754,1784 2797,1784 2840,1784 2883,1784 2925,1784 2968,1784 3011,1784 3054,1784 3097,1781"/>
                <TextEquiv>
                    <Unicode>Ihre Wiedergabe des „Blauen Donauwal¬</Unicode>
                </TextEquiv>
            </TextLine>
            <TextLine id="tr_2_tl_11" custom="readingOrder {index:10;}">
                <Coords points="2237,1848 3096,1854 3096,1798 3068,1794 2237,1794"/>
                <Baseline points="2244,1841 2286,1836 2329,1837 2372,1838 2415,1836 2458,1835 2500,1835 2543,1835 2586,1837 2629,1837 2672,1835 2714,1835 2757,1835 2800,1834 2843,1833 2886,1835 2928,1835 2971,1835 3014,1835 3057,1835 3100,1832"/>
                <TextEquiv>
                    <Unicode>zers" gehört wohl zu dem Herrlichsten, was</Unicode>
                </TextEquiv>
            </TextLine>
            <TextLine id="tr_2_tl_12" custom="readingOrder {index:11;}">
                <Coords points="2240,1899 3096,1892 3075,1842 2240,1850"/>
                <Baseline points="2247,1886 2289,1883 2332,1886 2374,1886 2417,1886 2460,1886 2502,1886 2545,1884 2588,1883 2630,1884 2673,1885 2716,1884 2758,1885 2801,1883 2844,1883 2886,1884 2929,1885 2972,1883 3014,1886 3057,1886 3100,1880"/>
                <TextEquiv>
                    <Unicode>sie uns hier beschert hat. Köstlich sind die</Unicode>
                </TextEquiv>
            </TextLine>
            <TextLine id="tr_2_tl_13" custom="readingOrder {index:12;}">
                <Coords points="2233,1934 3092,1953 3092,1895 3047,1891 2233,1902"/>
                <Baseline points="2241,1931 2283,1934 2326,1934 2369,1936 2411,1934 2454,1934 2497,1934 2539,1934 2582,1934 2625,1934 2668,1934 2710,1934 2753,1934 2796,1934 2838,1934 2881,1934 2924,1934 2966,1934 3009,1934 3052,1934 3095,1931"/>
                <TextEquiv>
                    <Unicode>Briefe, welche die ideale Tänzerin von reli¬</Unicode>
                </TextEquiv>
            </TextLine>
            <TextLine id="tr_2_tl_14" custom="readingOrder {index:13;}">
                <Coords points="2233,1996 3092,1991 3092,1953 3005,1938 2233,1935"/>
                <Baseline points="2241,1987 2283,1984 2326,1984 2369,1982 2411,1981 2454,1981 2497,1981 2539,1981 2582,1983 2625,1984 2668,1984 2710,1983 2753,1981 2796,1982 2838,1983 2881,1981 2924,1981 2966,1981 3009,1981 3052,1981 3095,1978"/>
                <TextEquiv>
                    <Unicode>giösen Wahnsinnigen, die in London beson¬</Unicode>
                </TextEquiv>
            </TextLine>
            <TextLine id="tr_2_tl_15" custom="readingOrder {index:14;}">
                <Coords points="2233,2049 3101,2041 3088,1987 2987,2013 2895,1985 2233,1999"/>
                <Baseline points="2241,2032 2284,2032 2327,2032 2370,2032 2413,2032 2456,2032 2499,2032 2542,2032 2585,2032 2628,2032 2672,2032 2715,2032 2758,2032 2801,2031 2844,2029 2887,2029 2930,2032 2973,2029 3016,2032 3059,2032 3103,2026"/>
                <TextEquiv>
                    <Unicode>ders zahlreich sind, erhält. In einem heißt</Unicode>
                </TextEquiv>
            </TextLine>
            <TextLine id="tr_2_tl_16" custom="readingOrder {index:15;}">
                <Coords points="2231,2088 3029,2101 3092,2086 3093,2051 2232,2046"/>
                <Baseline points="2238,2083 2280,2083 2323,2083 2366,2083 2409,2083 2452,2083 2495,2081 2537,2080 2580,2080 2623,2081 2666,2082 2709,2080 2752,2080 2795,2080 2837,2080 2880,2080 2923,2080 2966,2080 3009,2080 3052,2080 3095,2074"/>
                <TextEquiv>
                    <Unicode>es: „Wenn Sie nicht Ihr lasterhaftes Tan¬</Unicode>
                </TextEquiv>
            </TextLine>
            <TextLine id="tr_2_tl_17" custom="readingOrder {index:16;}">
                <Coords points="2233,2151 3095,2140 3095,2090 2991,2083 2233,2103"/>
                <Baseline points="2241,2133 2283,2131 2326,2130 2369,2132 2412,2131 2455,2130 2497,2130 2540,2130 2583,2130 2626,2130 2669,2130 2711,2129 2754,2128 2797,2128 2840,2128 2883,2128 2925,2130 2968,2130 3011,2128 3054,2125 3097,2128"/>
                <TextEquiv>
                    <Unicode>zen einstellen wollen, so hoffe ich, daß Sie</Unicode>
                </TextEquiv>
            </TextLine>
            <TextLine id="tr_2_tl_18" custom="readingOrder {index:17;}">
                <Coords points="2240,2188 3096,2188 3082,2138 2240,2150"/>
                <Baseline points="2247,2178 2289,2181 2332,2178 2374,2180 2417,2181 2460,2179 2502,2178 2545,2178 2588,2180 2630,2180 2673,2178 2716,2178 2758,2177 2801,2176 2844,2178 2886,2177 2929,2176 2972,2178 3014,2178 3057,2178 3100,2175"/>
                <TextEquiv>
                    <Unicode>Gott auf der Bühne vom Schlage rühren</Unicode>
                </TextEquiv>
            </TextLine>
            <TextLine id="tr_2_tl_19" custom="readingOrder {index:18;}">
                <Coords points="2240,2237 3092,2233 3092,2190 3061,2188 2240,2188"/>
                <Baseline points="2247,2229 2289,2231 2331,2229 2374,2229 2416,2229 2459,2229 2501,2231 2543,2232 2586,2229 2628,2229 2671,2227 2713,2228 2755,2227 2798,2226 2840,2226 2883,2226 2925,2226 2967,2226 3010,2226 3052,2225 3095,2223"/>
                <TextEquiv>
                    <Unicode>lassen wird!" In einer anderen hoffnungs¬</Unicode>
                </TextEquiv>
            </TextLine>
            <TextLine id="tr_2_tl_20" custom="readingOrder {index:19;}">
                <Coords points="2233,2290 3101,2291 3101,2234 2912,2260 2818,2234 2233,2240"/>
                <Baseline points="2241,2277 2284,2280 2327,2280 2370,2277 2413,2277 2456,2277 2499,2279 2542,2280 2585,2280 2628,2278 2672,2275 2715,2276 2758,2277 2801,2277 2844,2277 2887,2277 2930,2277 2973,2277 3016,2277 3059,2277 3103,2277"/>
                <TextEquiv>
                    <Unicode>vollen Epistel sagt der Schreiber: „Die Zeit</Unicode>
                </TextEquiv>
            </TextLine>
            <TextLine id="tr_2_tl_21" custom="readingOrder {index:20;}">
                <Coords points="2240,2343 3076,2344 3104,2291 2241,2286"/>
                <Baseline points="2247,2327 2292,2327 2337,2327 2382,2327 2427,2327 2473,2327 2518,2324 2563,2327 2608,2327 2653,2327 2699,2324 2744,2324 2789,2324 2834,2324 2879,2324 2925,2324 2970,2324 3015,2324 3060,2324 3106,2327"/>
                <TextEquiv>
                    <Unicode>kommt, wo der Applaus aufhört, wo es keine</Unicode>
                </TextEquiv>
            </TextLine>
            <TextLine id="tr_2_tl_22" custom="readingOrder {index:21;}">
                <Coords points="2242,2391 3093,2386 3093,2339 3013,2333 2242,2341"/>
                <Baseline points="2250,2378 2292,2378 2334,2375 2377,2378 2419,2378 2461,2376 2504,2375 2546,2375 2588,2375 2631,2375 2673,2375 2715,2375 2758,2375 2800,2375 2842,2375 2885,2375 2927,2375 2969,2375 3012,2372 3054,2375 3097,2372"/>
                <TextEquiv>
                    <Unicode>Blumenkörbe mehr gibt und wo Ihre Ver¬</Unicode>
                </TextEquiv>
            </TextLine>
            <TextLine id="tr_2_tl_23" custom="readingOrder {index:22;}">
                <Coords points="2246,2436 3103,2441 3103,2387 3051,2379 2908,2406 2246,2389"/>
                <Baseline points="2253,2426 2295,2426 2338,2426 2380,2429 2423,2429 2466,2427 2508,2426 2551,2424 2594,2425 2636,2426 2679,2426 2722,2425 2764,2423 2807,2423 2850,2423 2892,2422 2935,2421 2978,2423 3020,2423 3063,2423 3106,2426"/>
                <TextEquiv>
                    <Unicode>dammung ausgesprochen wird, weil Sie</Unicode>
                </TextEquiv>
            </TextLine>
            <TextLine id="tr_2_tl_24" custom="readingOrder {index:23;}">
                <Coords points="2246,2482 3092,2481 3078,2431 2246,2437"/>
                <Baseline points="2253,2474 2295,2477 2337,2477 2379,2477 2421,2477 2463,2477 2505,2475 2547,2474 2589,2474 2631,2474 2674,2474 2716,2474 2758,2474 2800,2474 2842,2473 2884,2472 2926,2474 2968,2474 3010,2474 3052,2474 3095,2471"/>
                <TextEquiv>
                    <Unicode>Gottes Worten nicht gehorcht haben." An¬</Unicode>
                </TextEquiv>
            </TextLine>
            <TextLine id="tr_2_tl_25" custom="readingOrder {index:24;}">
                <Coords points="2242,2540 3093,2530 3093,2478 2908,2503 2242,2483"/>
                <Baseline points="2250,2524 2292,2527 2334,2524 2377,2524 2419,2524 2461,2524 2504,2522 2546,2523 2588,2524 2631,2524 2673,2522 2715,2521 2758,2521 2800,2521 2842,2521 2885,2522 2927,2524 2969,2524 3012,2521 3054,2521 3097,2518"/>
                <TextEquiv>
                    <Unicode>dererseits aber hat Miß Allan ganz ent¬</Unicode>
                </TextEquiv>
            </TextLine>
            <TextLine id="tr_2_tl_26" custom="readingOrder {index:25;}">
                <Coords points="2240,2588 3103,2589 3103,2531 3020,2526 2933,2556 2464,2526 2240,2556"/>
                <Baseline points="2247,2578 2292,2576 2337,2575 2382,2575 2427,2575 2473,2575 2518,2572 2563,2572 2608,2575 2653,2572 2699,2572 2744,2572 2789,2572 2834,2569 2879,2569 2925,2569 2970,2572 3015,2572 3060,2569 3106,2572"/>
                <TextEquiv>
                    <Unicode>zückende Anerkennungsbrief von katholi¬</Unicode>
                </TextEquiv>
            </TextLine>
            <TextLine id="tr_2_tl_27" custom="readingOrder {index:26;}">
                <Coords points="2249,2639 3093,2630 3093,2589 3037,2578 2249,2590"/>
                <Baseline points="2256,2626 2298,2626 2340,2626 2382,2626 2424,2626 2466,2626 2508,2623 2550,2623 2592,2623 2634,2623 2676,2623 2718,2621 2760,2620 2802,2620 2844,2620 2886,2620 2928,2621 2970,2623 3012,2620 3054,2620 3097,2623"/>
                <TextEquiv>
                    <Unicode>schen und anglikanischen Geistlichen erhalten</Unicode>
                </TextEquiv>
            </TextLine>
            <TextLine id="tr_2_tl_28" custom="readingOrder {index:27;}">
                <Coords points="2246,2681 3103,2694 3086,2630 2248,2638"/>
                <Baseline points="2253,2674 2295,2674 2338,2674 2380,2674 2423,2674 2466,2674 2508,2674 2551,2674 2594,2674 2636,2674 2679,2674 2722,2673 2764,2671 2807,2671 2850,2671 2892,2671 2935,2671 2978,2671 3020,2671 3063,2671 3106,2671"/>
                <TextEquiv>
                    <Unicode>die voll von Bewunderung über ihre Kunst</Unicode>
                </TextEquiv>
            </TextLine>
            <TextLine id="tr_2_tl_29" custom="readingOrder {index:28;}">
                <Coords points="2248,2746 2257,2747 2267,2754 2285,2739 2304,2746 2321,2731 2333,2732 2336,2689 2320,2688 2314,2678 2300,2685 2283,2684 2279,2688 2271,2682 2252,2681"/>
                <Baseline points="2256,2730 2282,2726 2309,2724 2336,2724"/>
                <TextEquiv>
                    <Unicode>sind.</Unicode>
                </TextEquiv>
            </TextLine>
            <TextLine id="tr_2_tl_30" custom="readingOrder {index:29;}">
                <Coords points="2306,2783 3103,2781 3092,2719 2306,2738"/>
                <Baseline points="2313,2769 2352,2772 2392,2772 2431,2774 2471,2775 2511,2774 2550,2772 2590,2772 2630,2772 2669,2772 2709,2772 2749,2772 2788,2772 2828,2770 2868,2769 2907,2769 2947,2769 2987,2769 3026,2769 3066,2769 3106,2772"/>
                <TextEquiv>
                    <Unicode>Aber auch das ernste Drama ist in</Unicode>
                </TextEquiv>
            </TextLine>
            <TextLine id="tr_2_tl_31" custom="readingOrder {index:30;}">
                <Coords points="2240,2823 3101,2838 3101,2783 2431,2798 2240,2772"/>
                <Baseline points="2247,2823 2289,2823 2332,2823 2375,2823 2418,2823 2461,2823 2503,2823 2546,2821 2589,2822 2632,2822 2675,2820 2717,2820 2760,2820 2803,2821 2846,2822 2889,2820 2931,2820 2974,2820 3017,2820 3060,2820 3103,2814"/>
                <TextEquiv>
                    <Unicode>den letzten Tagen hier mehr zu Worte ge¬</Unicode>
                </TextEquiv>
            </TextLine>
            <TextLine id="tr_2_tl_32" custom="readingOrder {index:31;}">
                <Coords points="2246,2880 3025,2889 3101,2885 3103,2837 2248,2829"/>
                <Baseline points="2253,2874 2295,2874 2338,2874 2380,2874 2423,2874 2465,2874 2508,2872 2550,2873 2593,2872 2635,2871 2678,2870 2720,2869 2763,2871 2805,2871 2848,2871 2890,2870 2933,2868 2975,2868 3018,2868 3060,2871 3103,2871"/>
                <TextEquiv>
                    <Unicode>kommen, als es sonst der Fall in London ist.</Unicode>
                </TextEquiv>
            </TextLine>
            <TextLine id="tr_2_tl_33" custom="readingOrder {index:32;}">
                <Coords points="2249,2930 3059,2935 3101,2885 2250,2884"/>
                <Baseline points="2256,2924 2298,2921 2340,2919 2383,2923 2425,2922 2467,2921 2510,2921 2552,2921 2594,2920 2637,2918 2679,2918 2721,2918 2764,2919 2806,2921 2848,2918 2891,2918 2933,2918 2975,2918 3018,2918 3060,2918 3103,2906"/>
                <TextEquiv>
                    <Unicode>Am Gurt Theatre wurden zwei „Privat¬</Unicode>
                </TextEquiv>
            </TextLine>
            <TextLine id="tr_2_tl_34" custom="readingOrder {index:33;}">
                <Coords points="2249,2983 3104,2972 3104,2942 3032,2924 2249,2931"/>
                <Baseline points="2256,2972 2298,2972 2341,2972 2383,2972 2426,2972 2468,2972 2511,2970 2553,2969 2596,2969 2638,2969 2681,2969 2723,2969 2766,2969 2808,2968 2851,2966 2893,2966 2936,2966 2978,2966 3021,2966 3063,2966 3106,2963"/>
                <TextEquiv>
                    <Unicode>Aufführungen von Oskar Wildes „Sa¬</Unicode>
                </TextEquiv>
            </TextLine>
            <TextLine id="tr_2_tl_35" custom="readingOrder {index:34;}">
                <Coords points="2246,3026 3101,3029 3101,2985 3057,2978 2246,2984"/>
                <Baseline points="2253,3023 2295,3023 2338,3020 2380,3020 2423,3020 2465,3020 2508,3020 2550,3020 2593,3020 2635,3020 2678,3019 2720,3017 2763,3017 2805,3017 2848,3017 2890,3016 2933,3014 2975,3014 3018,3014 3060,3014 3103,3014"/>
                <TextEquiv>
                    <Unicode>lome" veranstaltet, die Lob verdienen. Be¬</Unicode>
                </TextEquiv>
            </TextLine>
            <TextLine id="tr_2_tl_36" custom="readingOrder {index:35;}">
                <Coords points="2249,3082 3104,3070 3078,3025 2443,3051 2249,3029"/>
                <Baseline points="2256,3074 2298,3071 2341,3071 2383,3071 2426,3073 2468,3070 2511,3070 2553,3069 2596,3068 2638,3068 2681,3068 2723,3068 2766,3068 2808,3067 2851,3065 2893,3065 2936,3066 2978,3068 3021,3065 3063,3065 3106,3065"/>
                <TextEquiv>
                    <Unicode>kanntlich gestattet die hiesige Zensur die</Unicode>
                </TextEquiv>
            </TextLine>
            <TextLine id="tr_2_tl_37" custom="readingOrder {index:36;}">
                <Coords points="2246,3136 3103,3126 3103,3083 3057,3072 2248,3092"/>
                <Baseline points="2253,3124 2295,3121 2338,3121 2380,3121 2423,3121 2466,3119 2508,3118 2551,3116 2594,3115 2636,3116 2679,3117 2722,3116 2764,3117 2807,3115 2850,3114 2892,3113 2935,3115 2978,3115 3020,3115 3063,3115 3106,3112"/>
                <TextEquiv>
                    <Unicode>„öffentliche Aufführung des verfehmten</Unicode>
                </TextEquiv>
            </TextLine>
            <TextLine id="tr_2_tl_38" custom="readingOrder {index:37;}">
                <Coords points="2249,3184 3100,3186 3101,3126 2249,3134"/>
                <Baseline points="2256,3172 2298,3172 2340,3169 2383,3172 2425,3169 2467,3169 2510,3169 2552,3167 2594,3166 2637,3166 2679,3164 2721,3163 2764,3163 2806,3163 2848,3163 2891,3163 2933,3163 2975,3163 3018,3163 3060,3163 3103,3160"/>
                <TextEquiv>
                    <Unicode>Werkes (der Autor ist hier womöglich noch</Unicode>
                </TextEquiv>
            </TextLine>
            <TextLine id="tr_2_tl_39" custom="readingOrder {index:38;}">
                <Coords points="2249,3228 3104,3227 3105,3179 3075,3175 2250,3180"/>
                <Baseline points="2256,3223 2298,3220 2341,3220 2383,3220 2426,3220 2468,3218 2511,3217 2553,3217 2596,3217 2638,3217 2681,3216 2723,3214 2766,3214 2808,3214 2851,3213 2893,3211 2936,3212 2978,3214 3021,3214 3063,3211 3106,3208"/>
                <TextEquiv>
                    <Unicode>verfemter, man wird bei seiner bloßen Na¬</Unicode>
                </TextEquiv>
            </TextLine>
            <TextLine id="tr_2_tl_40" custom="readingOrder {index:39;}">
                <Coords points="2249,3281 2908,3287 3104,3274 3105,3236 2250,3228"/>
                <Baseline points="2256,3274 2298,3271 2341,3268 2383,3268 2426,3268 2468,3268 2511,3268 2553,3268 2596,3266 2638,3265 2681,3265 2723,3265 2766,3265 2808,3264 2851,3262 2893,3262 2936,3263 2978,3265 3021,3265 3063,3262 3106,3262"/>
                <TextEquiv>
                    <Unicode>mensnennung schon blaß und nervös!) Die</Unicode>
                </TextEquiv>
            </TextLine>
            <TextLine id="tr_2_tl_41" custom="readingOrder {index:40;}">
                <Coords points="2246,3340 2918,3312 3062,3335 3105,3320 3107,3270 2953,3270 2920,3298 2813,3267 2723,3295 2246,3292"/>
                <Baseline points="2253,3324 2295,3325 2338,3319 2381,3318 2424,3318 2467,3316 2509,3315 2552,3317 2595,3318 2638,3317 2681,3315 2723,3315 2766,3314 2809,3312 2852,3312 2895,3311 2937,3309 2980,3312 3023,3312 3066,3309 3109,3309"/>
                <TextEquiv>
                    <Unicode>„Privat-Aufführungen werden nur für</Unicode>
                </TextEquiv>
            </TextLine>
            <TextLine id="tr_2_tl_42" custom="readingOrder {index:41;}">
                <Coords points="2254,3382 3096,3371 3097,3321 3001,3317 2256,3349"/>
                <Baseline points="2262,3375 2303,3371 2345,3369 2387,3369 2429,3369 2471,3366 2513,3366 2555,3366 2597,3366 2639,3366 2681,3364 2722,3363 2764,3360 2806,3357 2848,3358 2890,3360 2932,3360 2974,3360 3016,3360 3058,3360 3100,3354"/>
                <TextEquiv>
                    <Unicode>„geladene Gäste" gegeben — so schreibt es</Unicode>
                </TextEquiv>
            </TextLine>
            <TextLine id="tr_2_tl_43" custom="readingOrder {index:42;}">
                <Coords points="2249,3427 3100,3422 3101,3364 2250,3382"/>
                <Baseline points="2256,3423 2298,3417 2340,3417 2383,3417 2425,3414 2467,3414 2510,3414 2552,3414 2594,3414 2637,3414 2679,3414 2721,3413 2764,3411 2806,3411 2848,3411 2891,3410 2933,3409 2975,3411 3018,3411 3060,3408 3103,3405"/>
                <TextEquiv>
                    <Unicode>das Gesetz vor. In Wirklichkeit können auch</Unicode>
                </TextEquiv>
            </TextLine>
            <TextLine id="tr_2_tl_44" custom="readingOrder {index:43;}">
                <Coords points="2254,3481 3092,3482 3080,3414 2329,3423 2256,3451"/>
                <Baseline points="2262,3474 2303,3468 2345,3468 2387,3468 2429,3468 2470,3465 2512,3465 2554,3465 2596,3465 2637,3463 2679,3462 2721,3462 2763,3462 2804,3462 2846,3461 2888,3459 2930,3459 2971,3459 3013,3459 3055,3456 3097,3453"/>
                <TextEquiv>
                    <Unicode>„nicht geladene Gäste Zutritt sich verschaf¬</Unicode>
                </TextEquiv>
            </TextLine>
            <TextLine id="tr_2_tl_45" custom="readingOrder {index:44;}">
                <Coords points="2252,3534 3074,3527 3101,3468 2252,3481"/>
                <Baseline points="2259,3518 2301,3515 2343,3515 2385,3515 2427,3515 2470,3515 2512,3513 2554,3512 2596,3512 2638,3512 2681,3510 2723,3509 2765,3509 2807,3509 2849,3509 2892,3509 2934,3509 2976,3509 3018,3506 3060,3506 3103,3506"/>
                <TextEquiv>
                    <Unicode>fen, wenn sie vorher Karten erstanden haben.</Unicode>
                </TextEquiv>
            </TextLine>
            <TextLine id="tr_2_tl_46" custom="readingOrder {index:45;}">
                <Coords points="2257,3573 3093,3565 3093,3519 3028,3514 2258,3530"/>
                <Baseline points="2265,3563 2306,3563 2348,3564 2389,3566 2431,3566 2472,3566 2514,3563 2555,3563 2597,3563 2638,3561 2680,3560 2721,3560 2763,3560 2804,3558 2846,3557 2887,3557 2929,3558 2970,3559 3012,3557 3053,3554 3095,3554"/>
                <TextEquiv>
                    <Unicode>So bekam man jetzt wenigstens eine „reine</Unicode>
                </TextEquiv>
            </TextLine>
            <TextLine id="tr_2_tl_47" custom="readingOrder {index:46;}">
                <Coords points="2246,3628 3103,3622 3090,3564 2246,3576"/>
                <Baseline points="2253,3611 2295,3614 2338,3614 2380,3614 2423,3614 2466,3614 2508,3614 2551,3612 2594,3611 2636,3610 2679,3608 2722,3608 2764,3608 2807,3608 2850,3607 2892,3606 2935,3607 2978,3605 3020,3605 3063,3605 3106,3605"/>
                <TextEquiv>
                    <Unicode>Salome ohne die Verballhornung seitens</Unicode>
                </TextEquiv>
            </TextLine>
            <TextLine id="tr_2_tl_48" custom="readingOrder {index:47;}">
                <Coords points="2246,3672 3103,3665 3084,3611 2248,3628"/>
                <Baseline points="2253,3665 2295,3665 2338,3665 2380,3665 2423,3665 2466,3665 2508,3663 2551,3662 2594,3662 2636,3661 2679,3659 2722,3658 2764,3656 2807,3656 2850,3656 2892,3656 2935,3656 2978,3656 3020,3656 3063,3653 3106,3653"/>
                <TextEquiv>
                    <Unicode>der Zensur zu sehen, durch die sich der Lord</Unicode>
                </TextEquiv>
            </TextLine>
            <TextLine id="tr_2_tl_49" custom="readingOrder {index:48;}">
                <Coords points="2254,3719 3096,3725 3096,3665 3051,3661 2254,3676"/>
                <Baseline points="2262,3712 2303,3712 2345,3712 2387,3712 2429,3712 2471,3712 2513,3712 2555,3712 2597,3710 2639,3709 2681,3707 2722,3706 2764,3706 2806,3705 2848,3703 2890,3703 2932,3703 2974,3703 3016,3703 3058,3700 3100,3697"/>
                <TextEquiv>
                    <Unicode>Chamberlein in den November- und De¬</Unicode>
                </TextEquiv>
            </TextLine>
            <TextLine id="tr_2_tl_50" custom="readingOrder {index:49;}">
                <Coords points="2254,3777 3096,3759 3097,3725 3028,3709 2755,3738 2256,3719"/>
                <Baseline points="2262,3769 2303,3765 2345,3763 2387,3760 2429,3760 2471,3760 2513,3760 2555,3760 2597,3760 2639,3758 2681,3757 2722,3755 2764,3754 2806,3754 2848,3753 2890,3751 2932,3751 2974,3750 3016,3748 3058,3748 3100,3745"/>
                <TextEquiv>
                    <Unicode>zember-Aufführungen an der Covent Gar¬</Unicode>
                </TextEquiv>
            </TextLine>
            <TextLine id="tr_2_tl_51" custom="readingOrder {index:50;}">
                <Coords points="2252,3818 3045,3821 3109,3810 3111,3756 3025,3781 2252,3775"/>
                <Baseline points="2259,3814 2301,3814 2344,3811 2386,3811 2429,3811 2472,3811 2514,3809 2557,3810 2600,3809 2642,3807 2685,3804 2728,3802 2770,3803 2813,3804 2856,3802 2898,3802 2941,3802 2984,3802 3026,3799 3069,3799 3112,3799"/>
                <TextEquiv>
                    <Unicode>den Oper unter Thomas Beecham für alle</Unicode>
                </TextEquiv>
            </TextLine>
            <TextLine id="tr_2_tl_52" custom="readingOrder {index:51;}">
                <Coords points="2253,3875 3103,3858 3076,3808 2254,3819"/>
                <Baseline points="2262,3868 2304,3862 2346,3862 2388,3862 2430,3862 2473,3862 2515,3860 2557,3859 2599,3859 2641,3857 2684,3854 2726,3853 2768,3853 2810,3853 2852,3853 2895,3852 2937,3851 2979,3853 3021,3850 3063,3850 3106,3853"/>
                <TextEquiv>
                    <Unicode>Zeitalter unsterblich gemacht. Damals durfte</Unicode>
                </TextEquiv>
            </TextLine>
            <TextLine id="tr_2_tl_53" custom="readingOrder {index:52;}">
                <Coords points="2252,3917 3004,3920 3103,3906 3104,3860 2252,3875"/>
                <Baseline points="2259,3912 2301,3912 2343,3912 2386,3909 2428,3909 2470,3909 2513,3909 2555,3909 2597,3907 2640,3904 2682,3903 2724,3902 2767,3900 2809,3901 2851,3902 2894,3900 2936,3900 2978,3900 3021,3900 3063,3897 3106,3894"/>
                <TextEquiv>
                    <Unicode>das Haupt des „Propheten“ (so hieß Jocha¬</Unicode>
                </TextEquiv>
            </TextLine>
            <TextLine id="tr_2_tl_54" custom="readingOrder {index:53;}">
                <Coords points="2252,3967 3018,3968 3096,3954 3097,3912 2252,3917"/>
                <Baseline points="2259,3960 2301,3960 2343,3963 2385,3960 2427,3960 2469,3957 2511,3957 2553,3957 2595,3957 2637,3957 2679,3955 2721,3952 2763,3951 2805,3951 2847,3951 2889,3951 2931,3950 2973,3948 3015,3951 3057,3948 3100,3945"/>
                <TextEquiv>
                    <Unicode>naan in der Verballhornung) nicht auf der</Unicode>
                </TextEquiv>
            </TextLine>
            <TextLine id="tr_2_tl_55" custom="readingOrder {index:54;}">
                <Coords points="2249,4022 3095,4014 3112,3955 2249,3967"/>
                <Baseline points="2256,4011 2298,4011 2341,4011 2384,4009 2427,4008 2470,4008 2512,4006 2555,4005 2598,4007 2641,4007 2684,4005 2726,4005 2769,4003 2812,4000 2855,4001 2898,3999 2940,3999 2983,3999 3026,3996 3069,3996 3112,3993"/>
                <TextEquiv>
                    <Unicode>Bühne erscheinen, sondern nur — eine mit</Unicode>
                </TextEquiv>
            </TextLine>
            <TextLine id="tr_2_tl_56" custom="readingOrder {index:55;}">
                <Coords points="2249,4064 3108,4061 3109,4010 3080,4004 2250,4018"/>
                <Baseline points="2256,4059 2298,4059 2341,4061 2384,4060 2427,4059 2470,4059 2512,4057 2555,4056 2598,4056 2641,4056 2684,4055 2726,4053 2769,4051 2812,4048 2855,4050 2898,4049 2940,4047 2983,4047 3026,4047 3069,4044 3112,4044"/>
                <TextEquiv>
                    <Unicode>Blut gefüllte Schüssel. (1) In der jetzigen</Unicode>
                </TextEquiv>
            </TextLine>
            <TextLine id="tr_2_tl_57" custom="readingOrder {index:56;}">
                <Coords points="2253,4122 3103,4104 3103,4066 2991,4055 2254,4066"/>
                <Baseline points="2262,4109 2304,4109 2346,4109 2388,4109 2430,4109 2473,4109 2515,4107 2557,4104 2599,4103 2641,4103 2684,4103 2726,4103 2768,4102 2810,4100 2852,4100 2895,4100 2937,4100 2979,4100 3021,4097 3063,4094 3106,4094"/>
                <TextEquiv>
                    <Unicode>Darstellung am Court Theatre wurde der</Unicode>
                </TextEquiv>
            </TextLine>
            <TextLine id="tr_2_tl_58" custom="readingOrder {index:57;}">
                <Coords points="2254,4174 2333,4195 2429,4159 2796,4165 2796,4116 2743,4109 2254,4121"/>
                <Baseline points="2262,4160 2288,4160 2315,4160 2342,4160 2369,4160 2396,4160 2423,4160 2449,4159 2476,4158 2503,4156 2530,4154 2557,4152 2584,4152 2611,4153 2637,4155 2664,4157 2691,4155 2718,4154 2745,4154 2772,4155 2799,4157"/>
                <TextEquiv>
                    <Unicode>de la</Unicode>
                </TextEquiv>
            </TextLine>
            <TextEquiv>
                <Unicode></Unicode>
            </TextEquiv>
        </TextRegion>
    </Page>
</PcGts>
