3436 4224
277 141 687 257 4.9. Ana¬
760 149 1121 265 Zyk
1400 148 1755 247 box 9/2
1492 499 2479 671 Deren
1670 621 2253 707 de la
1502 655 1626 708 vom
1748 726 2466 839 der Betreten
1725 898 2264 1039 Lindt- und Land.
1544 1071 2435 1170 Die Witwen- und Waisenwoche.
1630 1142 2354 1238 Dritter Tag: „Anatole von Artur
1878 1193 2108 1265 Schnitzler.
1643 1230 2429 1334 Nach eine für die Ver¬
1553 1307 2417 1384 hältnisse des Belgrader „Theaterlebens
1555 1365 2435 1416 von angenehmer Kürze war, konnten wir
1551 1416 2437 1492 gestern im Rahmen der Veranstaltungen
1547 1461 2429 1531 der Wohltätigkeitswoche zu unserer
1541 1498 2435 1570 Freude abermals Wiener Künstler be¬
1550 1551 2419 1615 grüssen. Unter Leitung des Hofschau¬
1550 1607 2426 1665 spielers Anton Tiller hatte sich eine
1550 1660 2429 1725 Anzahl guter Kräfte, die verschiedenen
1556 1703 2432 1759 Wiener Bühnen angehören, zusammen¬
1550 1758 2428 1817 gefunden, um uns des Theaters so stark
1548 1801 2414 1860 Entwöhnte daran zu erinnern, dass de
1545 1841 2414 1904 Krieg allein nicht die Welt beherrs
1547 1901 2423 1964 Die vier Akte, die man spielte Schnitz¬
1547 1942 2426 2011 lers „Anatole waren ein Gruss aus
1545 1993 2423 2054 Friedenszeiten, ein Gruss dem Wien
1551 2047 2428 2108 der süssen Mädeln, die wohl auch in
1551 2089 2429 2150 diesen harten Zeiten kaum weniger süss
1545 2143 2424 2201 geworden sein dürften, und ein Gruss
1544 2196 2432 2250 aus jenen Tagen, in denen das Leben
1541 2230 2429 2303 noch nicht so streng und noch nicht so
1550 2282 2423 2341 voll des Schreckens und der Trauer war.
1544 2341 2422 2394 „Anatol“ ist ein Typus, der heute fast
1545 2385 2429 2441 anachronistisch wirkt, aber vielleicht hat
1542 2433 2417 2495 er gerade deswegen seinen starken Reiz.
1539 2463 2421 2541 Denn man fühlte gestern, dass diese
1506 2511 2418 2608 Szenen, trotzdem sie vor viel mehr als
1494 2572 2381 2664 zehn Jahren geschrieben wurden und
1503 2645 2381 2697 trotzdem auch Schnitzler selbst inzwi¬
1497 2696 2385 2757 schen ein ziemlich anderer geworden ist,
1497 2753 2385 2810 nicht von jener Schichte Staub bedeckt
1501 2797 2381 2855 waren, die sich sonst so oft auf viele,
1494 2851 2376 2906 einst beliebte und ganz aus ihrer Zeit ge¬
1494 2891 2380 2960 borene Bühnenarbeiten zu legen pflegt.
1491 2939 2385 3006 Sie hatten noch viel an sich von
1494 2991 2379 3049 ihrer Entstehungszeit, an die man zurück¬
1502 3040 2379 3093 denkt als an etwas längst, längst Ver¬
1497 3088 2385 3148 gangenes, und vor deren Wiederkehr
1501 3141 2385 3189 einem beinahe etwas bange ist. Die
1497 3185 2381 3250 kleinen Amouren dieses beneidenswert
1503 3238 2388 3298 sorglosen jungen Mannes können einem
1501 3281 2388 3350 in der weichen, ein wenig ironischen, ein
1509 3331 2388 3407 wenig sentimentalen Linienführung tat¬
1501 3382 2386 3436 sächlich von einiger Wichtigkeit er¬
1507 3432 2389 3489 scheinen, ohne Zweifel aber steht fest,
1503 3472 2388 3548 dass diese verschiedenen Coras, Biankas,
1501 3522 2385 3587 Annies und wie sie sonst noch heissen
1501 3579 2380 3633 mögen, noch immer zu den begehrens¬
1509 3622 2381 3676 wertesten Geschöpfen im Wiener Weich¬
1501 3666 2392 3735 bilde gehören, mögen sie auch dann und
1509 3715 2388 3774 wann in der Treue nicht jene exakte
1509 3763 2388 3829 Genauigkeit walten lassen, die ihrer
1515 3815 2391 3875 Vollkommenheit erst das i-Tüpfelchen
1508 3870 1872 3938 aufsetzen würde.
1590 3914 2391 3984 Anton Tiller war Anatol und Hans
1515 3968 2394 4024 Olden sein Freund Max, der um einige
1518 4019 2394 4076 Töne Skeptischere und Erfahrenere, beide
1517 4068 2399 4126 von der mondenen Eleganz, wie sie vor
