3436 4256
1347 148 1713 247 box 8/5
852 159 1185 255 Zyklus
230 147 793 268 4.9. Anatol
591 1202 784 1253 et
579 1245 1644 1311 tung und der polnischen Berufsvereinigung erhoven
579 1295 1644 1351 worden. Neben diesen Organisationen hat eine Ver¬
576 1346 1645 1412 trauensmännerversammlung des Gewerkvereins christ¬
583 1400 1645 1462 licher Bergarbeiter Deutschlands selbständig eine Ein¬
586 1454 1644 1518 gabe dem Zechenverband eingereicht, in welchem ver¬
588 1510 1644 1577 langt wird, „soweit wie möglich eine den Verhält¬
579 1569 1644 1633 nissen entsprechende Aufbesserung der Löhne der
583 1618 1645 1684 Arbeiter unter und über Tage vorzunehmen“. Be¬
694 1717 1525 1838 Artur Schnitzler: „Anatol.
659 1822 1580 1891 Erstaufführung im Lessing=Theater.
671 1881 821 1961 a
586 1946 1649 1998 Das Herz geht einem auf, gedenkt man dieses Abends.
586 1996 1649 2054 Wieviel Entzückendes. Wieviel Lachen, wieviel
586 2049 1420 2104 Leisheit, — und wie sehr beides gemischt.
631 2089 1649 2151 Anatol... War es nicht gestern, daß er uns in die
591 2141 1649 2206 Hände fiel; daß jüngere Menschen überrascht einen
595 2188 1646 2246 Spiegel ihres Lebens in hundert Seiten fanden?
591 2238 1646 2298 „Ich fraß dieses Buch. Und alles, was dem elenderen
591 2284 1649 2343 Teil unserer selbst, dem Kritiker, widersprach, das fraß
591 2333 1644 2393 ich schließlich mit.“ War es nicht gestern? Wer weiß,
598 2386 1646 2441 Der Artur ist längst ein Klassiker geworden. Im
591 2429 1656 2488 Mai wird er neunundvierzig. Kinder, Kinder. Ich
591 2478 1649 2540 sehe die frühe Buchausgabe; „1893. Verlag des
595 2529 1650 2580 Bibliographischen Bureaus Alexanderstraße 2“. Ein
591 2573 1646 2632 Klassiker ist er längst. Im Mai wird er neunund¬
584 2630 732 2692 vierzig.
627 2670 1074 2751 Doch, es war gestern.
631 2770 1660 2836 Das Herz geht einem auf beim lustigen Gedenken
588 2822 1653 2885 dieses Abends. Dieses Lachens; dieser Zauderungen;
588 2877 1650 2937 dieser Ironik; dieses Verstummens; dieser Stöße; dieser
588 2925 1650 2980 Holdheit; dieses Betrugs; dieses Fragens; dieses Zer¬
598 2968 1649 3039 fließens ... Gestern? Heute, morgen, übermorgen.
627 3021 1656 3099 Wie dachte man sich das damals? „Lautlos öffnet
586 3072 1658 3135 ein blasser, eleganter Herr die Tür und blickt hinein
1712 1218 2763 1301 alten Verbände die eifrigste Forderung erfahrt. Häufig
1708 1297 2770 1350 bringt das Verbandsorgan Artikel zur Förderung der
1717 1344 2766 1408 sozialdemokratischen Bestrebungen; in Ergänzung
1708 1403 2766 1454 dieser Taktik werden die bürgerlichen Parteien her¬
1708 1455 2766 1515 untergerissen und an ihnen kein gutes Haar gelassen,
1715 1507 2763 1572 so daß bewußt und systematisch der Eindruck erzeugt
1715 1564 2771 1617 wird, als sei die Sozialdemokratie die einzige und
1708 1605 2763 1672 beste und uneigennützigste Vertreterin der Arbeiter¬
1712 1713 2771 1768 mit melancholisch=witzigem, etwas müden, aber innigem
1712 1759 2767 1814 Ausdruck.“ War es so, Herr Monnard? Es war
1712 1810 2767 1871 vielleicht besser... Auffassung? Ich habe mehr als
1717 1854 2773 1913 einmal folgendes wörtlich betont: „Verfehlt scheint
1712 1906 2771 1961 mir, allzuviel von Auffassung einer Rolle zu sprechen.
1715 1953 2771 2012 und in der Kritik ein Gequatsche zu machen über das
1712 2000 2771 2053 System, das der Künstler nie gehabt hat. Wir
1715 2049 2771 2115 wissen, daß der die Dinge meistens so bringt, wie
1712 2100 2771 2157 er sie mit seiner Technik am besten hinlegen
1712 2147 2775 2203 kann. Und ich wünsche nicht, nachträglich
1708 2194 2770 2244 eine Theodize seiner Seifenblasen: sondern eine
1720 2238 2771 2305 Feststellung dessen zu geben, was er hinlegte, heraus¬
1717 2296 2779 2349 kriegte, machte"... Oder: „Völlig auf einem anderen
1720 2337 2769 2393 Blatt steht die Frage nach jenem Erinnerungsbild,
1717 2387 2773 2444 das er — wollend oder nicht — kraft seiner ein¬
1715 2434 2771 2496 geborenen Beschaffenheiten, kraft seiner Instinkte zuletzt
1717 2485 2773 2555 doch hinterließ. Was bei seiner Technik und bei seiner
1717 2533 2180 2592 Natur schließlich kam."
1749 2564 2769 2636 Also was gab der Schauspieler Monnard? Es
1717 2628 2769 2680 war ein Vorteil, daß bei Brahm die Lyrik nur leicht¬
1715 2678 2770 2734 hin, und mehr durch die Frauen, dämmernd erhellt;
1715 2726 2771 2787 daß Schalkheit, Skepsis, Drastisches funkelnder bestrahlt
1715 2770 2771 2830 wurde. So war an dem Liebeskoster, dem Suchenden,
1715 2823 2770 2884 dem Anatol, mit versunkener Ergötzlichkeit gezeigt,
1715 2873 2766 2922 worin er auch eine Wurzen ist... Die Musik war
1783 2917 2766 2981 nicht von Schumann, sondern ein Gemisch von
1717 2961 2769 3016 Schumann und Offenbach... Eine Wurzen; eine
1717 3008 2769 3075 ungezogene Wurzen; eine seelenschleckerische Wurzen in
1717 3071 2773 3136 der Mitte. Nicht zu zart. (Schumanns Töne klangen
2837 1230 3317 1304 prischen und
2830 1291 3324 1355 wenn durch die Sozialde
2830 1347 3314 1403 Maße Abneigung und
2836 1402 3312 1471 land in dieses Riese
2830 1454 2993 1517 werden.
2878 1490 3312 1568 Für die Beurteilung
2837 1553 3324 1629 vereins christlicher Berge
2834 1610 3317 1669 den Mitgliedern gebilligt
2830 1705 3324 1771 mehr nach Pantalon, n
2830 1753 3316 1822 Der Leser weiß Bescheid.)
2834 1811 3317 1886 denkt man dieses Abend¬
2870 1923 3321 2005 Und der Frauen. D
2836 1993 3317 2054 Cora.... Aber reizend.
2837 2045 3300 2108 sagen: reizend. Mädel
2830 2095 3304 2152 Vielleicht Mädel mit den
2837 2144 3284 2199 Nein, beides; beides.
2837 2179 3321 2258 Künstlerin ist: den Mäd¬
2837 2239 3310 2292 Als ob man sie erwischt
2830 2287 3304 2357 Magie: etwas Scham,
2834 2337 3324 2410 gefressenhaben... Reize¬
2882 2381 3324 2449 Nach der mit den 3
2842 2428 3316 2500 sie von allen, so hier
2834 2476 3321 2549 läßt, am längsten und an
2837 2531 3317 2595 die Gabriele vorbei, die
2834 2576 3321 2638 die mit den Weihnacht
2840 2623 3324 2680 die den Mut nicht ha¬
2840 2674 3314 2747 aus der besseren Welt h
2878 2720 3312 2791 Was war diese Lina
2840 2763 3314 2829 Wie fern und wie ab
2840 2823 3317 2877 geschehen war dies alles.
2846 2869 3321 2926 schattung, leis, eine du
2840 2918 3326 2984 manchmal; der Wider¬
2840 2957 3300 3037 einer Verfinsterung....
2830 3008 3321 3091 machung. Es trug sie
2834 3062 3040 3142 Himmlisch.
