3296 4224
209 55 1413 134 perg, dann zugänglich sind, wenden sie ihre Ge¬
223 83 1413 172 fühle jenen freieren Damen zu, die außerhalb der Gesell¬
223 129 1411 203 schaft stehen oder den Mädchen des „Volkes" (zur Unter¬
217 174 1406 262 scheidung von „Gesellschaft“). Im ersteren Fall bleibt es
206 229 1409 305 meistens beim Flirt. Im letzteren Fall ereignet es sich aber
205 254 1403 346 wohl manchmal, daß dort, wo der Mann nur an Liebellei
208 306 1403 389 denkt, das junge Mädchen wirkliche Liebe spendet. Die Kon¬
219 346 1402 426 flikte und Katastrophen, die sich dann ergeben, hat Schnitzler
206 395 1396 465 in seinem Schauspiel „Liebelei" behandelt. In den „Anatol¬
205 423 1408 514 Szenen bleibt er aber jedem Ernst fern. Die „Flammen“,
208 468 1406 563 die Anatol bis zum Hochzeitsmorgen entzücken, quälen, pei¬
194 512 1399 629 des beiden, so wenig wie er selber erotische
226 619 1419 669 Leidenschaft. Sie haben nur die erotische Phantasie. Das
226 665 1419 719 Herz kommt nicht in Frage, nur die Sinne. Sie sind
232 708 1425 763 Schmetterlingsnaturen. Sie haben nur Oberfläche, keine
217 743 1416 802 Tiefe. Und verfolgt man Schnitzlers gesamte Produktion
223 794 1416 852 aufmerksamen Blickes, so muß man zu der Einsicht kommen,
217 840 1413 894 daß sein Schauspiel „Liebelei“ ein Zufallsfund war. Er lag
226 880 1422 929 in der Richtung seines Weges, nicht eigentlich aber seiner Ab¬
223 923 1419 976 sichten. Jedenfalls lassen all seine späteren Schauspiele den
229 972 1416 1017 Zug ins Große und Tiefe vermissen, der hier vorhanden war.
226 1012 1417 1071 Aber auch die bestechende Leichtigkeit der Anatolszenen hat
220 1060 1413 1114 er in ihnen nicht mehr. Sie ist durch Spitzfindigkeit in der
217 1100 1413 1154 Behandlung der Probleme ersetzt; ihr Geist und ihr Witz haben
223 1146 1416 1199 nicht mehr die Unwillkürlichkeit, die feuilletonistische Bra¬
209 1186 1409 1248 vour dieser Szenen, die mit der starken Neigung zur fau¬
223 1229 1409 1285 nischen Pikanterie, die ihm immer geblieben ist und die am
226 1276 1414 1336 stärksten in der Szenenreihe des „Reigens hervortrat,
211 1323 936 1389 einigermaßen zu versöhnen vermag.
308 1346 1409 1417 Wien ist, wie Paris und wie Kopenhagen, die Stadt der
223 1406 1409 1459 feuilletonistischen Causerie. Auch die dortigen Bühnen stehen
211 1456 1413 1506 vielfach unter diesem Zeichen. Etwas Ähnliches, als Musset
217 1499 1409 1550 einst Paris gab, erstrebte Schnitzler für Wien, als er die
211 1540 1413 1590 Anatolszenen schrieb. Nimmt man Voltaires alte seine De¬
217 1585 1413 1630 finition der Liebe: „Stoff der Natur, den die Einbildungs¬
206 1622 1416 1677 kraft mit Stickerei verziert hat", so findet man in Mussets
217 1674 1409 1725 wie in Schnitzlers Dramolets oft die Stickerei so verschwende¬
214 1716 1409 1763 risch, daß sie den Stoff kaum noch hindurchschimmern läßt.
206 1754 1406 1814 Aber es ist doch ein großer Unterschied festzustellen. Musset
209 1808 1406 1860 war ein Dichter. Schnitzler ist nur ein Halbdichter, dessen
214 1850 1406 1900 gloriaseidene Eleganz, dessen Talmi=Lyrik und Sentimentali¬
206 1890 1409 1942 tät nur für Momente zu täuschen wissen. Er belustigt und
209 1939 1408 1987 unterhält wie einer; er ist nachdenklich genug, um hier und
200 1980 1406 2027 da zur Nachdenklichkeit zu stimmen, aber diese Nachdenklich¬
209 2023 1408 2080 keit ist nur ein leichter Katzenjammer. Und er ist schnell
209 2071 1402 2123 genug zur Hand und gibt den Wünschen der Zuschauer nur
209 2113 1413 2163 zu gern nach, dies Gefühl rasch wieder zu verscheuchen. Diese
211 2159 1406 2211 Nachdenklichkeit gehört nur wie eine Gewürzprise zu seinen
209 2199 1405 2256 Hautgout=Gerichten. Wie sehr ihm die große Gestaltungs¬
209 2245 1408 2291 kraft fehlt, zeigt seine Vorliebe für kleine Szenen, die er
211 2288 1406 2340 dann — wie im „Anatol", wie später im „Reigen“ — unter
200 2325 1402 2382 einem Gesichtspunkt zusammenfaßt. Auch in dieser Be¬
200 2380 996 2436 ziehung meistert er nur das Surrogat.
289 2405 1405 2474 Anatol ist ein junger Lebemann, der sich beschönigend
200 2460 1434 2511 einen leichtsinnigen Melancholiker nennt. Seine Liebesaben¬
200 2508 1402 2565 teuer sind ebenso banal, wie unterhaltsam: d. h. für den, der
198 2553 1408 2602 nicht viel nachzudenken liebt. Und wer liebt heute nach¬
209 2596 1402 2645 zudenken? Eigentlich steht Schnitzler im Anatol auf dem
211 2639 1409 2691 Paul de Kock=Standpunkt. Das süße Mädel aus der Vor¬
211 2682 1405 2737 stadt, die neugierige Frau eines Freundes, die Balletratte,
203 2730 1405 2777 die Zirkusgöttin, die temperamentvolle Modistin: sie huschen
209 2774 1405 2824 leichten Fußes, leichten Sinnes durch die fünf Situationen,
206 2816 1402 2867 die in den Anatolszenen vergegenwärtigt werden. Gespiegelt
203 2859 1409 2911 in der spielerischen Liebe dieser Mädchen, goutiert Anatol,
200 2904 1402 2956 der Lebemanntyp von heute, sich selbst, ein zweiter Narziß.
203 2950 1405 3002 Das ist ein Zug weiblich=weichen, eitlen Empfindens, der
203 2993 1396 3048 einer faden Anmut nicht entbehrt. Die tragischen Kalami¬
203 3034 1402 3084 täten des Lebens werden mit einem „Ah bah“=Lächeln unter¬
200 3073 1402 3134 drückt, die Moral wird mit einem Wielandschen Lächeln und
211 3118 1402 3181 Knix umgangen. Muß etwas Unschönes in den Kauf ge¬
200 3168 1402 3225 nommen werden, so wird ein weicher und glänzender Schleier
203 3210 1399 3271 darüber geworfen. Was gilt die Wahrheit, wenn man geist¬
209 3251 1400 3305 reiche Einfälle hat? Und schließlich: es ist ja alles nicht so
214 3294 1402 3353 schlimm. Anatols Geliebten werden ihm gute Freun¬
203 3334 1402 3401 dinnen, deren er mit Dankbarkeit und Gefühl gedenkt. Er
209 3382 1396 3439 heiratet, wie man schließlich heiraten muß; aber als Artist
206 3424 1402 3478 des Lebens wird er auch späterhin mit all seiner Kultur,
211 3471 1406 3541 Sensibilität und Reflektiertheit die Galanterie pflegen, als
1902 117 2079 202 to
1548 125 1816 220 4.9.
1900 129 2471 229 Zyklus
1454 622 2670 672 die allein er die Liebe versteht, gewürzt mit leichter Korrupt¬
1460 668 2659 723 heit und mit einigen Sentimentalitäten und Verzagtheiten.
1454 712 2656 763 Das ist der Ausklang der Szenenreihe, die so bezeichnend für
1460 759 2660 816 unsere allem künstlerischen Ernst, aller ethischen Tiefe ab¬
1465 800 2053 862 geneigte genießerische Zeit ist.
1543 832 2657 892 Nach alledem kann man nicht gerade behaupten, daß das
1454 885 2657 942 Deutsche Schauspielhaus mit dieser mondänen Schnitzeljagd
1454 934 2656 980 eine verdienstliche Bereicherung seines Repertoires erzielt
1457 972 2653 1033 hätte. Eher vielleicht eine Bereicherung der Kasse. Sie ist
1457 1014 2653 1074 ja freilich ein so maßgebender Faktor, daß alle grämlichen
1454 1069 2660 1114 Rücksichten schweigen müssen. Überdies empfand Hagemann,
1448 1109 2654 1154 der ja auch vom Feuilletonismus herkommt, vielleicht eine
1451 1149 2653 1209 kleine Schwäche für diese Szenen; jedenfalls hatte er sie mit
1448 1196 2654 1243 vieler Hingebung und teilweise auch mit großem Ge¬
1460 1229 2656 1286 schick inszeniert. Die Interieurs waren z. B. eine Muster¬
1451 1280 2657 1336 kollektion des modernen Wiener Geschmacks, süßlich, leicht,
1460 1326 2653 1374 spielerisch, aber gerade darum stark charakteristisch. Ent¬
1460 1366 2653 1425 scheidender für die Wirkung auf das Publikum aber war noch
1457 1413 2656 1460 jene Anordnung der Regie, die in der stark sentimentalen
1451 1457 2650 1506 Weihnachtsszene einen wirklichen mit zwei stampfenden
1448 1500 2656 1554 „Rössern“ bespannten Fiaker auf die Bühne kommen ließ.
1448 1546 2656 1600 Das ging in seiner Wirkung noch über den Fjorddampfer,
1454 1590 2650 1643 der einst den Erfolg der „Frau vom Meere entschied, und
1451 1626 2647 1679 erinnerte beinahe an den Hund des Aubry. — Die Darstellung
1451 1677 2650 1730 war vortrefflich, leicht, fein, wienerisch-graziös. Heinrich
1448 1716 2654 1773 Lang war als Anatol von überzeugender Einheitlichkeit, von
1451 1765 2647 1816 bezaubernder Feinheit, der wahre Erotiker, der immer
1460 1805 2656 1854 schwärmt und bei aller Zweifelsucht den Frauen gegenüber
1448 1851 2656 1903 immer Optimist bleibt. Elsa Valéry, Eugenie May, Olla
1451 1894 2650 1943 Bauer, Tony Heydorn und Marie Elsinger zeichneten die
1448 1933 2650 1993 weiblichen Typen, die ihn nacheinander bezaubern, mit Glück
1442 1983 2650 2036 und Geschick. Am temperamentvollsten, zugleich wienerisch¬
1451 2027 2657 2076 anatolisch am überzeugendsten, war Olla Bauer in ihrer
1451 2073 2650 2128 Wiedergabe des Theatermädels („Abschiedssouper"). Eine
1448 2110 2656 2165 echte Wiener Pflanze Hermann Wlach gab den Max im
1442 2160 2650 2208 allgemeinen zutreffend, aber nicht ganz ohne Gezwungenheit.
1451 2205 2644 2260 Gustav Kallenberger (Kellner) und Emil Stettner (Diener)
1451 2242 2405 2302 waren in ihren kleinen Rollen sehr belustigend.
1531 2271 2653 2344 Das Publikum unterhielt sich vorzüglich, erheiterte sich
1453 2314 2653 2410 sehr und war dementsprechend ungewöhnlich freigebig mit
1457 2368 2033 2444 seinen Beifallskundgebungen.
2382 2413 2614 2490 Iven Kruse.
2665 123 3028 214 box 8/6
