3436 4352
344 74 1329 150 haften Dialog der Anatolzenen schon vollendet vor. Sind
339 140 1325 194 diese Stücke auch nicht Theaterspiel, sondern nur An¬
353 182 1325 250 spielungen aufs Theater, und sind sie nur als flüchtige
344 232 1329 296 Symbole des Dramas zu erkennen, so verlockt doch eben
344 275 1329 342 der kunstreiche, zartgegliederte Dialog noch heute, zwanzig
346 331 1332 387 Jahre nach der Entstehung des „Anatol“, die Darsteller,
349 369 1328 435 ihre Gewandtheit an einer Charakterisierung zu versuchen,
347 417 1333 469 die nahezu allein durch das bewegliche Wort hervorzurufen
357 462 1333 525 ist. Die ästhetische Kraft dieser Szenen, die trotz ihrer
347 510 1333 568 leichten Webearbeit oder gerade deshalb uns selbst über
350 554 1336 617 die ethische Bodenlosigkeit im Fluge hinwegheben, wirkt
350 599 1335 660 noch fort; der Naturalismus, der Symbolismus, die Neu¬
347 644 1333 711 romantik und alle andern Ausstrahlungen bis zum dra¬
347 703 1337 751 matischen Nihilismus unsrer Tage konnten die Reize dieser
357 746 1337 803 fühligen, anmutig beschwingten Kunst nicht zerstören. Das
357 783 1343 846 Geheimnis dieser angenehmen Erscheinung liegt vielleicht in
342 826 1355 899 den romanischen Quellen des Anatal und in ihrer glück¬
340 905 1330 975 lichen Vereinigung mit wienerischen Zügen, denen die an¬
350 974 1329 1029 geborne Grazie den Vorzug gibt, sich auch durch schroffe
344 1011 1325 1075 Literaturen fortzuschlängeln. Im Takte der leichten Pulse
347 1060 1328 1133 entwirren, sie das schwerste und lästigste Treiben und
353 1101 935 1180 schmiegen uns an geistige Freuden.
449 1126 1328 1208 Zum erstenmal befaßt sich das Deutsche Volks¬
350 1194 1330 1253 theater mit Anatol, dem Herr Jarno vor geraumer Zeit
353 1247 1328 1304 schon viele Erfolge bereitet hatte. Aber die Erstaufführung
350 1297 1329 1347 von fünf Teilen aus dem Anatolkreise ist im Volkstheater
350 1335 1329 1407 jetzt umso interessanter, als heute nicht bloß anders
357 1390 1332 1442 gedichtet, sondern auch anders gelebt wird. Wirklich haben
349 1422 1336 1480 die Szenen nun mehr als Kunstwerke denn als soziale
353 1479 1339 1532 Dokumente das Publikum gefesselt. Das tiefe psychologische
357 1518 1343 1583 Moment, das nicht aus der mitarbeitenden Zeit begriffen
357 1560 1335 1622 werden muß, das allgemein Menschliche trat in jeder
357 1615 1332 1668 Szene stärker hervor als vor Jahren, da die originalen
357 1653 1330 1711 Anatole noch munter mit uns lebten und in Schnitzlers
357 1698 1336 1758 Dichtung wie in einen Spiegel schauten. Für die geist¬
360 1758 1339 1803 bewegte künstlerische Führung der einzelnen Stücke war
353 1796 1342 1853 die Teilnahme im Deutschen Volkstheater so lebhaft und
360 1835 1333 1903 frisch, als ob uns die geschickten Wendungen zum ersten¬
362 1885 1343 1975 mal verblüfften. Das ist eine vollgültige Bekräftigung
362 1937 660 2007 dauernder Werte.
417 1944 1340 2047 Gleichwohl ist das Wesen Kramers — es war ja
365 2021 1340 2080 im Grunde ein Kramerzyklus — für die Halbgefühle und
360 2066 1337 2132 Wanderliebe des jungen Anatol schon ein wenig zu se¬
360 2129 1342 2179 haft; an seiner Rede hängen Gewichte, und von dem
368 2154 1343 2223 „leichtsinnigen Melancholiker" als den sich Anatol selbst
365 2204 1351 2264 bezeichnet, schien der Leichtsinn zu entschweden, so daß un¬
365 2253 1350 2315 der Bodensatz der Melancholie übrig blieb. Erst die Ver¬
367 2296 1343 2357 legenheit Anatols an seinem Hochzeitsmorgen, wo die
365 2350 1346 2403 Dichtung auch den gewohnten Späten Kramers entgegen¬
369 2384 1346 2453 kommt, entsprach den Voraussetzungen, die in der gegen¬
368 2434 1348 2491 wärtigen Verfassung des liebenswürdigen Darstellers
371 2480 1347 2541 liegen. Dagegen hat Anatols kälteres Widerspiel, die ver¬
368 2522 1347 2582 nünftig überlegene Stepsis des Freundes Max in Herrn
368 2565 1351 2623 Lackner die denkbar günstigste Vertretung gefunden. Er
368 2608 1351 2678 war natürlich und von ergötzlicher Trockenheit. Seine leicht
371 2666 1353 2721 wienerische Tonfärbung berührte sehr angenehm, jede
378 2709 1353 2772 Pointe, jede Zwischenbemerkung machte den erwünschten
381 2754 1346 2815 Effekt. Fräulein Hannemann war in der gebotenen
376 2797 1351 2859 Passivität als hypnotisierte Cora so vortrefflich wie Frau
375 2846 1350 2905 Galafres in der bis zur Tätlichkeit aktiven Rolle der
381 2891 1355 2958 Ilona, die ihren Anatol erst eine Stunde vor seiner Hoch¬
383 2934 1351 3001 zeit preisgibt — in der sicheren Erwartung, ihn zeitweilig
368 2982 1348 3037 wiederzugewinnen. In der seelisch vertieften Duoszene der
386 3027 1351 3098 „Weihnachtseinkäufe war Fräulein Reinau die Welt¬
378 3071 1350 3137 dame, die das süße Mädel um den Mut der freien Liebe
383 3115 1354 3179 beneidet — reizvoll, aber vielleicht selbst ein wenig zu füß
378 3161 1358 3229 und zu viel Mädel. Im „Abschiedssouper", gab Frau
378 3218 1364 3277 Glöckner eine charakteristische Balletrattenstudie. Es sei
378 3264 1360 3322 mit hohem Lobe anerkannt, daß sie die literarische Linie
381 3309 1355 3370 nirgends überschritt, obwohl das Publikum auf jeden
381 3347 1361 3414 „Schlager stürmisch reagierte. Paula Müller gab in
383 3391 1362 3458 der „Episode die Zirkusdame Blanca — in wenigen
376 3439 1358 3497 bedeutungsvollen Worten, in nur leicht bezeichnenden
383 3483 1361 3547 Bewegungen ein Bild vollendeter Künstlerschaft. Die
381 3525 1367 3593 Schlußpunkte allein waren ein Virtuosenstück. Der Reichtum
381 3580 1367 3639 des Deutschen Volkstheaters an weiblichen Variationen erregte
378 3627 1368 3693 ungemeines Wohlgefallen. Mit allen Darstellern wurde
382 3658 1361 3754 der Dichter, der sein Erstlingswerk neu aufhehen sah, nach
1160 3708 1318 3776 Rob. H.
378 3714 985 3789 jedem Teile vielmal herzlich gerufen.
2759 161 3122 260 box 8/4
2408 181 2561 274 klu-
1646 179 2169 287 4.9. Anatol
2678 1607 2858 1698 Wien, 1.
2573 1673 2943 1764 Konkordiaplatz 4
2098 1911 2922 2023 Illustrirte Kronen-Zeitung, Wien
1848 1991 2229 2096 DE
2066 2115 2564 2218 Theater und Kunst.
1873 2178 2505 2266 (Deutsches Volkstheater.)
2562 2185 2879 2268 Ein Schnitzer¬
1766 2241 2876 2311 Abend. Die fünf reizenden „Anatol" - Einakter, die Einzeln
1775 2278 2873 2353 schon bei verschiedenen Anlässen gespielt wurden, füllten dies¬
1762 2330 2876 2372 mal in kompletter Vollständigkeit einen anregenden, unter¬
1765 2361 2869 2412 haltlichen Theaterabend. Zuerst wurde von Anatol an die Ge¬
1762 2400 2876 2462 liebte „Die Frage an das Schicksal gestellt, hierauf
1768 2430 2875 2489 folgten die hübschen Auseinandersetzungen „Weihnachtsein¬
1761 2476 2868 2540 käufe zwischen Anatol und Gabriele. Als dritter Akt wurde
1762 2508 2869 2573 wieder einmal das „Abschiedssouper“ gefeiert. Dann kam die
1758 2568 2873 2615 „Episode mit Bianca und den Schluß machte die Liebesbilanz
1760 2590 2868 2650 Anatols an seinem „Hochzeitsmorgen". Herr Kramer
1765 2628 2868 2686 spielte den Anatol im Schnitzlerischen Sinne, als den liebens¬
1760 2675 2869 2721 würdigen, unbedenklichen und doch geistreichen Charmeur.
1750 2721 2864 2773 Anatols Freund (Max) gab Herr Lackner in eleganter Hal¬
1757 2740 2872 2805 tung. Die unterschiedlichen Liebchen Anatols verkörperten Fräu¬
1757 2783 2862 2839 lein Hannemann (Cora), Fräulein Reinau (Gabriele),
1762 2823 2868 2883 Frau Glöckner (Annie), Fraulein Müller (Bianca) und
1758 2864 2858 2927 Frau Galafrés (Ilona) mit Charme und guter Charak¬
1757 2907 2869 2983 teristik. Es gab reichlichen Beifall für den Dichter und die
1754 2934 1915 3000 Künstler.
