3344 4224
136 114 1090 226 4.9. Anatol - Zyklus
1253 123 1612 211 box 9/5
812 1006 2011 1082 Darunter neue
1017 1166 1824 1280 Großherzogliches Hoftheater
1338 1256 1502 1347 Anatol
1130 1314 1706 1398 Von Arthur Schnitzler
896 1375 2017 1434 Arthur Schnitzler, fraglos eine der markantesten Erschein¬
824 1410 2008 1477 ungen der modernen Literatur, ist an unserem Hoftheater
822 1455 2008 1523 früher nur mit der „Liebelei“ und mit dem der Anatol-Gruppe
819 1501 2005 1562 entstammenden niedlichen Einakter „Das Abschiedssouper" zu
821 1529 2005 1594 Wort gekommen. Einmal nahm sich auch die Freie literarisch¬
818 1573 2005 1640 künstlerische Gesellschaft seiner an und widmete dieser Szenen¬
818 1625 2003 1685 reihe einen Abend, der dieselben 5 Werke brachte, wie am
818 1661 1997 1712 Samstag unser Hofschauspiel. Schon bei diesen Gelegen¬
815 1700 2005 1761 heiten haben wir einer intensiveren Pflege der Kunst des jetzt
812 1742 2000 1803 50jährigen Wiener Meisters das Wort geredet, und es scheint,
813 1788 1999 1845 als ob jetzt die Zeit der Erfüllung gekommen sei. General¬
809 1818 1999 1878 direktor Dr. Eger findet ja gerade bei Schnitzler zahlreiche
809 1851 2000 1921 Aufgaben, wie der moderne Regisseur sie reizvoller und dank¬
809 1905 2005 1961 barer kaum wünschen kann, und auch im Publikum scheint der
810 1935 1999 2006 Boden vorbereitet zu sein. Am Samstag wenigstens war der
801 1985 1993 2047 Konner zwischen Darstellern und Zuschauern sehr bald gefun¬
807 2021 1988 2087 den, was um so mehr besagen will, als gerade der „Anatol“
812 2062 1999 2111 bei der szenischen Aufführung an beide Teile recht erhebliche
812 2097 1993 2160 Anforderungen stellt. Während einige der gewählten fünf
812 2138 1993 2196 Einakter ihrer Wirkung unmittelbar sicher sind, wie etwa das
809 2178 1997 2245 „Abschiedssouper" oder der freilich etwas derbe Abschluß,
810 2226 1993 2286 „Anatols Hochzeitsmorgen", verlangen die „Weihnachtsein¬
801 2257 1997 2326 käufe, die „Episode und die „Frage an das Schicksal, wenn
810 2292 1999 2364 sie nicht ihrer eigenartig duftigen Stimmung verlustig gehen
815 2337 1988 2402 sollen, von den Künstlern eine ungemein delikate Behandlung
812 2379 1985 2435 und von den Hörern eine Beweglichkeit der Auffassung und
809 2419 1984 2474 einen seinen Sinn für die psychologische und dialogische Ent¬
806 2452 1990 2525 wickelung, die vielleich nicht jedermanns Sache sind. Wenn
804 2492 1987 2561 trotzdem auch diese Szenen starken Anklang fanden, so ist dies der
800 2531 1981 2595 beste Beweis für die ausgezeichnete Qualität der Wiedergabe,
804 2568 1978 2643 die man in erster Linie dem Spielleiter, Dr. Eger, zu danken
806 2616 2002 2675 hat; mit bewundernswerter Sicherheit und erlesenen Geschmack
801 2654 1993 2722 wußte er diese so verschieden gearteten Einakter äußerlich und
797 2698 1994 2752 innerlich aufzubauen und in ihrer Stimmung fast restlos zu
797 2734 1997 2793 erschöpfen. Als Hilfstruppen standen ihm zwei der kultivier¬
800 2775 1990 2830 testen und individuellsten Darsteller des Ensembles zur Seite:
801 2814 1993 2878 Kurt Ehrle, der einen prächtigen Anatol abgab, und Kurt
797 2852 1993 2917 Westermann, der dem „Max" die erforderliche Bedeutung
795 2896 1987 2950 verlieh. In den z. T. wesentlich undankbareren Episoden der
797 2933 1981 2989 fünf Damen schufen Frl. Pils, die sich damit als Mitglied
797 2980 1985 3035 aufs vorteilhafteste einführte, Frl. Berka, Frl. Gothe,
795 3012 1984 3074 Frl. von Sonnenthal und Frl. Alsen feingesehene
795 3054 1987 3111 charakteristische Typen der verschiedenen Arten von Weiblich¬
797 3090 1981 3147 keit, denen Anatol der Reihe nach zu Füßen liegt; ihrem fein¬
795 3129 1981 3196 fühligen, dezenten Spiel gelang es, dem immerhin etwas
797 3172 1976 3228 heiklen Vorwurf den Beigeschmack des Peinlichen oder An¬
797 3208 1987 3264 stößigen gänzlich fernzuhalten, so daß das künstlerische Wesen
789 3250 1981 3301 dieser Szenenreihe rein und lauter zutage treten konnte und
791 3295 1981 3347 alle, die etwa einen kleinen Ellat erwartet hatten, nicht auf ihre
795 3328 1130 3392 Rechnung kamen.
863 3361 1340 3441 Darmstadt, 10. Februar
1819 3365 1961 3452 P. S.
2645 1589 3214 1668 are
2654 1803 3157 1906 Großherzoglie
2845 1899 3211 1988 Samstag der
2983 1967 3216 2039 um der
3006 2032 3199 2106 n
2900 2086 3207 2168 von Arthur
2712 2135 3198 2210 A. Reiche genen
2624 2192 3169 2251 erfahren. Wie sieht es aus
2645 2231 3178 2283 so spricht Frau Gabriele
2630 2271 3137 2316 Wunsch mögen wohl man
2630 2307 3072 2355 haben, die heute die
2628 2343 3089 2399 Wiener Demimonde, in
2630 2386 3150 2440 Liebe huldigenden Däche
2637 2420 3125 2480 Ilone stehen, kennen ler
2622 2461 3110 2518 Rechnung gekommen sind
2627 2498 3096 2555 sofern nicht Langeweile
2622 2537 3018 2604 lösten sich die einzel¬
2704 2571 3145 2633 Bei dem Anatol=Zyklus
2627 2609 3147 2661 um Bühnenstücke, sondern
2630 2651 3145 2695 Stimmungsbilder, die wol
2624 2688 3089 2740 bei einer Aufführung ab¬
2660 2730 3084 2778 Mangel an Handlu.
2648 2766 3090 2815 genommen hiervon sind
2636 2808 3099 2848 und der Hochzeitsmorgen
2707 2840 3110 2899 de geben mag, deren
2624 2875 3144 2929 Ansicht suggerieren, daß so
2621 2912 3122 2966 eine literarische Bedeutun
2616 2956 3119 3008 nicht neu, beweist aber an
2618 2987 3104 3036 Das erste der Stücke,
2624 3024 3089 3072 ein Dialog zwischen An¬
2618 3065 3032 3117 Frau über die Liebele
2618 3101 3024 3154 ein höheres Maß von
2618 3140 3062 3207 Anatol noch eine Art von
