3484 4256
286 79 1143 149 -
289 137 1140 190 Jungösterreicher mit der subtileren Kultur und der
284 175 1143 233 weltschmerzlich lächelnden Walzerstimmung ihrer Stadt
281 223 1140 279 unseren bitterernsten Naturalismus bereicherten, und
286 269 1140 327 sie haben sich unverändert frisch erhalten, obschon sie
281 304 1133 383 heute das für moderne Literaturwerke bereits ehrwür
286 355 1133 403 dige Alter von siebzehn Jahren aufweisen. Wir
281 390 1072 459 hören noch immer mit Behagen die graziöse
281 443 1140 499 weisheit der Dialoge an, in denen der „leichtsinnige
286 484 1140 537 Melancholiken". Anatol und sein realistisch gesinnten
284 530 1145 583 Freund Max ihre Erlebnisse und Anschauungen über
286 575 1133 631 das unendliche Thema „Weib austauschen, währen
286 618 1140 671 zwischen dem blasierten Schwärmer und dem ver¬
289 654 1148 715 gnüglichen Skeptiker eine sympathische Reihe süßer
284 699 1145 765 Mädel und mondener Frauen habinbüpft, als lebendige
286 747 1140 798 Exempla, an denen ihre törichten und gescheiten
286 793 1143 851 Doktrinen demonstriert werden. Diese Gespräche
294 836 1140 894 schaukeln zwischen Novellette und Dramolet zierlich
294 879 1145 940 hin und her, aber nachdem man schon früher mit ein¬
284 930 1148 983 zelnen von ihnen gelungene Bühnenversuche angestellt,
284 970 1155 1021 ergab sich gestern, daß sie reich genug sind, auch die
286 1014 1145 1074 Kosten eines ganzen Theaterabends zu bestreiten. Es
294 1049 1145 1117 gab sogar in diesem losen Gefüge so etwas wie eine
286 1102 1115 1171 dramatische Entwicklung, symbolisch dargestellt an
289 1145 1143 1193 Anatols Schädel: der zeigte nämlich üppigen Haar¬
294 1191 1143 1247 schmuck, als der Held so vieler kleiner Abenteuer
286 1224 1148 1300 vor der „hypnotisierten Cora die „Frage an
284 1282 963 1335 das Schicksal, nämlich die
286 1318 1153 1373 ihm treu sei, — lieber nicht stellt. Wir dürfen ihn,
286 1366 1145 1411 also den Haarschmuck, noch ebenso üppig unter dem
286 1409 1145 1467 Zylinder vermuten, unter dessen Schutz Anatol die
286 1444 1153 1518 elegante Gabriele auf winterlicher Straße bei ihren
291 1492 1145 1551 „Weihnachtseinkäufen" in ein pilantes Ge¬
289 1533 1148 1594 spräch verwickelt. Aber er offenbart bedenkliche kleine
294 1586 1148 1637 Lücken im „Abschieds souper, da die betrogenen
294 1619 1145 1698 Betrüger sich gegenübersitzen. Er wird dünner und
286 1670 1148 1725 dünner in der „Episode", da das eitle Männchen
289 1708 1148 1769 erleben muß, daß ihn ein Weibchen radikal vergessen
286 1753 1148 1817 hat. Und er ist zur leuchtenden Glatze mit einsam
286 1801 1145 1857 sich schlängelnder Sardelle am „Hochzeits¬
286 1847 1145 1895 morgen" geworden, da Anatol sein Bräutigams¬
286 1890 1145 1941 bukett vor der rabiaten Ilona retten muß, mit der
286 1931 1145 1989 er Abschiedsnacht gefeiert, bevor die Ehe ihn ein¬
286 1976 1145 2030 heimst. Der Träger dieser tragischen Perückenfolge
286 2017 1145 2073 war Heinz Monnard, der für den unsterblichen
286 2062 1145 2118 Typus des liebenswürdigen Snob viel drollige Laune
294 2108 1148 2159 und ein geschickt abgewogenes Quantum verliebter
296 2151 1155 2202 Tumbheit aufbrachte. Wie die ganze Vorstellung des
294 2194 1153 2253 Lessing=Theaters war auch dieser Anatol ein wenig
296 2232 1158 2291 aufs Deutliche und Derbe gestimmt. Die Szenen
289 2283 1153 2344 verlieren dadurch etwas von der zarten Lässigkeit ihrer
296 2331 1160 2377 dekadenten Ironie, aber sie gewinnen dafür an
294 2361 1153 2420 bühnenmäßiger Schlagkraft. Kam Herr Monnard
302 2412 1153 2463 immerhin aus Wien, so stammte der Max von
304 2463 1150 2513 Emanuel Reicher leider aus Budapest oder noch
309 2503 1155 2559 ferneren südöstlichen Gegenden. Wie im Alter
304 2541 1145 2600 (Herr Reicher kann sehr viel jünger aussehen) so in
294 2595 1153 2640 den Manieren entfernte sich dieser Konsident all¬
302 2645 1153 2693 zuweit von seinem Herzensfreund. Zu dem
299 2683 1153 2754 Reigen der „Verschiedenen": der Cora, Annie,
302 2724 1026 2797 Gabriele, Bianca, Ilona reichten
299 2764 1153 2823 Fräulein Somary, Fräulein Lossen, Frau
294 2820 1158 2873 Sussin, Fräulein Herterich und Frau
294 2863 1153 2911 Triesch ihre sanften und temperamentvollen, zärt¬
296 2909 1079 2959 lichen und kräftigen Hände. Mit besonderem
302 2944 1153 2997 Frau Sussin, die sich im „Abschiedssouper" als be¬
302 2992 1148 3043 schwipste Treulosigkeit von ausgelassenster Fidelität
302 3040 1148 3089 nicht zuletzt auch als bewundernswerte Esserin mit herr¬
304 3079 1158 3137 lich ungenierten Gewohnheiten einen wohlverdienten
302 3127 649 3185 Sonderapplaus holte.
2762 167 3117 266 box 8/5
2270 177 2592 271 Zyklus
1644 177 2174 279 4.9. Anatol
2291 1209 3307 1264 Hochzeitsmorgen". Der armselige, nun schon
2291 1257 3301 1307 etwas liebesinvalide Held hat am Morgen seines
2291 1297 3301 1350 Hochzeitstages, am Morgen nach der letzten Freiheits¬
2280 1340 3294 1394 nacht, eine frühere Freundin bei sich. Die Schwierig¬
2288 1381 3294 1432 keit, sie los zu werden, die Wut der wilden Kleinen,
2291 1421 3294 1462 Anatols Angst, sie könnte die Hochzeit stören, bildet
2288 1459 3299 1518 den Inhalt dieser Episode. Die Verlegenheiten sind
2291 1500 3296 1556 geschickt gesteigert und da das kleine Stückchen so flott
2280 1541 3294 1596 gespielt wurde, erkämpfte es sich seinen Beifalls=Ertrag,
2278 1591 3304 1655 trotz der im Hause bereits eingetretenen allgemeinen
2280 1624 2496 1690 Ermüdung
2349 1634 3296 1710 Die Anatol-Szenen wurden überhaupt recht frisch
2283 1705 3296 1753 gespielt und waren von Emil Lessing mit vielem Ge¬
2291 1746 3301 1794 schmack inszeniert. Freilich waren die Vertreter der
2280 1781 3294 1834 beiden Hauptrollen für ihre Aufgaben geistig zu reif¬
2283 1824 3301 1870 Herr Monnard war mit allem Geschick bestrebt, den
1601 1817 2078 1931 41910
2280 1867 3307 1918 weichen, schleppenden Ton des dekadenten Wiener Gigerl
2280 1905 3294 1961 zu treffen wie er im Aeußern das Wesen charakterisierte
2288 1948 3294 1992 Herr Reicher, der vor zwanzig Jahren an der ersten
1421 1951 2144 2047 Berliner Börsen Courier,
2283 1989 3294 2042 Aufführung eines dieser Stückchen mitwirkte und also
2288 2024 3291 2078 aus Pietät wieder mittat, gab den liebenswürdigsten
1198 2037 1343 2106 par
1639 2024 2050 2116 Morgenausgabe
2280 2073 3291 2123 Räsonneur, aber man sträubte sich gegen die Annahme,
2280 2111 3291 2159 daß diese beiden wuchtigeren Darsteller sich andauernd
2280 2151 3294 2197 mit derlei Primaner= oder Studenten=Liebeleien ernst¬
2291 2187 3294 2245 haft befassen. Frl. Somary war flott und frisch im
1477 2199 2057 2301 Vor den Kulissen.
2283 2235 3294 2280 ersten Stückchen, Frl. Lossen wollte aus der kleinen
1318 2270 3294 2331 Das Lessing=Theater, das uns bald Arthur Rolle im zweiten mehr herausschlagen, als sie bietet
2346 2313 3296 2361 der Zettel verzeichnet übrigens hier wieder den
1269 2318 2268 2379 Schnitzlers neuestes Werk darbieten will, brachte uns
2990 2354 3294 2420 Im „Abschieds¬
2291 2329 2959 2412 Max, der aber gar nicht erscheint.
1262 2377 2263 2415 gestern sei ältestes. An die zwanzig Jahre sind die
2296 2394 3296 2450 souper bewährte Frl. Sussin sehr viel Geschick
1262 2412 2268 2458 Anatol-Szenen alt, seit achtzehn Jahre liegen sie
1262 2432 3299 2503 im Druck vor, der Autor ist längst und hoch über die und überlegene Sicherheit — die Nawetät nur
2288 2473 3294 2529 fehlte, die diesem Stücken das Verletzende
1269 2493 2258 2544 Entwicklungsphase hinausgewachsen, der jene Skizze
1269 2513 3296 2582 entstammen, und gestern erst wurden sie auf einer nimmt. Die kleine Szene der Zirkus=Bianca im
2288 2562 3294 2610 vierten Stückchen lag Frl. Herterich recht gut und
1267 2579 2265 2625 Berliner Bühne, zu einem Strauß gebunden, einer
2288 2602 3294 2650 die Ilona gab denn Frau Irene Triesch Gelegen¬
1267 2620 2258 2668 verständnisvoll empfänglichen Zuschauerschar vor
2288 2643 3294 2688 heit, ihre erstaunliche Vielseitigkeit zu bewähren.
1269 2655 2263 2704 gesetzt. Nicht alle sieben freilich, aber doch fünf, die
2288 2681 3289 2731 Diese temperamentsprühende kleine Frau, anschmieg¬
1267 2698 2265 2744 den Zeitumfang eines Theaterabends gerade füllen
2291 2721 3291 2774 sam und schmeichelnd wie ein Kätzchen, ungebärdig
1269 2739 2263 2785 Zwei dieser kleinen, pikanten Dialoge und
2283 2764 3289 2812 wie eine Wildkatze, ist das wirklich unsere reichbeseelte
1267 2774 2258 2830 Szenen sind hier schon früher gespielt worden. „Di
2293 2807 3291 2873 Ibsen=Darstellerin, wirklich die geistgetragene Jeanne
1267 2820 3294 2919 Frage an das Schicksale im Residenz=Theater, re, wirklich die Priesterin im Tempel unserer klassi¬
1262 2863 2265 2914 mit Jarno als Anatol, das „Abschiedssouper" wurde
2296 2888 2572 2957 schen Dichtung
1267 2901 2265 2954 hier sogar viel und oft und auf sehr vielen Bühnen
2349 2904 3296 2980 Der ganze Anatol-Abend ist als eine hübsche
1267 2954 2260 3000 gegeben, mit Hansi Niese, mit Gisela Schneider=Nissen
2296 2957 3284 3018 Studie zur Kenntnis von Schnitzlers Entwick¬
1259 2987 2265 3033 mit der Sorma sogar, und mit der ersten Dar¬
1269 3008 3289 3076 stellerin der Rolle, mit Adele Sandrock. In ihrem ung, nicht als Charakterisierung Schnitzlers an¬
1272 3043 3291 3117 Zusammenhange erst, in ihrer Geschlossenheit, geben zusehen. Derlei auf einen ironisch-pessimistischen
2288 3089 3289 3162 Ton gestimmte Jugendarbeiten haben viele unserer
1259 3111 2258 3160 die fünf von den sieben Anatol-Szenen ein Bild de¬
1269 3129 3289 3231 jugendlichen Verfassers, des Arthur Schnitzler von Dramatiker einmal veröffentlicht. Sudermanns
2291 3175 3291 3236 Geschichten „Im Zwielicht" sind den Schnitzlerschen
1262 3187 1566 3248 1890 oder 1891.
2873 3210 3289 3276 Nur daß uns hier
2291 3218 2820 3266 Skizzen nahe verwandt.
1330 3220 2265 3276 Daß die fünf kleinen Schöpfungen weder einzeln
2291 3238 3289 3301 manche aus Uebermut in Wehmut, aus Wehmut in
1269 3266 2263 3322 Dramen irgendwelcher Art bilden, noch insgesamt zu
3185 3296 3291 3347 recht
2291 3299 3038 3360 Uebermut umspringende Momente
1262 3307 2263 3365 einem einheitlichen Stück sich zusammenschließen, ob¬
2291 3327 3291 3380 Wienerisch anmuten, wie Straußische Melodien.
1262 3347 2265 3421 wohl die zwei männlichen handelnden oder sprechen¬
2288 3377 3291 3423 Nur daß der „leichtsinnige Melancholiker Anatol die
1262 3398 2255 3443 den Personen dieselben bleiben und auch die
1259 3418 3289 3471 weiblichen nur die Namen wechseln, das würde Züge des jungen Schnitzler zeigt. Dem ge¬
2283 3454 3284 3519 reiften Schnitzler von heute werden wir an gleicher
1262 3471 2260 3527 dem Erfolge wahrlich keinen Eintrag tun. Gerad¬
2293 3502 2828 3570 Stätte bald wieder begegnen.
3099 3497 3231 3570 J. L.
1262 3509 2263 3560 unsere Zeit hat ja eine fast krankhafte Vorliebe
1272 3557 2270 3608 für alles was von der Norm, vom Gewohnten ab¬
1254 3598 2268 3646 weicht. Aber die immer wieder, immer aufs Neue sich
1262 3638 2265 3697 wiederholenden Gespräche über das Thema Liebe er¬
1257 3676 2268 3722 müden — oder eigentlich über das Thema „Lie¬
1259 3717 2270 3770 belei“. Denn erste, flüchtige Entwürfe zum erfolg¬
1254 3760 2270 3811 reichsten Stück Schnitzlers, zu „Liebelei", stellen diese
1262 3798 2260 3851 Szenen dar: Erste Skizzen zu dem später so vor¬
1259 3839 2265 3887 trefflich, so meisterlich ausgeführten Porträt des
1452 3884 2263 3940 süßen Mädels. Die Gespräche sind
1262 3887 1404 3937 Wiener
1257 3922 2268 3975 jedesmal durch ein pikantes Beispiel, durch
1254 3968 2268 4024 ein psychologisches Experiment belebt, aber die
1254 4006 2265 4054 manieriert pessimistische Weltanschauung, die in diesen
1254 4049 2265 4092 Gesprächen und Beispielen sich kundgibt, ist nirgends
1262 4089 2268 4135 Extrakt von Leben und Erfahrung, sondern überall
1520 4127 1834 4203 le
