3436 4352
1337 236 1687 340 box 9/3
825 241 1177 352 Zyklus
208 241 761 352 4.9. Anatol
321 392 964 480 dann wegen wieder golden.
1288 428 3182 541 differenziertesten psychologischen Feinheiten zutage der Aufführung hatte Herr Direktor Dr. Rucker
2247 520 2757 600 inne. Der Beifall war stark.
1285 524 2216 584 treten. Und über das hinaus sind diese Schnitzler
586 513 990 626 Feuilleton.
1288 567 2223 664 schen Kostbarkeiten ein Zeit- und Sittenspiegel
1285 621 1602 695 Karsten Schliffs.
1344 638 2230 711 Der Aufführung gebrach es im allgemeinen
676 652 912 751 Ther.
1295 697 2225 758 nicht an Stimmung. Am tiefsten war wohl die
383 699 2223 808 ti. Als dritte Gastspiellolle hatte sich Gustav Wirkung, die von dem Dialog der „Weihnachts¬
1290 799 2225 843 einkäufe ausging. Spiel und szenische Ausma¬
331 780 1262 865 Waldau den Anatolintz gleich¬
1299 829 2221 888 chung ergänzten sich hier zur schönsten Einheit.
333 834 1264 891 namigem Einakterzyklus ausgewählt, und am
1297 872 2230 931 Daneben bedeutete das an komischen Situationen
333 869 1269 936 2. Dezember konnte man sich im Pfauen¬
333 914 2233 978 theater der Tatsache freuen, daß Waldau auch reiche „Abschiedssouper den humoristischen Höfe¬
1297 959 2230 1018 punkt des Abends. Herr Waldau zeichnete den gut¬
333 959 1259 1030 der feinbefalteten Kunst Schnitzlers ein verständ¬
1297 1002 2230 1056 mütigen Stimmungsmenschen Anatol, der in
338 1006 1264 1063 nisvoller und gewandter Interpret ist. Was der
1304 1049 2235 1096 Halbdunkel, im Licht der grün=roten Ampel und
338 1051 1264 1110 Wiener Arzt in den sieben Einaktern des Anatol¬
1302 1084 2230 1153 beim Klavierspiel sein poetisches Gemüt in die se
338 1094 1264 1155 Zyklus gibt, von denen dier: Die Frage an das
1299 1134 2230 1184 oft viel nüchterner empfindenden Seelen seiner
335 1136 1264 1195 Schicksal, Weihnachtseinkäufe, Episode und Ab¬
1297 1169 2230 1231 Huldinnen hineindichtet, mit seinem Verständnis.
343 1174 1264 1243 schiedssouper gespielt wurden, ist stofflich ein Quer¬
343 1219 2225 1288 schnitt durch das Liebesleben des Helden, Hoff= Seiner zurückhaltenden, reflektierenden Art war
1297 1262 2230 1328 es zu verdanken, daß man diesen Anatol, wie es
335 1266 1231 1328 manns Erzählungen an die Donau übertragen
1304 1304 2230 1361 auch sein soll, nicht als bloße Lustspielfigur
335 1304 1273 1363 unter Weglassung des bösen Geistes allerdings,
338 1349 2237 1410 denn die Frauen, die in bunter Reihe durch Ana¬fand Ueberraschend gut traf Herr Armand den
1309 1392 2233 1443 Ton von Anatols Freund Max. Im Spiel und
343 1394 1273 1451 tols Leben ziehen, sind so wenig wie dieser selbst
1304 1429 2235 1488 Dialog sahen wir ihn noch selten besser. Die
340 1434 1273 1498 Werkzeuge einer finsteren Macht, sondern bloße
1304 1479 2237 1529 Frauen, die bei Schnitzler=Anatol in jedem Stück
338 1481 1271 1536 Menschen des alltäglichen Lebens. Die Liebe aber
1304 1514 2235 1569 wechseln, spielten die Damen Kinz, Kühl, Ewald
347 1526 1273 1585 von der hier die Rede ist, ist Liebe auf Zeit, Zu¬
1311 1566 2237 1625 und Laßmann. Frl. Kühl als Gabriele (Weih¬
345 1578 1278 1630 neigung auf Abbruch. Frivol und zynisch lauten
1309 1609 2240 1656 nachtseinkäufe und Frau Laßman als Annie
345 1609 1280 1670 die nackten Inhaltsangaben dieser Spiele, unter
1318 1644 2233 1701 (Abschiedssouper) boten Vorzügliches. Frl. Ewald
345 1656 1276 1725 der Hand des Dichters aber wurden sie zu feinster
1304 1696 2240 1753 lag die Rolle der Zirkusreiterin nicht besonders
343 1701 1273 1755 Kammermusik. Da legt sich eine weiche und zart
1311 1736 2235 1793 gut und Frl. Kinz hatte als vorwiegend schlafen¬
352 1746 1271 1805 Wiener Stimmung über das Ganze, sorgsam ge¬
1316 1777 2242 1833 des Medium im ersten Stück keine große Gelegen¬
357 1788 1278 1845 drechselte Dialoge und Gespräche zu Dritt bauen
1309 1829 2242 1907 heit, ihr Können zu zeigen. Die umsichtige Leitung
347 1831 1280 1925 sich in meisterlicher Knappheit auf und lassen die
1831 2259 2861 2374 Schaubühne und Kunst.
298 2277 1328 2400 Schaubühne und Kunst.
1817 2337 2955 2481 „Auctor. Vier Szenen Schnitzley
359 2388 1292 2488 „Anatol. Vier Szenen von Schnitzler,
1840 2429 2911 2530 Mittwoch abends wurden in Stadttheater
309 2469 1373 2542 Mittwoch abends wurden. Stadttheater
1784 2504 2904 2570 vier Einakter aus dem Zyklus „Anatol“ von
248 2518 1382 2587 vier Einakter aus dem Zyklus „Anatol“ von
1788 2547 2904 2622 Arthur Schnitzler aufgeführt. Dieser Anatol ist
255 2570 1377 2632 Arthur Schnitzler aufgeführt. Dieser Anatol ist
1784 2594 2911 2670 trotz seiner Liebenswürdigkeit kein sympathischer
250 2615 1377 2698 trotz seiner Liebenswürdigkeit kein sympathischer
1795 2646 2904 2719 Charakter, jedenfalls paßt er wenig in unsere
255 2670 1380 2729 Charakter, jedenfalls paßt er wenig in unsere
1788 2707 2911 2762 demokratische Zeit. Er ist der Typus des leicht¬
253 2715 1375 2778 demokratische Zeit. Er ist der Typus des leicht¬
1795 2748 2906 2818 sinnigen genußsüchtigen Faulenzers, der die
258 2762 1375 2835 sinnigen genußsüchtigen Faulenzers, der die
1788 2797 2911 2861 weibliche Jugeno als Freiwild betrachtet, nur
258 2811 1380 2878 weibliche Jugend als Freiwild betrachtet, nur
1793 2837 2915 2915 dazu da, damit dieser Weibernarr seine Lüste
260 2856 1384 2925 dazu da, damit dieser Weibernarr seine Lüste
1786 2889 2911 2970 befriedigt. Anatol sammelt Liebesabenteuer und
255 2911 1387 2984 befriedigt. Anatol sammelt Liebesabenteuer und
1788 2946 2922 3017 Liebeserinnerungszeichen wie ein anderer alte
255 2955 1389 3022 Liebeserinnerungszeichen wie ein anderer alte
1795 2991 2911 3059 Münzen od. Briefmarken sammelt u. — was das
255 3007 1394 3071 Münzen od. Briefmarken sammelt u. — was das
1800 3036 2925 3107 Schlimmste ist — er prahlt damit. Daß er sich
265 3050 1396 3118 Schlimmste ist — er prahlt damit. Daß er sich
1788 3090 2918 3159 dabei regelmäßig blamiert, versöhnt, nicht mit
265 3114 1392 3173 dabei regelmäßig blamiert, versöhnt nicht mit
1798 3128 2913 3208 der schamlosen und gemeinen Kalle die er spielt.
267 3149 1394 3218 der schamlosen und gemeinen Rolle, die er spielt.
1795 3178 2915 3260 Den Anatole die man leider nicht bloß in der
269 3196 1389 3272 Den Anatols — die man leider nicht bloß in der
1800 3237 2918 3310 Großstadt findet — wird jeder ehrliche und
276 3253 1392 3322 Großstadt findet — wird jeder ehrliche und
1795 3277 2913 3350 anständige Mensch einen Fußtritt geben, denn
267 3298 1389 3367 anständige Mensch einen Füßtritt geben, den
1798 3329 2915 3409 die Armut oder Unerfahrenheit oder Ge¬
1306 3345 1387 3404 Ge¬
265 3352 1195 3416 die Armut oder Unerfahrenheit oder
1798 3364 2915 3471 meinheit der Weiber auszunützen ist kein sau¬
274 3390 1396 3501 meinheit der Weiber auszunützen ist kein sau¬
1798 3435 2164 3525 beres Geschäft.
274 3456 638 3530 beres Geschäft.
1992 3447 2915 3551 Tir. Hennig spielte allerdings diesen
1864 3496 1961 3565 Her
328 3475 1399 3570 Herr Dir. Hennig spielte allerdings diesen
1798 3532 2920 3598 Anatol mit einer Meisterschaft und Glaubwür¬
274 3553 1396 3610 Anatol mit einer Meisterschaft und Glaubwür¬
1800 3584 2922 3671 digkeit, daß man den Besuch der Vorstellung
274 3598 1401 3671 digkeit, daß man den Besuch der Vorstellung
1807 3638 2922 3704 nicht bereute. Dir. Hennig ist ein vorzüglicher
276 3650 1408 3726 nicht bereute. Dir. Hennig ist ein vorzüglicher
1807 3681 2922 3749 Bonvivant, ein denkender Künstler, der bei al¬
276 3695 1401 3768 Bonvivant, ein denkender Künstler, der bei al¬
1803 3723 2920 3804 ler Routine und persönlichen Liebenswürdigkeit
286 3749 1410 3818 ler Routine und persönlichen Liebenswürdigkeit
1807 3773 2927 3849 auch den Inhalt seiner Rolle erschöpft. Sein
276 3792 1408 3884 auch den Inhalt seiner Rolle erschöpft. Sein
1805 3834 2599 3905 Anatol war eine Meisterleistung
281 3849 1091 3910 Anatol war eine Meisterleistung.
1862 3851 2925 3962 Herr Dudel gab sein Gegenstück den Max,
347 3882 1410 3978 Herr Dudek gab sein Gegenstück den Max,
1812 3936 2927 4016 gleichfalls gut. Die Damenrollen lagen in den
291 3945 1418 4021 gleichfalls gut. Die Damenrollen lagen in den
1812 3988 2927 4056 Händen der Frl. Nowska, Jusa und Schicketanz.
288 3997 1410 4068 Händen der Frl. Nowska, Jusa und Schicketanz.
1819 4026 2930 4106 Das Theater war nicht so besucht, wie es diese
298 4047 1420 4120 Das Theater war nicht so besucht, wie es diese
2717 4068 2878 4144 J. U.
1812 4087 2481 4184 Vorstellung verdient hätte.
1207 4094 1366 4163 J. U.
288 4113 962 4186 Vorstellung verdient hätte.
