3344 4256
283 143 1146 246 4.9. Anatol - Zykl
1405 146 1756 238 box 9/1
677 886 1355 993 Dr. Max Goldsch.
820 966 1284 1059 Bureau für
818 1034 1297 1129 Zeitungsausschnitte
1194 1119 1485 1189 Telephon M. S.
637 1114 928 1202 Berlin N. 24
896 1222 1219 1322 Auch aus
730 1297 1510 1420 estranger General-Anzeiger, Kelleron
973 1427 1282 1608 21 kr.
1696 1774 2697 1839 heit das Thema von allen Seiten beleuchtet und in immer
1688 1819 2697 1897 neuen Farben schillern läßt; eine tiefere, nachhaltigere
918 1754 1473 1909 Feuilleton.
1688 1864 2694 1924 Wirkung vermögen die Stücke jedoch nicht auszulösen. Für
1688 1907 2689 1974 die Rolle des „Anatol" hatte sich die Direktion Herrn Rein¬
1683 1942 2689 2007 hold Bauer vom Schauspielhaus in Stuttgart ver¬
758 1927 1593 2067 Heilbronner Stadt-Theater.
1696 1987 2687 2052 schrieben, der als gewandter Plauderer die Gestalt des bla¬
1688 2037 2689 2095 sierten Lebemannes sehr hübsch verkörperte, besonders in
1071 2055 1279 2117 „Anatol."
1688 2087 2677 2140 „Anatols Hochzeitsmorgen" und dem „Abschieds=Souper
768 2087 1598 2190 Einakter=Zyklus von Arthur Schnitzler.
1688 2122 2692 2188 hat er gut gefallen, während in der „Frage an das Schick¬
1693 2163 2687 2220 sal die Absichten des Dichters weniger durch ihn zum
723 2145 1666 2243 Ein Feuerwerk von witzigen Plaudereien über Liebe und
1691 2210 2687 2270 Ausdruck kamen. Als „Max" hat in dreien der Stück
672 2188 1658 2290 Ehe, über Treue und Untreue, Beständigkeit und Unbe¬
1683 2245 2684 2323 Herr Goldberg das getan, was nötig war, er stellte
677 2260 2684 2371 ständigkeit von Mann und Weib. Das ist der Grundton eine gute Figur auf die Bühne und das genügte vollständig.
672 2306 2687 2406 der vier Einakter, die Schnitzler unter dem Sammeltitel Die kleine Rolle der „Cora" spielte Frl. Amthor, die
667 2338 1661 2413 „Anatol“ herausgegeben hat und die insofern zusam¬
1691 2388 2687 2446 „Gabriele Fr. Krupska, die Annie Frl. Lotti Otto
675 2393 1668 2459 menhängend gedacht werden können, als die Hauptperson
1691 2426 2682 2496 sehr fidel und charakteristisch und als „Ilona" versuchte
672 2433 2689 2534 der Stücke ein und denselben Namen „Anatol" trägt und Frl. Gaab sich in ungarisch=österreichischem Dialekt. Der
682 2479 2682 2566 somit als ein und dieselbe Person gelten mag. Im ersten Besuch des Theaters war infolge des gleichzeitig stattfinden¬
675 2526 2682 2617 Stück, dem literarisch wertvollsten. „Die Frage an das den Bankets zu Kaisers Geburtstag ein ziemlich schwacher,
667 2559 1658 2637 Schicksal, zeigt der Dichter, wie der Mann sich der
1683 2604 2684 2682 was in betracht des interessanten Abends zu bedauern
660 2604 1766 2709 Wahrheit verschließt, selbst wenn er sie ergründen könnte, war,
660 2649 1663 2730 nur um den Glauben an ein geliebtes Wesen nicht zu ver¬
660 2697 1661 2755 lieren. Im zweiten, „Weihnachts=Einkäufe, ver¬
667 2745 1658 2810 sucht Schnitzler in einer ziemlich schwachen und wenig geist¬
660 2792 1663 2855 reichen Plauderei einer Dame das nachträgliche Geständnis
660 2832 1663 2893 hingebender Liebe zu einem Mann zu entlocken, für den
660 2873 1658 2938 dies keinen Wert mehr hat, da er eine andere liebt. Das
660 2920 1663 2990 „Abschieds=Souper ist eine lustige Komödie, in
662 2965 1666 3026 der zwei Liebende, die eben im Begriff sind, sich auf immer
660 3013 1663 3078 zu trennen, in fidelster Weise sich gestehen, daß sie einander
665 3053 1658 3121 schon längst verloren und mit andern betrogen hatten. Der
650 3101 1661 3161 letzte Einakter, „Anatols Hochzeitsmorgen, ist
655 3143 1661 3196 ein etwas pikannter Scherz, in dem Schnitzler die Flatter¬
655 3181 1661 3246 haftigkeit seines Lebemannes „Anatol“ bis wenige Minuten
647 3231 1661 3294 vor der Hochzeit sich austoben läßt, mit dem Ausblick auf
645 3269 1661 3337 eine ebenso flatterhafte Fortsetzung nach der Hochzeit. Die
652 3314 1641 3382 Stückchen sind mit Ausnahme der „Weihnachts=Einkäufe
652 3359 1656 3417 ungemein fein und graziös gebaut, freilich ohne inner¬
642 3409 1658 3470 dramatische Kraft, nicht einmal die satirische Seite, die
647 3447 1661 3502 so nahe liegt, ist stärker betr. Schnitzler ist eben im
647 3492 1661 3547 Grunde seines Wesens ein zer Dichter, über dessen
652 3532 1658 3603 Werken ein Hauch von Trauer und Müdigkeit liegt. Ihr
645 3580 1653 3650 Reiz liegt in dem geistreichen Dialog, der mit großer Sicher¬
