3296 4224
1251 233 1620 326 box 8/6
143 247 1094 338 4.9. Anatol - Zyklus
735 840 1082 932 Telephon 12.80.
181 875 735 1094 OBSER
57 1066 1085 1156 österr. beh. konz. Unternehmen für Zeitungs¬
238 1118 883 1182 Ausschnitte und Bibliographie.
197 1168 935 1273 Wien, I., Concordiaplatz 4.
426 1251 709 1313 Vertretungen
45 1273 1092 1356 Berlin, Brüssel, Budapest, Chicago, Cleveland, Christiania,
55 1334 1092 1394 Genf, Kopenhagen, London, Madrid, Mailand, Minneapolis,
50 1380 1092 1458 New-York, Paris, Rom, San Francisco, Stockholm, St. Peters¬
431 1418 702 1472 burg, Toronto.
381 1430 759 1518 (Quellenangabe ohne Gewähr.)
50 1503 412 1599 Ausschnitt aus:
742 1530 997 1620 chrichten
407 1603 954 1706 telligen Blatt
48 1577 381 1696 vom 29.
452 1672 885 1770 Frankfurt a. M.
1206 1736 3111 1846 zweite Stuck „Weihnachtseinkäufe, es bemüht sich mäßiger ausmalen können. So im Handumdrehen
2179 1817 3119 1872 soll das Zurechtfinden gar nicht abgehen. Frl.
1211 1820 2141 1877 schon ein wenig tiefer in das Seelenleben der
269 1794 1158 1913 Kunst und Wissenschaft.
2174 1853 3111 1905 Wulf hatte in der Straßenszene die einzige
1216 1860 2143 1915 Frau. Die beneidete vornehme Dame beneidet
2174 1893 3107 1946 Dame aus der gebildeten Gesellschaft zu geben.
1206 1905 2143 1962 ihrerseits die süßen Mädels um ihre ungeniert
335 1903 1082 1981 Arthur Schnitzlers „Anatol.
2179 1934 3128 1984 Es läßt sich daraus wesentlich mehr machen, aber
1218 1941 2136 1996 selbstverständliche Hingabe an die Gunst des
2172 1974 3109 2031 dazu müßte die Sprache weniger gepreßt und
1213 1984 2148 2055 Augenblicks, zu der sie selber nach Erziehung und
307 1970 1130 2043 Fünf Einakter im Frankfurter Schauspielhaus.
2174 2012 3107 2067 maniriert behandelt werden. Hübsch gab Fräulein
1211 2024 2146 2077 Ueberlegung nicht den Mut findet. „So macht
309 2029 1187 2084 Eine späte Premiere brachte kürzlich das Ber¬
1211 2060 3107 2110 Gewissen Feige aus uns allen sagt Hamlet, Wo-Sangora die Anni, das Ballettmädchen von der
240 2072 1182 2122 liner Lessingtheater heraus. Seit achtzehn Jahren
2169 2086 3104 2141 nichtsentimentalen Art, trefflich Fräulein Hart¬
1211 2098 2143 2172 bei dann auch viel Aermlicheres als „Gewissen
243 2117 1185 2169 kennt man das Buch des jugendlichen Schnitzler
2174 2129 3114 2184 mann die Zirkusdame mit der liebenswürdigen
243 2136 2146 2198 mit seinen frisch nach dem Leben festgehaltenen Ge¬ ausgegeben wird. Dann kam das „Abschieds¬
2181 2172 3116 2224 Geschäftsmäßigkeit, deren gesunde Ehrlichkeit der
1218 2181 2146 2238 souper, das auch diesmal den meisten Erfolg hatte
250 2191 1182 2260 stalten des Wiener Lebemanns und seiner „süßen
2181 2207 3109 2262 trüben Empfindsamkeit des egoistischen Melancho¬
1211 2212 2148 2269 mit seinem Ballettmädel, das sich mit Genuß einen
252 2236 787 2295 Mädels" aus der Vorstadt
842 2231 1185 2286 Dieser Anatol, so
2181 2248 3109 2300 likers so ernüchternd in die kümmerliche Gefühls¬
1218 2257 2143 2310 letzten Schwips holt, um sich dann mit der Liebe
243 2253 1180 2326 wenig er von einem „Charakter" hat, ist der
2191 2295 3111 2348 seligkeit fährt. Am besten aber traf Fräulein
1216 2298 2146 2348 eines Kollegen zu begnügen, der ihr keine Soupers
243 2305 1187 2357 charakteristische Vertreter jener goldenen Jugend
2179 2326 3107 2381 Irmen den kleinen Satan des letzten Stücks; sie
1211 2336 2148 2388 leisten kann. Und diese Entsagung bringt Hoch¬
252 2348 1185 2400 ohne Lebensernst: nichtstuerisch, elegant, liebens¬
1218 2367 3111 2436 gefühl, weil sie einmal etwas anderes ist. Die war zärtlich, liebenswürdig anmaßend, und köstlich
252 2391 1192 2436 würdig, immer auf sein Vergnügen bedacht, dessen
1211 2405 3114 2483 „Episode spielt wie das Anfangs= und das wienerisch in ihrem Zernesausbruch: „Ihr wollt's
252 2429 1185 2474 Inbegriff die kleine Freundin ist; nur darf das
2184 2443 3116 2498 mich nicht auslassen?" Herr Bolz sprach den
1218 2457 2158 2512 Schlußkapitel zu viel auf dem gleichen Moll¬
255 2472 1187 2517 Verhältnis nicht lästig werden, und darum muß
2184 2486 3116 2541 Prolog von Hoffmannsthal mit klarer Gliederung
1223 2493 2148 2552 Akkord, aber es liegt Stimmung darin, die bei
257 2502 1185 2552 es wechseln, bevor es gefährlich werden könnte.
2184 2526 3116 2576 und gab sich auch alle Mühe, den ganzen Nach¬
1225 2526 2150 2590 guter Darstellung sowohl über das Alter des Mo¬
255 2545 1194 2590 Das bischen Melancholie über dem Abschieds¬
2179 2569 3121 2626 druck auf die Schlußwendung mit ihrer Parallele
1216 2571 2148 2624 tivs wie über die Breite der Verarbeitung hin¬
264 2586 1192 2643 souper paßt gerade recht zu der Weichlichkeit
2181 2605 3119 2664 zu legen, die auf die Ewigkeit des gleichen Spiels
1216 2609 2148 2669 weghilft. „Anatols Hochzeitsmorgen" endlich
255 2626 1185 2678 solchen Scheindaseins ohne große Leidenschaften
2184 2643 3121 2695 und seiner Spielarten bei allem Wandel der
1223 2645 2148 2707 rettet das Ganze vor zu trockenem Ausgang durch
257 2669 1194 2709 ohne Fähigkeit zur Begeisterung und dient zur
2186 2678 3116 2736 äußeren Formen und der Zeitläufe hinweist.
1223 2700 2158 2745 einen kühnen Griff ins Derbkomische: die mit der
252 2707 1189 2757 Rechtfertigung vor sich selbst, daß man doch auch
2184 2721 3121 2776 Dennoch sieht man die Notwendigkeit dieses Pro¬
1216 2728 2153 2786 tragischen Geste angedrohte Katastrophe wandelt
255 2747 1194 2812 kein Unmensch ist, daß man sogar mit der eigenen
1225 2759 3119 2826 sich bei kleiner Eitelkeit und Schadenfreude in logs zur Einführung nicht ein, da er den fünf
262 2788 1189 2833 Flatterhaftigkeit ein herzinniges Mitleid haben
2186 2802 3119 2852 Episoden kein einheitliches Gerüst baut und den
1225 2802 2155 2859 einen ernüchternden Ausblick auf weitere fünf Akte
255 2819 1185 2874 darf. Das hilft dann trefflich über das unbehag
2193 2838 3123 2902 Zuschauern eher die Meinung beibringt, sie sollten
1216 2840 2155 2897 des gleichen Lieds. Je nachdem sie danach ist, hat
245 2862 1040 2909 liche Gefühl begangenen Unrechts hinweg.
2193 2874 3119 2940 sich auf das Rokoko von 1760 gefaßt machen. Insze¬
1223 2883 2155 2938 ja allerdings die Braut dieses Anatol gründlicheren
314 2890 1192 2943 Literarisch bedeutend sind die fünf Einakter
1225 2919 3116 2973 Anlaß zur Betrübnis, als Ilona oder Cora. Herr nierung und Ausstattung waren im Ganzen sach¬
255 2935 1192 2985 nicht, gefällig begnügen sie sich mit der Oberfläche
1225 2954 3121 3019 Lengbach spielte den Anatol in allen fünf gemäß und stilvoll, nur die Schaufensterszene gab
257 2983 1194 3026 der Erscheinungen, ohne mehr als deren getreues
2191 2997 3128 3052 keine Illusion und die völlige Menschenleere der
1223 3002 2160 3059 Stücken mit vielen Nuancen und kleinen Stim¬
257 3016 1194 3066 Abbild sein zu wollen, aber sie halten mit ihrem
2181 3033 3121 3092 Straße ließ befürchten, daß die armen Laden¬
1225 3042 2155 3097 mungsreizen, die den an sich nicht besonders rei¬
257 3054 1194 3114 frisch geschriebenen Dialog eine gewisse Kulturlinie
2186 3076 3123 3126 inhaber an diesem Weihnachtsabend nicht auf die
1225 3090 2158 3133 vollen „leichtsinnigen Melancholiker in seinen
255 3097 1192 3145 inne und sind von den Wienern auch als ihres
2191 3111 3121 3173 Beleuchtungskosten gekommen sein dürften. Ein
1230 3123 2162 3173 Nöten und Katzenjammerlichkeiten für andauerndes
262 3138 1192 3180 Wesens Spiegelbild anerkannt worden, ja, man
2193 3149 3119 3209 wenig Aufmachung gehört dazu, die Aufmerksam¬
1230 3164 2158 3214 Interesse würdig erhielten. Das Tempo aller¬
255 3173 1197 3228 bemühte sich sogar, ihm ähnlich zu bleiben. Das
2193 3192 3130 3254 keit braucht darum von dem Gespräch der Beiden
1225 3204 2158 3254 dings ließ er, besonders in der „Episode gar zu
255 3211 1197 3261 nennt man zwischen Kunst und Leben die Wechsel¬
2184 3235 2774 3304 noch nicht abgelenkt zu werden.
1225 3242 2158 3295 behaglich schleppen. Herr Bauer traf die
255 3249 1194 3297 wirkung. Eins der Stückchen, das „Abschieds¬
262 3276 2162 3345 souper, ist bei manchen Bühnen angekommen, das wienerische Spielart liebenswürdiger Freundschaft
1227 3323 2165 3378 sehr lebenswarm, den „Hauch kalter, gesunder
255 3328 1197 3380 Ganze aber blieb ein literarischer Erfolg;
1223 3361 2162 3411 Heiterkeit" aber spürte man doch zu wenig, selbst
255 3371 1194 3416 den dramatischen holte sich der Verfasser
1230 3399 2167 3449 im „Abschiedssouper“ hatte er seine wohlgemessene
262 3411 1199 3459 dann mit einer energischeren Zusammenfassung des
1227 3442 2165 3490 Temperatur, und das war am Ende auch, ganz
255 3447 1199 3499 nämlichen Stoffes in der „Liebelei", die bis heute
1235 3475 2160 3537 gesund. Die süßen Mädels" waren natürlich in
255 3485 1070 3561 sein bekanntestes Bühnenwerk geblieben ist.
1237 3511 2165 3575 jedem Akte andere. Fräulein Urban hätte in der
319 3518 1199 3571 Nach Brahms Beispiel hat nun auch unser
1237 3551 2165 3606 „Frage an das Schicksal“, diesem modernen Seiten¬
257 3568 1201 3606 Schauspielhaus mit einer Gesamtaufführung der
1230 3594 2167 3651 stückchen zu Rabelais köstlicher Satire auf den
269 3609 1199 3661 fünf Einakter den Versuch gemacht und die auch
1227 3623 2165 3694 unruhvollen Hahnrei in „Gargantua und Panta¬
264 3639 1201 3701 gelegentlich aufgeführte „Frage an das Schicksal
262 3668 2177 3754 an die Spitze gestellt. Den feineren Zug hat das gruel", das Erwachen aus der Hypnose wahrheits¬
