3296 4224
83 143 428 250 4.9. An
1186 139 1558 250 box 8/6
894 146 1002 226 lu¬
894 198 998 254 de
470 153 838 275 tol-
818 1193 1190 1308 in der
452 1301 1569 1458 aus. Der Bund der
2393 1485 3138 1552 herr aufgegangen ist, sich zu stärkerem
1367 1482 2373 1552 vorgeführt wird, ist typisch für die Wiener Litera¬
2400 1548 3145 1625 falten sollte, in Karl Schönherr, dem
1374 1548 2373 1611 tur bis in die jüngste Zeit; gerade so wie die
550 1541 1211 1659 Feuilleton.
2400 1593 3162 1652 „Sonnwendtag“ und „Glaube und
1374 1597 2369 1656 Schnitzlerschen süßen Wiener Mädels, die in der
2393 1638 3145 1698 mit dem für die Wiener Literatur
1385 1638 2373 1701 Stadt geliebt und in der Vorstadt geheiratet wer¬
1371 1691 3152 1743 den, die aber doch eine etwas gesundere. Blut¬ rot einer Zeit aufzusteigen scheint, ein
668 1687 1064 1792 Stadttheater.
2393 1739 3148 1795 die aus dem Volk und seiner Geschich
1367 1732 2373 1799 mischung aufweisen als ihr männliches Gegen¬
571 1767 1179 1847 Schnitzlers „Anatol.
2393 1792 3148 1844 die wenigstens gesund ist in ihrem
1381 1795 2369 1847 stück, weil ihnen die Melancholie wenigstens das
1378 1833 3148 1899 Temperament nicht ganz getötet hat, wenn sie auch ihr auch vorläufig noch Schlacken gen
417 1826 1353 1899 t. Nürnberg, 18. Sept. Beinahe 20 Jahre
2453 1885 3145 1941 Wenn man den Schnitzlerschen E
365 1889 1353 1945 sind es her, daß Arthur Schnitzler seinen Einakter=
1371 1885 2369 1945 aus einem Holz gemacht sind, aus dem sich keine
1378 1931 3148 1993 Noras, keine Ibsenschen Frauengestalten schnitzen als ganzes Werk erst jetzt auf die Büh
362 1941 1353 2004 Zyklus „Anatol“ geschrieben hat. Im vorigen
2393 1990 3159 2046 hat, so liegt das einerseits wohl an de
2286 1990 2369 2046 des
358 1986 1346 2046 Winter erst ist dieser mit seinen 5 Akten in Wien
1385 1993 2112 2046 lassen. Und hier liegt der wunde
2393 2035 3145 2105 keit unserer dramatischen Literatur
2174 2025 2366 2098 Nend¬
1371 2014 2150 2105 Wiener Literaten- und Wienertums.
355 2032 1343 2101 und Berlin als „Novität“ über die Bühne ge¬
2397 2077 3124 2153 Jahren, andererseits in dem Werke,
1367 2084 2369 2143 eine markige Figur, nirgends ein Mann oder eine
355 2080 1343 2139 gangen und am Samstag abend als solche und
2393 2132 3131 2181 betrachtet, selber. Denn zu der durch
355 2132 1350 2209 auch in unserem Stadttheater vorgeführt worden
2212 2129 2366 2188 fordern
1381 2132 2188 2195 Frau, die das Schicksal in die Schranken
1381 2174 3145 2244 nirgends ein Wesen, das zur tragischen Helden der Einakter bedingten Zerrissenheit de
431 2181 1353 2237 Aber auch ohne den jetzigen Bühnenerfolg hat
2393 2226 3107 2282 kommt die Episodenhaftigkeit der
2157 2226 2366 2289 nur semi¬
1378 2219 2091 2289 figur emporgehoben werden könnte
351 2216 1339 2279 Schnitzlers „Anatol“ längst seine große Bedeu¬
1378 2272 3148 2345 nistische Männer und nette kleine Mädchen. Dieser denen z. T. auch das echte dramatisch
358 2275 1353 2331 tung gehabt; er ist direkt typisch geworden für die
2397 2324 3127 2383 fehlt — alles Mängel, die bei einer
2195 2320 2369 2386 für das
355 2320 2073 2383 ganze Wiener Literatur der letzten Jahrzehnte, krankhafte Zug, der charakteristisch
2397 2369 3148 2435 auf der Bühne viel klarer zu Tage tre
1378 2369 2369 2428 ganze Wienertum, zu dem es auch im politischen
351 2376 1350 2428 Der müde Anatol, dieser unmännliche Weiber-
2188 2421 2369 2494 Parallele
2393 2421 2866 2498 Lesen des Buchdramas
351 2414 2160 2477 held, der die Wahrheit flieht, weil er in ihr das Leben des österreichischen Volkes eine
2463 2442 3145 2529 Der hiesigen Aufführung gelang
2244 2470 2369 2529 seinen
1381 2470 2199 2536 gibt, hat seinen prägnantesten Ausdruck
358 2470 1350 2529 Unglück fürchtet, der zweifelt an der Treue der Ge¬
2393 2505 3145 2588 Einakter gleichmäßig gut. Den An¬
1381 2508 2167 2578 literarischen Niederschlag in Schnitzlers
2192 2498 2352 2574 Anatol.
358 2522 1353 2578 liebten und doch zurückscheut vor der Frage an
2397 2560 3127 2623 Herr Hardel, sein gesunderes, aber
1385 2567 2373 2626 gefunden. Und darin liegt die kulturgeschichtliche
358 2560 1346 2626 das Schicksal, der leichtsinnige und doch so feier
2393 2616 3138 2672 denhaftes Gegenstück Max Herr v.
2174 2616 2369 2686 Dichtung
351 2609 2112 2679 liche Melancholiker, dem jede neue Stimmung das Bedeutung dieser dramatischen
2397 2661 3127 2724 Eine umgekehrte Besetzung hätte ich
358 2665 1353 2727 ganze Leben verändert, der alle paar Wochen ein
1385 2668 1632 2741 Schnitzlers.
1447 2679 3113 2769 Soviel Kritik die obigen Ausführungen auch hafter gehalten um der äußerlichen
358 2720 1263 2776 neues Leben beginnt, eine neue Episode, der
2393 2766 3148 2814 willen; den kraft und saftlosen mi
362 2755 2366 2818 selber belügt und an diese Lüge wie an eine hei¬ enthalten —, die letzte Feststellung allein ist Be¬
2397 2804 3148 2884 hätte Herr v. Falkenhausen äußerl
1371 2811 2366 2873 weis genug, daß sie keine Verkleinerung Schnitz¬
358 2814 1346 2873 lige Wahrheit glaubt, der skrupellos genug ist
2397 2860 3145 2919 treffender verkörpern können als
1381 2860 2373 2919 lers als Dichter in sich schließen. Arthur Schnitz¬
365 2856 1357 2922 seine Braut in der Nacht vor dem Hochzeitstage
1381 2901 3145 2967 ler, der Führer des einstigen „Jung=Wien“, das dessen Anatol körperlich nach meinem
351 2915 1357 2974 zu betrügen und zu belügen, und nicht mutig
358 2957 3155 3030 genug, seiner Geliebten die Wahrheit zu bekennen heute auch schon alt geworden, ist immer noch der bei aller Eleganz einen zu gesunde
1378 3002 3148 3075 geistreichste und witzigste unter allen seinen Wiener machte. Sonst spielten beide vor¬
365 3006 1357 3065 — dieser prahlende, tatenlose Anatol, dieses
2397 3051 3148 3107 Cora des Frin. Koch im ersten Ein¬
1392 3058 2379 3110 Zeitgenossen. Sein Name wird auch dann als
358 3058 1357 3117 Männchen ohne Rückgrat, wie es uns in den fünf
1381 3096 3152 3166 glänzender Stern am literarischen Himmel Wiens wünschen übrig, der somnambule Tor
358 3103 1353 3162 Episoden des Einakterzyklus in seinem innersten
344 3148 3124 3228 Wesen immer als derselbe charakterlose Charakter leuchten, wenn der neue Stern, der in Karl Schön der Dame nicht recht getroffen. In
