3392 4352
1330 197 1684 300 box 8/4
225 201 1141 319 4.9. Anatol - Zyklus
1298 2157 1620 2255 Den 1124.
1294 2248 1415 2329 De¬
809 2228 1131 2401 OBSER
1270 2316 1358 2400 I
530 2382 1593 2473 1. Er behördl. konz. Unternehmer für Leitungs¬
715 2441 1438 2515 Wien, I., Concordiaplatz 4.
931 2499 1213 2570 Vortretungen
533 2534 1598 2622 Berlin, Basel, Budapest, Chicago, Cleveland, C,
535 2587 1602 2660 Genf, Kopenhagen, London, Madrid, Mailand, Minneapol,
529 2634 1589 2713 New-York, Paris, Rom, San Francisco, Stockholm, St.Pet¬
923 2672 1208 2728 burg, Toronto.
854 2707 1288 2796 als den
530 2756 882 2849 Ausschaft aus:
826 2829 1785 3022 und
1062 3112 1423 3174 Wiener Theater.
1143 3158 1850 3230 So oft ich einen der sieben Anatol-Ein¬
1060 3217 1856 3286 akter von Arthur Schnitzler auf der Bühne
1059 3247 1846 3331 sah, mußte ich der hübschen Berse gedenken,
1063 3299 1850 3376 womit Loris vor siebzehn oder achtzehn
1056 3335 1850 3411 Jahren ihre Buchausgabe einbegleitet hatte:
1224 3395 1591 3455 „Also spielen wir Theater,
1212 3436 1618 3500 Spielen unsre eignen Stücke,
1939 700 2087 772 schau.
2677 735 2764 795 497
2150 833 2638 919 Frühgereift und zart und traurig,
2146 888 2533 942 Die Komödie unsrer Seele,
2147 916 2644 982 Unsres Fühlens Heut und Gestern,
2154 957 2561 1014 Böser Dinge hübsche Formel,
2151 989 2557 1047 Glatte Worte, bunte Bilder,
2146 1028 2579 1104 Halbes, heimliches Empfinden,
2147 1064 2487 1124 Agonien, Episoden.
2050 1106 2784 1192 Nun fünf von diesen Anatol=Stücken
1981 1159 2781 1233 („Die Frage an das Schicksal“, „Weih¬
1977 1210 2639 1274 nachtseinkäufe", „Abschiedssouper,
2671 1225 2773 1285 „Epi¬
1984 1244 2777 1327 sode“ und „Anatols Hochzeitsmorgen") zum
1973 1302 2776 1367 ersten Male an einem Abend zyklisch ver¬
1979 1334 2774 1404 eint im Deutschen Volkstheater zur
1973 1385 2772 1455 Aufführung gelangten, wurde mir die Er¬
1969 1426 2773 1501 innerung an jene Verse zur Notwendigkeit,
1964 1475 2772 1551 um mich vor Ungerechtigkeit gegen diese
1961 1515 2769 1593 im dämmerigen Halbschatten süßschmerz¬
1961 1553 2768 1638 licher Verträumtheit und leise resignierender
1972 1596 2764 1682 Ironie zart und traurig einherschwankenden
1964 1642 2769 1717 Episoden und Agonien aus dem Liebesleben
1965 1694 2766 1770 einer frühgereiften, frühblasierten, hypochon¬
1951 1737 2765 1815 drisch in Erinnerungen kramenden Groß¬
1959 1778 2765 1850 stadtjugend zu bewahren. Gegen die litera¬
1956 1823 2756 1895 rische und theatralische Verklärung des süßen
1949 1864 2753 1941 Mädels durch plump vergröbernde Nach¬
1949 1913 2756 1992 ahmungen abgestumpft und durch den später
1951 1947 2760 2029 nach tieferen Problemen schürfenden Dichter
1947 1994 2760 2068 verleitet, in seinen Anatol=Stücken mehr zu
1956 2041 2752 2109 suchen, als dramatisch=feuilletonistische Jugend¬
1949 2087 2751 2166 bekenntnisse, unterliegt man leicht der Ge¬
1947 2129 2754 2208 fahr, über dem stofflich geringfügigen Einer¬
1948 2175 2747 2247 lei dieser katzenjämmerlichen Liebeleien das
1935 2214 2744 2297 kunstvolle Vielerlei ihrer poetischen Gestal¬
1937 2262 2747 2348 tung zu übersehen und das Kind mit dem
1940 2308 2301 2363 Bade auszuschütten.
2008 2348 2740 2430 Loris begrenzt mit seinen anmutig kom¬
1932 2396 2733 2465 mentierenden Begleitversen unsere Forderun¬
1933 2448 2739 2507 gen und Ansprüche auf Gehaltstiefe und
1932 2489 2737 2554 stellt unser kritisches Auge auf den richtigen
1932 2530 2732 2603 Sehwinkel ein, der uns erkennen läßt, was
1932 2568 2737 2640 den künstlerischen Reiz dieser Bagatellen
1927 2628 2729 2683 ausmacht: Die leichte Sicherheit in der
1925 2660 2725 2736 Führung des Dialogs, die graziösen Ein¬
1928 2701 2725 2781 fälle, die sich in aphoristisch wohl vorbereiteten
1928 2749 2721 2822 Pointen zwanglos einander absen, das
1916 2790 2725 2859 eigentümliche Gemisch von Beschaulichkeit
1920 2838 2719 2902 und Empfindsamkeit, von Keckheit und Zag¬
1913 2878 2727 2956 haftigkeit, die es dem Dichter erlauben, mit
1907 2926 2719 2999 dem Gewagtesten zu spielen, ohne damit
1916 2964 2715 3042 verletzend zu wirke. Durch das Medium
1919 3015 2713 3081 jener Verse gesehen, die uns un böser Dinge
1911 3063 2713 3128 hübsche Formel“ versprechen, erhebt sich eines
1911 3099 2711 3178 von den fünf aufgeführten Anatol=Stücken
1915 3141 2704 3225 sogar in die reine Sphäre wirklicher Poesie
1904 3197 2704 3266 und es ist vielleicht bezeichnend dafür, was
1907 3241 2712 3311 unsere Theater von Schnitzler wollen, daß
1912 3286 2705 3348 gerade dieses reinste und feinste Anatol=Stück
1904 3323 2707 3395 in Wien erst jetzt und nur so nebenbei zur
1901 3370 2696 3443 Erstaufführung gelangte. Ich meine „Weih¬
1895 3411 2700 3492 nachtseinkäufe. Aus dieser kleinen Duo¬
1899 3453 2700 3520 szene klingt das wehmütige Entsagen einer
