3248 4224
46 193 891 303 4.9. Anatol - Zykl
1167 184 1525 278 box 9/4
1778 718 2131 800 Der Morgen
1286 900 1811 1021 Theater
1874 898 2552 1025 und Kunst
1946 1005 2813 1085 terichs mit etlichen letzten Tupfern verfah, hätte
1098 1022 1839 1125 „Anatol“ im Akademietheater
1946 1085 2817 1144 der sonst vortrefflichen Leistung der Künstlerin
1946 1132 2812 1186 einen Dämpfer aufsetzen müssen. Die Darsteller
1077 1134 1904 1206 Anatol war Arthur Schnitzlers dramatische
1946 1198 2811 1247 trugen die von Czettel entworfenen Kostüme
1038 1196 1898 1253 Jungfernrede, selbstverständlich ohne Jung¬
1955 1238 2810 1293 der neunziger Jahre. Die Frauen nach der
1044 1249 1904 1304 frauen. Sieben kleine Stückchen, die allmählich
1946 1287 2810 1346 Mode von damals hatten viel an= und auszu¬
1038 1299 1907 1360 entstanden, vereinigte der Dichter zu einem
1946 1333 2815 1399 ziehen, aber sie erscheinen den Augen von heute
1041 1345 1905 1407 bunten Blütenstrauß. Einer dieser Einakter
1946 1381 2812 1441 wie liebenswürdige Karikaturen. Der Vorhang
1041 1396 1911 1455 geriet zu Anfang der neunziger Jahre auf die
1955 1441 2814 1494 fühlte sich wiederholt gehoben, desgleichen das
1041 1446 1900 1501 Ischler Bühne. Ich depeschierte meinem Blatte:
1952 1485 2814 1542 Publikum, das die Künstler dankbar vor die
1035 1489 1904 1544 „Zwar hat Schnitzler für den Sohn eines
1955 1531 2810 1594 Rampe rief. Nur ein alter Herr in meiner
1041 1540 1895 1600 Laryngologen einen zu kurzen Atem, aber das
1948 1589 2819 1645 Nachbarschaft seufzte nach bekanntem Muster:
1038 1589 1899 1645 kecke Stückchen atmet Geist und Leben. Das
1041 1641 1901 1688 Publikum war angenehm entrüstet." So lautete
1948 1634 2808 1698 „Ja, ja, geliebt hat man in den neunziger
1038 1687 1902 1743 das erste gedruckte Lob, das der junge Dichter
1946 1694 2105 1756 Jahren!
1041 1738 1336 1800 zu lesen bekam.
1080 1783 1905 1842 Nein, es war nicht das erste Lob, denn schon
1984 1767 2811 1847 Vielleicht interessiert es die Leser, wenn ich
1038 1824 1904 1889 zwei, oder drei Jahre früher hatte ich ein
1946 1834 2799 1895 hier eine Episode auffrische, die mit „Anatol¬
1047 1888 1895 1940 Festspiel, das er zum Jubiläum seines Vaters
1949 1891 2814 1946 zusammenhängt. Eines Tages überraschte mich
1035 1935 1901 1993 des Professors Dr. Johann Schnitzler, ge¬
1943 1937 2812 1999 Charlotte Wolter mit einem Schreiben, worin
1044 1979 1897 2040 schrieben, sehr anerkennend besprochen. Der
1949 1978 2814 2044 sie mich ersuchte, unter den Tagesneuigkeiten
1038 2033 1901 2084 Verfasser selbst, längst ruhmgekrönt, machte
1946 2029 2810 2095 meines Blattes von dem 25jährigen Jubiläum
1037 2082 1901 2141 mich auf dieses „allererste Lob freundlich auf¬
1949 2080 2813 2134 ihrer vortrefflichen Köchin Notiz zu nehmen.
1040 2125 1901 2185 merksam. Und ich höre ihn noch, wie er in
1946 2133 2814 2192 Obgleich solche Jubiläumsergüsse just nicht zu
1038 2176 1904 2226 diesem Festspiel einige Burgschauspieler glän¬
1946 2190 2816 2241 den literarischen Aufgaben eines Burgtheater¬
1047 2226 1901 2286 zend kopiert, sogar den mitwirkenden Ernst
1948 2232 2814 2292 kritikers zählen, erfüllte ich gern den Wunsch
1041 2275 1248 2341 Hartmann.
1943 2279 2814 2333 der großen Tragödin und machte mir den
1080 2308 1895 2393 Fünf von den sieben Einaktern werden jetzt
1955 2329 2819 2386 Spaß, die Notiz mit den folgenden an die
1037 2375 1902 2431 im Akademietheater gespielt, von Salmhofer
1946 2378 2735 2453 Jubilarin gerichteten Versen zu schließen:
1031 2419 1895 2489 am Klavier und einem ungenannten Geiger mit
2059 2429 2568 2483 Täglich duften deine Tische
1047 2476 1901 2524 Schubert=Klängen stimmungsvoll begleitet. In
2065 2482 2568 2537 Wie der fliederreiche Mai,
1038 2525 1904 2582 einem Fauteuil nachlässig hingestreckt, spricht
2053 2533 2624 2585 Herrlich munden deine Fische,
1041 2572 1901 2626 Raoul Aslan als Anatol den Prolog, den der
2062 2583 2638 2637 Köstlich ist dein Hirn mit Ei!
1041 2625 1905 2687 junge Hofmannsthal unter seinem Pseudonym
2053 2630 2683 2682 Lob und Preis aus meiner Feder
1038 2674 1702 2734 Loris farbenfreudig hinzugedichtet:
2065 2681 2644 2743 Deiner hehren Kunst ich weih,
1152 2719 1660 2783 „Also spielen wir Theater,
2056 2728 2641 2796 Ist doch deiner Krapfen jeder
2068 2778 2620 2842 Ein gebackner Wolter=Schrei!
1155 2783 1819 2837 Frühgereift und zart und traurig,
1155 2820 1680 2884 Die Komödie unserer Seele,
1979 2822 2819 2882 Im Sommer darauf erhielt ich in Ischl eine
1152 2868 1912 2934 Unseres Fühlens Heut und Gestern ..."
1946 2878 2817 2937 Einladung zu einem Mittagessen in der Villa
1074 2923 1900 2982 Warum flüsterte der gewiegte Sprecher wie
1946 2917 2817 2987 Wolter in Weißenbach. Professor Johann
1041 2978 1905 3029 im Wachtraum den wunderbaren Prolog?
1955 2973 2819 3034 Schnitzler, in dessen Begleitung ich den Aus¬
1038 3021 1902 3077 Muß denn auch eines der schönsten und klarsten
1952 3030 2817 3082 flug unternahm, redete während der Fahrt
1047 3070 1907 3124 Gedichte Hofmannsthals schwer zu verstehen
1946 3073 2821 3134 wiederholt auf mich ein, ich müsse ihm ver¬
1041 3127 1905 3185 sein? Und nun folgten die Stücke mit ihrem
1952 3125 2817 3190 sprechen, seinen Sohn nicht wieder zu loben,
1038 3178 1902 3223 kultiviert galanten Dialog, ihrer sozusagen gra¬
1946 3176 2812 3229 wie erst kürzlich gelegentlich der Ischler Auf¬
1038 3216 1905 3284 ziösen Erotik und ihren satirischen Anatolis¬
1949 3230 2811 3288 führung, denn das könnte seinem Sprößling
1041 3267 1892 3332 men über Liebe, Ehe, Untreue und alle in
1999 3280 2814 3333 so meinte der besorgte Vater — dem ärzt¬
1038 3320 1904 3376 schlägigen Herzenssachen. Aslan pointierte den
1949 3322 2814 3376 lichen Beruf abwendig machen. Ich habe es
1041 3368 1902 3435 fünfmaligen Anatol sernhintreffend, aber dank
1949 3369 2819 3444 nicht versprochen und dies wiederholt gehalten.
1038 3420 1902 3474 der Umbesetzung durch Röbbeling den Plötz¬
1982 3419 2821 3481 Nach der Mahlzeit dankte mir die Köchin in
1038 3462 1899 3529 lichen, sah man einen, sagen wir, künstlerisch
1946 3474 2812 3529 einer ihr vom Grafen Sullivan, dem Gatten
1041 3512 1905 3569 gereiften Anatol, der als melancholischer Leicht¬
1946 3527 2817 3580 der Wolter, einstudierten Ansprache, und zwar
1041 3569 1905 3621 sinn die Melancholie bevorzugte. Immerhin
1946 3575 2817 3635 in jenem Dialekt, den uns der Friedensvertrag
1044 3606 1469 3673 siegte seine Beliebtheit.
1949 3618 2820 3684 als Rest vom Kronlande Böhmen übrig ließ.
1070 3650 1907 3725 Im Parkett saß das Vorbild des Max, der
1949 3669 2819 3732 Dann löste sie ein Sträuschen Alpenrosen vom
1031 3713 1907 3768 Medizinalrat Dr. Friedrich Kapper, dem vor
1952 3723 2814 3788 Busen, überreichte es mir und knixte artig
1038 3759 1904 3825 seiner Maxahnlichkeit bange wurde, denn der
1949 3768 2810 3834 davon. Beim Schwarzen bat Professor Schnitz¬
1031 3815 1913 3875 Max des Emmerich Reimers litt ein wenig
1946 3823 2817 3884 ler die Wolter, mir zuzureden, seinen Sohn
1038 3860 1904 3914 unter der jähen Umbesetzung, zog sich aber,
1946 3873 2815 3923 nicht mehr zu loben! Als jedoch später die
1030 3912 1901 3981 wenn man beim Anatolreigen so sagen darf,
1952 3922 2815 3977 Lober überhand nahmen, fügte er sich in das
1035 3964 1901 4014 mit Anstand aus der Affäre. Und dann die fünf
1949 3968 2654 4046 nun hochwillkommene Unvermeidliche.
1031 4006 1904 4064 Frauen! In der „Frage an das Schicksal fügte
2498 4015 2787 4076 Julius Bauer.
1035 4064 1911 4120 sich Gerda Dreger als Cora klug in die Hyp¬
1979 4103 2817 4158 Bei Herzleiden und Adernverkalkung, so¬
1035 4108 1904 4165 nose. In „Weihnachtseinkäufe", von welchem
