3436 4256
376 122 1319 172 Anatol seinem ihm in jeder Hinsicht überlegen¬
366 170 1343 228 Freunde Max von einem Sieg über eine Frau
369 218 1341 271 vorfaselt, deren Schicksal er gewesen sein will.
369 266 1337 330 Nur zwei, drei Stunden der Liebesseligkeit,
366 316 1343 378 dann ist Anatol davongeflattert und Bianca (so
366 361 1351 421 heißt sie denkt nun, wie er behauptet, an
364 410 1276 467 nichts als ihn. Und dann kommt Bianca
366 460 1356 512 und erkennt Anatol überhaupt nicht! Da ist
380 513 1349 565 ferner das reizende „Abschiedssouper“. Anatol
366 554 799 619 will eine Freundin v.
919 558 1331 624 ieden. Aber wie der
378 602 761 667 „armen Kleinen“
968 605 1333 672 tbare beibringen?
366 648 761 715 Er ladet sie und
942 657 1341 720 im Souper, dabei
380 703 903 768 soll es ihr allmählich klar
938 704 1338 761 gemacht werden. Sie
366 751 1333 811 aber, ein freches, unverwüstliches, süßes Ma¬
364 804 890 864 del, kommt dem Lebens
1047 799 1182 862 zuvor.
1258 802 1337 858 Sie
369 850 1335 916 trinkt sich einen Schwips und Mut an und
369 901 1331 953 verrät dann, daß sie ihres Anatol längst über¬
366 942 1340 1015 drüssig sei, daß längst ein anderer usw. Anatol
366 996 1331 1054 platzt vor Wut, seine kleinliche Empfindlichkeit,
376 1048 1337 1106 seine gekränkte Eitelkeit sind so komisch, daß
366 1095 1333 1159 Max Tränen lacht — wir Zuschauer mit ihm.
410 1148 1332 1194 Ein recht frecher Schlußakt zeigt uns, wie
366 1193 1335 1248 Anatol direkt aus den Armen einer Dame von
366 1239 1333 1300 leichter Art zu seiner Trauung eilt. Aber wir
366 1289 1333 1352 ahnen auch schon die Nemesis. In Jahr und
366 1336 1331 1394 Tag wird dieser Herr Anatol gewiß auch von
366 1383 1329 1449 der legitimen Gattin das aufgesetzt bekommen,
363 1429 1331 1513 was ihm schon so oft das Dichterhaupt geziert
401 1532 1331 1586 Frivol sind diese Einakter, aber witzig und
363 1576 1335 1635 amüsant wie nicht viele andere. Hier haben wir
361 1629 1338 1689 es mit wirklichen Lustspielen zu tun, nicht mit
357 1681 1329 1732 Schwänken, die aus Posseneffekten und Ka¬
361 1725 1012 1780 lauern zusammengesetzt werden
408 1778 920 1833 Und die Aufführung
1154 1752 1320 1842 eigentlich
357 1820 999 1883 war es ein Fiasko, das erste
1145 1823 1325 1886 in dieser
357 1873 854 1936 Saison ein Fiasko im
1136 1874 1322 1936 Die Rol-
1148 1923 1326 1986 Herr Eck¬
355 1921 1084 1976 lenverteilung hat die Schuld daran.
355 1970 1086 2025 hof kann den Anatol nicht geben.
1133 1970 1322 2034 Es ist das
357 2012 1319 2071 wohl überhaupt ganz und gar nicht die Roll¬
355 2066 1304 2134 des Heldenspielers. Anatol soll viel „grüner
361 2115 1322 2176 sein in seinem Auftreten, andererseits aber auch
357 2166 1316 2221 viel eleganter. Die Komik besteht ja gerad¬
348 2205 1320 2264 darin, daß die vielen Abenteuer diesen harm¬
348 2264 1262 2321 losen Don Juan nicht gereist haben, daß
347 2317 1244 2366 aber zu schwadronnieren versteht aus dem
351 2362 1313 2416 Herr Eckhof aber war kein harmlos und grün
348 2407 1316 2462 gebliebener Viveur, sondern glich mehr einem
348 2461 1285 2512 Gymnasialprofessor, der einmal den Lebegre
361 2506 1308 2561 spielt. Es war auch alles viel zu sehr unter
357 2555 1316 2615 strichen, auf das Einfältige des guten Anato
345 2604 1313 2657 wurde mit zuviel Absicht hingedeutet und die
342 2655 1311 2715 elegante Haltung fehlte ganz. Wie Herr Eck
345 2701 1313 2754 hof im zweiten Bild die Frau Gabriele ansprach
348 2749 1295 2831 das war mehr dem Couplet „Man steigt nach
1619 171 2538 278 4.9. Anatol - Zyklu-
2738 187 3089 283 box 8/6
