3436 4256
866 230 1253 342 Zyklus
254 242 825 348 4.9. Anatol
565 681 1341 848 Klose & Seidel
584 834 1324 948 Bureau für Zeitungsausschnitte
566 913 1327 1017 Berlin 10. 43, Georgenkirchplatz 21
528 1134 735 1228 Leitung:
533 1227 870 1347 det:
521 1335 715 1438 Datum:
728 1547 1146 1655 Kammerspiele.
624 1620 1224 1729 Arthur Schuler Anatol.
421 1689 1510 1764 den sieben Tagen des Schritterschen Erstlingswerks
352 1743 1504 1821 haben die Kammerspiele zum ersten Male fünf auf
339 1795 1500 1868 ihre Höhne gebracht. Es geht einem sensam mit diesem Theater
343 1837 1506 1915 Das richtige Theatergefühl will in diesem vornehmen Raum,
342 1886 1501 1959 der so viel eher ein Vortragssaal sein könnte, nicht erwachen.
343 1931 1503 2005 Die Bühne behält immer etwas von einem Podium, auf dem eine
345 1978 1504 2040 Zwiesprache geführt oder lebende Bilder gestellt werden sollen
343 2025 1497 2081 und man findet auch vornehmlich die Regie dort auf Flächen
333 2063 1510 2141 und nicht auf Raumwirkung eingestellt. So war es auch gestern
343 2113 1506 2195 in dieser „Erstaufführung des von vielen Bühnen her seit
340 2156 1498 2222 endlosen Jahren bekannten Werkes. Die Bühne war ganz
342 2200 1482 2275 flach genommen, selbst in der Szene der „Weihnachtseinkäufe
329 2241 1501 2308 die am wirkungsvollsten blieb, und durch einen engen Lichtkreis
336 2291 1503 2351 wurde auch diese Fläche noch so weit ins Dunkle gelegt, daß es
336 2336 888 2395 an Laterne Magica erinnerte
411 2364 1500 2454 Es wurde damit dem „Anatole viel Gutes getan, denn er
338 2410 1498 2484 wird weltfremder, je länger er am Leben erhalten bleibt. Der
335 2479 1497 2533 Krieg hat das, was einstmals so lebendig schein, fortgefegt und
336 2527 1503 2599 mit leisem Erstaunen läßt man diese Art Menschentum über sich
332 2567 1501 2625 ergehen, die einstmals ein Zeitbild und gewissermaßen eine
335 2609 966 2668 Sittendarstellung gewesen sein soll.
408 2655 1494 2728 Den Anatol, den Dichter, der die diesem „Stande zuge¬
333 2693 1497 2768 schriebenen Eigenarten selbstfroh mit dem heimlichen Dank, nicht
338 2746 1495 2809 so sein zu müssen, wie die anderen Menschen, an seiner Um¬
332 2793 1491 2866 welk auslebt, spielt Anton Edlhofer, der vor kurzem erst eine
330 2832 1491 2909 andere wienerische Gestalt eines Wiener Dichters, Hoffmanns¬
332 2882 1491 2947 thals Schwierigen auf dieser Bühne verkörperte. Damals gab
326 2922 1491 2991 das leise durchklingende Gefühl Hoffmannsthals ihm Leben über
329 2972 1491 3032 seine Grenzen hinaus. Schnitzlers „Anatol aber umreißt seine
329 3020 1490 3080 Grenzen scharf. Sein Gegenspieler ist Hermann Thömig,
327 3060 1497 3135 reifer und trotz der Verführung dieser Rolle verhaltener als sonst
323 3110 1491 3173 oft. Er hat seine eigene Gestalt so oft parodiert, daß ihm hier
324 3146 1488 3223 die Zurückhaltung besonders anzurechnen ist. In die Frauenrollen
332 3196 1484 3255 teilten sich Erik von Thellmann, Lina Lossen
330 3234 1490 3321 Margarethe Christians, Margarethe v. Buco¬
329 3292 1494 3353 vinz und Stelle Arbenia. Sehr schön wirkt Lina
321 3341 1487 3405 Lossen in „Weihnachtseinkäufe. Aus dieser Szene bleibt
323 3393 1490 3441 etwas Dauerndes zurück. In den anderen kleinen Einaktern tritt
320 3437 1482 3493 gerade in den Frauengestalten das etwas Peinliche dieser Dich¬
324 3469 1491 3543 tung hervor; vor allem in der Episode, doch das fällt nicht auf
321 3512 1485 3590 die Darsteller, sondern auf die Zeit zurück, die in derartiger Er¬
320 3563 1487 3641 sassung von Lebensvorgängen Wesentliches zu sehen glaubte
1159 3617 1485 3701 the Melde /
1366 230 1735 336 box 9/3
1902 766 2568 872 Klose & Seidel
1952 847 2530 936 Bureau für Zeitungsausschnitte
1896 904 2574 1005 Berlin NO. 43, Georganischplatz 21
1875 1064 2559 1168 Zeitung: Tägliche Rundschau
2212 1148 2370 1242 Berlin
1875 1162 1987 1233 Ort:
1875 1227 2087 1315 Datum:
2354 1227 2744 1355 J. N. 1922
1949 1448 3049 1560 Kammerspiele des Deutschen Theaters.
2231 1528 2753 1619 Artur Schnitzer: „Anatol¬
1994 1563 3083 1667 Es sind bald dreißig Jahre her, daß Schnitzler seinen
1912 1648 3076 1711 „Anate schrieb. Die fünf kleinen Spiele galten damals
1919 1685 3076 1746 für besonders bezeichnende Vertreter der Dekadenz, des fin¬
1914 1736 3086 1790 de siècle, wie man sich auszudrücken beliebte. Schnitzler hat
1914 1779 3080 1830 uns inzwischen Bedenklicheres zu kosten gegeben, und über
1903 1812 3073 1877 diesem seinem Frühwerk liegt der noch heute reizende
1905 1870 3067 1925 Schimmer einer übermütigen Jugendlaune gebreitet. Dieser
1912 1897 3071 1971 Anatol ist ein Taugenichts und ein charakterloser dazu. Aber
1908 1939 3074 2006 er nimmt seinen Leichtsinn nicht leicht. Er sucht hinter dem
1914 1984 3076 2054 Abenteuer das Erlebnis, und es ist ihm bestimmt, an keiner
1912 2025 3071 2099 Stätte zu ruhen; er möchte die spröde und ungefällige Wirk¬
1905 2068 3077 2134 lichkeit nach seinen Illusionen formen, und da ihm das nicht
1911 2115 3066 2203 gelingt, wird er zu einem jener schwermütigen Toren, die
1908 2160 2637 2210 man um ihrer Schwäche willen liebt.
1987 2203 3067 2270 In der von Iwan Schmith sorgfältig geleiteten Auf¬
1909 2239 3070 2317 führung der Kammerspiele gab Anton Edhofer den
1903 2285 3067 2358 Anatol. Er gar nicht alles, aber viel. Er wirkte matt in
1906 2330 3070 2402 den „Weihnachtseinkaufen", wo er neben der Gabriele Line
1906 2370 3061 2448 Lossens stand, die mit ergreifender Sehnsucht in das
1905 2417 3073 2483 Vorstadtglück heimlicher Liebe späht. Er war ein wenig zu
1897 2458 3064 2529 der im „Hochzeitsmorgen", so daß man beinah an alte
1897 2508 3064 2574 Scherze vom Junggesellen in tausend Nöten denken mußte.
1903 2546 3082 2624 Aber er verfügt, was von entscheidender Wichtigkeit ist, über
1906 2589 3058 2665 jene müde Gelassenheit, von der nur ein Schritt zur Selbst¬
1900 2642 3061 2709 ironie führt und hinter der sich dennoch ein leidenschaftlich
1905 2675 3064 2744 fühlendes Herz verbirgt. So kam es, daß dieser Anatol Edt¬
1895 2719 3069 2793 hofers am stärksten und am menschlichsten in der dramatisch
1908 2762 3067 2828 schwachen „Episode wirkte, wo er dem Freund seine Aben¬
1899 2810 3060 2876 teuer übergibt und erleben muß, daß eins der geheimnis¬
1895 2859 3064 2944 vollsten und kostbarsten nur eine Schöpfung seiner Phantasie
1905 2894 2062 2953 gewesen.
1975 2926 3058 3017 Der Freund Max, Helfer und Gegenspieler Anatols, war
1897 2970 3054 3054 Hermann Thimig: braungebrannt, gesund, gutherzig,
1893 3033 3060 3101 von bürgerlich klarem Verstand, auch eine Art Sancho Panso.
1902 3071 3069 3132 der seines Don Quichotte Abenteuer miterleben muß. In die
1905 3113 3052 3184 fünf Frauenrollen teilten sich mit Lina Lossen: Erika von
1892 3155 3051 3233 Thellmann — mädchenhaft frisch, Margarete von
1899 3201 3052 3287 Bukovics — reizend in ihrer unbefangenen Vergeßlich¬
1875 3273 3029 3340 keit, Stella Arbenina — ein wenig hergebracht
1887 3327 3023 3394 in den Aeußerungen ihrer Eifersucht, und Margarete
1881 3371 3027 3421 hristians von überraschend echter, volkstümlicher Derb¬
1878 3403 3023 3471 heit als austern- und schampusfrohes, süßes Mädel vom
1875 3452 2037 3518 Ballett.
2479 3457 3001 3540 Dr. Hans Weiglin.
