3344 4256
194 218 1145 337 4.9. Anatol Zyklus
141 1014 669 1096 ger
53 1136 606 1246 liches Hoftheater
75 1215 431 1298 voor Schnitzte:
75 1276 493 1364 ung im Hoftheater)
402 1362 696 1446 Liebe ist Mut.
79 1396 724 1489 kultiviertester Luxus sprühen
110 1480 724 1530 am „Graben in Wien. Tritt
87 1515 724 1573 Schritte in eine der Seitengassen
78 1564 725 1627 der den Hohen Mark zu, so wird
82 1608 730 1673 verschlafenen Stille des früheren
81 1643 721 1701 sadt, der Fischer von Erbach und
85 1690 721 1751 Meister des Barock, das Gepräge
90 1735 730 1786 stillen verschwiegenen Straßen
79 1785 721 1839 re aus der beobachtenden Helle
78 1826 724 1882 ingang zu einer dieser Straßen
90 1870 724 1927 tele am Weihnachtsabend den
85 1908 725 1963 sehr ein Lebenskünstler als ein
75 1952 691 2005 an „Weihnachtseinkäufe
82 1999 718 2051 und Kinder, Anatol für das süße
90 2047 721 2092 Fingern, das draußen in der
96 2085 721 2145 dem kurzen Gespräch, das unter
84 2126 724 2182 allenden Schnees zwischen ihnen
84 2173 721 2223 die ganze Tragik der mondänen
81 2222 721 2270 Ehe das arme, kleine Mädel
87 2258 721 2311 d ihm durch Anatol zum Weih¬
102 2305 725 2361 schickt: von einer Frau, „die
85 2339 721 2405 wie du und die den Mut dazu
85 2380 714 2444 otte Pils erwies sich als
84 2431 718 2489 pfindende Künstlerin und be¬
91 2483 722 2550 wundersam verhaltenen Sehn¬
79 2519 246 2578 ne legte.
262 2595 681 2684 Liebe ist Stimmung.
90 2659 715 2732 tauchen in seiner Stimmung
78 2706 716 2767 den sonderbaren Dust von Aben¬
75 2762 718 2812 t, an dem er sich berauscht. Als
79 2803 727 2847 ohe Zirkusreiterin, in dem Ar¬
79 2848 718 2901 füßesten Zauber und glaubte, ihr
102 2894 719 2937 als sie von Petersburg zurück¬
104 2932 718 2984 nicht wieder, den enttäuschten
96 2972 715 3034 nur eine Episode" gewesen,
81 3016 715 3081 de ... Ilse Berka gab der
75 3066 590 3131 und in Gestalt und Leben.
85 3112 171 3197 III.
322 3146 675 3228 Liebe ist Illusion.
69 3193 709 3285 in sehen wir das Ideal, dem die
69 3256 708 3319 ne Autosuggestion alle Vorzüge
78 3304 712 3352 dem, der den Schleier zerreißen,
153 3347 711 3403 Wir scheuen die Wahrheit,
74 3384 709 3449 Cora, das süße Mädel, in hyp¬
75 3435 714 3487 vor Anatol saß, konnte er die
78 3477 709 3525 durch ein Wort erfahren. Die
84 3518 722 3596 ale stand im frei: er stellte sie
1320 237 1679 330 box 9/5
1323 940 2500 1031 nicht. Er weckte lieber mit raschen Kuß die Freundin, und
1326 1018 2497 1077 er tat klug daran. Warum durch kalte Wahrheit das warme
1326 1059 2491 1109 Glück zerstören? Liebe ist Ilusion... Len: von Son¬
1323 1098 2494 1152 nenthal als „Cora" war in der weichen Anmut der Be¬
1326 1143 2497 1195 wegungen und dem leichten Dialekt-Anklang der Typus
1317 1190 2497 1239 des süßen Wiener Mädels und sah wach und in der Hypnose
1317 1234 2485 1283 bildhübsch aus. Man konnte es „Anatol“ nachfühlen, daß
1320 1280 2488 1327 er die „Frage an das Schicksal nicht stellen und sich des
1326 1317 2378 1382 Sonnenstrahles dieses Glückes nicht berauben wollte.
1860 1365 1942 1442 IV.
1645 1409 2460 1477 Es ist ein seltsam Ding um die Liebe.
1396 1455 2488 1524 Anatol, der Freund des Lebens und der Liebe, hat sich
1320 1495 2491 1568 zur legitimen Monogamie entschlossen. Nicht nur aus Ver¬
1323 1565 2491 1618 standesgründen, sondern er glaubt in gehobenen Momenten,
1320 1607 2491 1661 mit seiner Braut glücklich zu werden. Und doch reist ihn
1320 1645 2497 1714 der Taamel des Herzens am Abend vor der Hochzeit wieder
1320 1690 2495 1746 in die Arme seiner letzten Geliebten. So bringt „Ana¬
1317 1724 2488 1783 tols Hochzeitsmorgen eine Füsse widerstreitender
1320 1779 2491 1832 Gefühle und Kämpfe, die nur die Hand des Dichters wie
1317 1820 2488 1879 Artur Schnitzlers mit solchem Geschick lösen kann,
1317 1866 2485 1914 ohne brutal zu werden und ohne zu verletzen. — Herta
1317 1911 2485 1966 Alsen gab die in des Schicksals Bande verstrickte
1314 1952 2489 2010 „Ilona mit Temperament, die Klippe der Uebertreibung
1314 1989 1717 2066 geschickt vermeidend.
1382 2052 2491 2130 Das von früher bekannte lustige Abschieds¬
1317 2117 2470 2188 souper bei dem Käthe Gothe eine niedliche Annie
1308 2169 2407 2222 war, fügte sich noch dem Reigen der Anatol-Szenen ein.
1384 2210 2479 2270 Für alle Szenen hatte man in Kurt Ehre einen
1311 2242 2482 2320 glänzenden „Anatol gefunden. Im Grundzuge der
1314 2304 2470 2348 leichtsinnige Melancholiker, wie Schnitzler seinen Helden¬
1314 2341 2485 2398 er ist der „Held“ des heutigen Wien — sich vorstellt, gab er
1311 2386 2482 2445 jeder Szene ihren besonderen Charakter, ihre eigene Stim¬
1314 2432 2482 2476 mung. Wahrhaft wohltuend berührte es, wie seine Dar¬
1311 2473 2486 2522 stellung sich von schwankmäßiger Uebertreibung fernhielt
1311 2522 2482 2566 und mit künstlerischer Intuition den Stil des seinen Lust¬
1314 2560 2482 2616 spieles traf. Aus diesem Grunde war es auch richtig, daß
1312 2613 2488 2664 man die Rolle von Anatols Freund „Max Herrn Kurt
1309 2651 2478 2713 Westermann übertrug. Wenn auch Herr Westermann
1314 2685 2485 2739 die letzte lebemännische Eleganz nicht besitzt und durch ge¬
1309 2744 2473 2800 wisse Saloppheiten in der Sprache nicht zu erreichen suchen
1314 2779 2485 2841 sollte, so bildet er in seiner klugen, gehaltvollen Art gerade
1311 2828 2486 2879 den richtigen Gegensatz zu Anatol, dem Stimmungsmen¬
1317 2865 2485 2910 schen, und war als leise ironischer, geistvoller Raisonneur
1314 2907 2229 2954 der ruhende Pol in der Erscheinungen Flucht.
1387 2940 2482 3003 Der geschickt sich aufbauende Gesamteindruck wie jeder
1311 2988 2491 3041 künstlerische Einzelzug der Aufführung ließen die her¬
1312 3037 2483 3096 vorragende Regiekunst des Herrn Dr. Paul
1311 3079 2482 3138 Eger durchspüren, die von den Herren Kurt Kempin
1305 3126 2485 3172 und E. Schwerdtfeger wirksam unterstützt wurde. Die
1311 3165 2482 3224 malerische Straßenecke im alten Wien mit der weihnachtlich
1314 3215 2482 3259 erleuchteten Kirche im Hintergrund, das in eine wunder¬
1308 3254 2483 3318 volle trauliche Beleuchtung getauchte Zimmer bei Max, die
1304 3291 2473 3353 helle, fröhliche Junggesellen=Wohnung Anatols, das ele¬
1308 3344 2485 3412 gante Separee mit dem blumengeschmückten Tisch bei Sacher
1305 3384 2279 3443 gaben jeder Szene einen harmonischen Rahmen.
1390 3425 2485 3484 So bot die Aufführung an künstlerischen Werten ent¬
1317 3474 2485 3519 schieden mehr als die vorjährige Darstellung im Frankfur=
1311 3515 2476 3563 ter Schauspielhaus. Sie war des Dichters würdig und
1308 3560 2482 3621 wurde von dem stark besetzten Hause mit lebhaftem Beifall
1311 3600 1596 3675 aufgenommen.
