3296 4224
1253 159 1610 253 box 8/6
143 176 664 244 4.9. Anatol
868 172 948 246 y
432 742 1459 856 Bitte Rückseite beachten!
1039 827 1447 934 Telephon 12,391.
553 998 1276 1119 „OBSERVER
408 1091 1467 1177 I. österr. behördl. konz. Unternehmen für
713 1148 1180 1223 Zeitungsausschnitte
420 1189 1456 1303 Wien, I., Konkordiaplatz 4.
807 1253 1070 1328 Vertretungen
408 1285 1461 1375 in Berlin, Basel, Budapest, Chicago, Cleveland, Christiania,
401 1331 1455 1416 Genf, Kopenhagen, London, Madrid, Mailand, Minneapolis,
412 1364 1461 1471 New-York, Paris, Rom, San Francisco, Stockholm, St. Peters¬
797 1418 1076 1484 burg, Toronto.
649 1459 1218 1551 (Quellenangabe ohne Gewähr).
400 1514 774 1612 Ausschnitt aus:
707 1538 1522 1662 Hamburger Correspondent
670 1630 937 1696 31911
401 1624 533 1688 vom
1322 1680 1517 1775 P. Al. K.
598 1772 1282 1864 Deutsches Schauspielhaus.
383 1835 1546 1923 Das Schauspielhaus hatte sich für den nun begonnenen letzten
322 1906 1545 1960 Monat dieser Spielzeit einen seiner stärksten Trümpfe aufgehoben:
328 1951 1543 2002 Arthur Schnitzlers fünf Anatol-Szenen. Anatol
325 1993 1534 2050 und das süße Mädel sind die ersten Typen, die Schnitzler ge¬
331 2033 1545 2089 schaffen hat, und sind bis jetzt seine wirkungsvollsten Schöpfungen
334 2086 1534 2137 geblieben. (Als das Buch mit den dialogischen Plaudereien unter
330 2128 1531 2183 dem kokett bescheidenen Titel Anatol 1893 erschien, da war es eine
331 2169 1535 2228 Art Sensation, und der Name Schnitzler ging rasch von Mund
328 2213 1534 2266 zu Mund. Aber man wurde sich bald klar, daß dieses Buch mehr
328 2263 1532 2315 war als ein Saison=Erfolg, daß in ihm das steckte,, was ihm
319 2305 1528 2361 längeres Leben verhieß: klares Anschauen der Wirklichkeit und
311 2352 1532 2410 die Kunst, das Geschaute in eigenartiger Färbung wiederzu¬
328 2396 1532 2448 geben. Man vergißt Anatol schwerlich wieder, diesen leichtsinni¬
328 2442 1525 2495 gen Melan, oliker, der über die Dichter die Achseln zuckt und sich
328 2488 1532 2541 selber doch die Welt umdichtet zu seinem Lustpark, in dem die
319 2526 1523 2585 schönsten und empfindungsvollsten Frauen als Blumen blühen,
322 2573 1526 2627 damit er sie brechen darf. Man vergißt auch seinen Freund Max
322 2621 1534 2669 nicht wieder, der diesen Anatol durch und durch sieht, der ihn als
322 2660 1522 2715 Phantasten ganz genau kennt, heut über ihn lächelt, morgen sich
316 2706 1522 2755 über ihn entrüstet und im Grunde doch im Banne seines Zaubers
322 2749 1519 2801 steht und hilfsbereit immer zur Hand ist, wenn es gilt, eine
319 2795 1509 2845 Dummheit Anatols wieder gut zu machen. Und das gilt es sehr
313 2836 1519 2889 oft, denn lang, wie Leporellos Register, ist die Liste der Frauen
313 2883 1517 2935 und Mädchen, die Anatol der Reihe nach anbetet. Ehe er die
311 2929 1516 2975 eine los geworden ist, liegt er schon in den Fesseln der andern.
307 2959 1509 3030 Ob sie aus der Stadt oder der Vorstadt sind, aus Hernals oder
311 3014 1516 3068 aus dem Cottage=Viertel, ob sie einem andern gehören oder frei
319 3057 1517 3120 sind, wie der Vogel auf dem Zweig, ob sie zur großen Welt
308 3106 1505 3155 zählen oder zur kleinen, ob sie zum Opernballett gehören oder
311 3146 1519 3202 zum Zirkus: Anatol liebt sie alle und — das bedeutet für ihn
302 3194 1514 3243 vielleicht noch mehr — fühlt sich von allen heiß geliebt. Reizend
308 3237 1509 3289 dieser Reigen zarter und rescher, scheuer und fescher Frauen, den
302 3280 1509 3330 der Dichter um seinen verträumten Helden tanzen läßt: die kleine
304 3326 1517 3387 Cora mit den zerstochenen Fingern und die vornehme Frau Ga¬
305 3373 1506 3422 briele, die genäschige Annie und die vergeßliche Bianca, nicht zu
296 3413 1509 3463 vergessen Ilona, die allzu temperamentvolle und anhängliche,
299 3458 1511 3506 die der leichtsinnige Anatol an seinem Hochzeitsmorgen nur mit
299 3501 1506 3553 Mühe los wird. Wirklich reizend dieser Reigen. Aber vielleicht
290 3545 1513 3593 nicht so reizend an sich, als reizend durch die Art, in der
292 3585 1513 3651 der Dichter ihn gesehen und gemalt hat, mit weichen, warmen
293 3634 1497 3680 Farben in einem zarten, rosig angehauchten Helldunkel. Wenn
290 3675 1494 3726 man's auch nicht wüßte, daß Schnitzler Süddeutscher, daß er
287 3713 1506 3779 Wiener ist: diese Dialoge würden es verraten: Süddeutscher
1618 1621 2822 1665 Geist lebt in ihnen, Wiener Luft durchweht sie. Aber ihre Wir¬
1618 1656 2819 1723 kung verfehlen sie auf niemanden, der Sinn für zierliche Klein¬
1618 1706 2814 1760 unst und Verständnis für einen ein wenig melancholisch gefärb¬
1621 1746 1909 1807 ten Humor hat.
1687 1792 2825 1847 Die fünf Szenen, die aus dem Zyklus herausgegriffen und
1612 1836 2816 1894 auf die Bühne gestellt worden sind, waren eigentlich nicht für sie
1606 1883 2817 1937 bestimmt. Es geschieht in ihnen ja kaum etwas, und selbst da,
1609 1925 2816 1970 wo etwas geschieht, ist eben dies dem Dichter Nebensache und
1606 1961 2813 2013 Hauptsache, was Anatol dabei empfindet. Bringt man sie aufs
1606 2009 2810 2063 Theater, so ist es Aufgabe der Regie, sie möglichst scharf von
1603 2051 2816 2111 einander sich abheben zu lassen, damit die Sache fürs Publikum
1606 2100 2813 2155 nicht eintönig wird. In diesem Sinn ist schon die Folge der fünf
1601 2141 2808 2184 Szenen angeordnet, die die reinen Plaudereien Weihnachts¬
1601 2184 2813 2247 einkäufe und Episode zwischen die drei Szenen mit ein
1601 2233 2816 2286 wenig Handlung stellt und diese drei so folgen läßt, daß die harm¬
1595 2279 2807 2324 loseste, die Frage an das Schicksal, den Anfang macht,
1601 2315 2805 2372 dann das drollige Abschiedssouper kommt, das für sich
1601 2355 2808 2422 allein schon längst auf der Bühne heimisch ist, und Schluß
1595 2410 2802 2482 das pikanteste Stückchen steht: Anatols Hochzeits¬
1592 2451 1799 2521 morgen.
1668 2463 2804 2546 Dr. Hagemann hatte die fünf Szenen mit feinem Takt
1598 2532 2802 2592 scharf gegen einander abgesetzt und so die rechte Abwechslung,
1592 2585 2816 2633 ein Liebes=Kaleidoskop im kleinen geschaffen. Jedes einzelne
1601 2627 2805 2682 Stückchen war allerliebst arrangiert. Ganz besonders hübsch die
1595 2665 2802 2734 stimmungsvollste der Szenen, Weihnachtseinkäufe, mit der
1595 2711 2799 2761 Straßenecke aus dem alten Wien und dem zum Jubel der Zu¬
1592 2755 2796 2808 schauer leibhaftig auf der Bühne erscheinenden Fiaker. Das
1592 2796 2793 2848 Schwergewicht der Darstellung liegt in der Rolle des Anatol.
1589 2848 2790 2908 Herr Lang war in allen fünf Szenen vortrefflich: er hat die
1584 2891 2793 2949 Echtheit des Dialekts, die Leichtigkeit des Tons, die Liebenswür¬
1580 2933 2792 2993 digkeit des Benehmens, er hat auch das Bißchen Selbst=Ironie,
1580 2976 2792 3020 und das Bischen Melancholie, die zur rechten Wiedergabe ge¬
1583 3017 2790 3071 hören. Und da er seinen Cut away so flott zu tragen weiß, wie
1589 3069 2785 3115 seinen Smoking, und im Pelzrock so gentlemanmäßig auszusehen
1583 3112 2787 3158 weiß, wie drollig im silbergrauen Morgen=Anzug, so fehlte ihm
1580 3155 2792 3204 nichts zum Erfolg und war sein Sieg vollkommen auf der ganzen
1580 3199 2787 3257 Linie. Auf dem schweren Posten, den der Vertreter des Max
1574 3236 2785 3300 neben dem Darsteller des Anatol hat, hielt sich Herr Wlach
1577 3286 2781 3335 mit zielbewußter Klugheit und brachte die Figur zur besten Wir¬
1574 3326 2785 3376 kung. Von den Vertreterinnen der Frauenrollen ist ganz obenan
1577 3376 2781 3433 Fräulein Elsinger zu nennen. Ihre Ilona war eine famose,
1574 3417 2785 3475 rassige Leistung, an der man sein helles Vergnügen haben
1574 3460 2781 3520 mußte. Ihr zunächst stand Frau Heydorn, die die Bianca
1571 3503 2782 3556 mit viel Geschmack gab. Fräulein Olla Bauer hatte als
1574 3545 2775 3599 Annie im Abschieds=Souper keine leichte Aufgabe, da man diese
1574 3590 2778 3651 Rolle hier schon von einer ganzen Reihe namhafter Künstlerinnen
1571 3632 2775 3697 gesehen hat. Sie hielt sich wacker und führte ihre Rolle mit
1567 3680 2772 3730 gamin-hafter Lustigkeit und Derbheit durch. Die Gabriele war
1571 3723 2778 3799 bei Fräulein May, die Cora bei Fräulein Valéry gut auf¬
