3436 4352
1421 155 1798 264 box 9/4
954 166 1233 264 Zyklu-
313 162 818 271 4.9. Anato
799 181 1010 279 -
539 204 720 283 A
392 320 754 422 Ausschnitt aus:
720 445 811 539 -
841 524 1263 630 FIGARO
369 550 603 660 Extrait de
675 588 1353 720 P CHAMPS-ELYSEES 14, VIII.
366 656 558 754 Adresse
750 701 1270 844 22 JANVIER 1932
366 762 498 852 Date
366 848 607 950 Signature :
366 958 615 1052 Exponition:
2488 961 3159 1203 DE PARIS
1410 958 2390 1206 DES THEATRES
486 1056 1320 1218 CHRONIQUE
305 1218 3329 1406 Lugnée : La Parade, deuxième volume : Aerobaties, souvenirs et impressions de théâtre (1854.1902), éditions de la Nouvelle
1316 1323 2330 1418 Revue Française » (Librairie Gallimard).
2352 1433 3359 1538 en protestation contre le jugement inique qui
320 1436 2322 1565 J'ai déjà parlé ici même du premier volume leur destinée, ces deux puissances se rencon¬
2352 1512 3355 1576 condamnait le poète au hard labouret, à
1312 1531 2326 1598 trent au même point et associent leurs forces
264 1538 1286 1617 des souvenirs de théâtre de M. Lugné-Poe qui
2352 1557 3355 1632 anecdote très amusante sur la tête de sain
1323 1583 2326 1647 secrètes. Sans les charmes du décor et de la
268 1595 1286 1655 s'intitulait Le Sot du tremplin, et j'en ai dit
2345 1602 3352 1696 Jean, venue du musée Grévin ; le nère bour
1308 1621 2326 1712 lumière, la fameuse Maya, de M. Gantillon,
268 1640 1282 1708 tout l'intérêt anecdotique et documentaire. Le
2352 1655 3359 1734 reau trouvé à grand peine, car ce n'était
1316 1674 2322 1738 aurait été une pièce dans le genre de celles du
271 1689 1286 1757 second volume, Acrobaties, vient de paraître et
2364 1700 3359 1783 pas encore le temps des negres laisse échap¬
1327 1723 2319 1791 Théâtre Libre. Mais la succession en tableaux
264 1730 1282 1806 ne le cède en rien à son aîné. On ne pourra
2356 1749 3359 1828 per la tête « qui roula sur le sol avec le bruit
1323 1772 2319 1844 des scènes, et les mystères de l'éclairage lu
279 1787 1282 1874 plus tard, se passer de ces témoignages pour
2352 1795 3363 1862 d'une soupière cassée ». Tous ces menus dé¬
1320 1821 2319 1893 ont conféré le pouvoir de réaliser un instan¬
271 1836 1289 1904 écrire l'histoire du théâtre du vingtième siècle
2356 1844 3363 1919 boires qui nous amusent à la lecture étaient
1312 1862 2319 1942 celui de l'illusion, au lieu que jadis elle n'au
271 1881 1286 1957 et de la fin du dix-neuvième, histoire si proche
2360 1893 3363 1964 dramatiques en fait, car ils représentaient des
1320 1915 2326 1991 rait pu que l'évoquer, et que, par conséquent,
271 1930 1289 2002 de celle de la poésie, de la littérature en géné¬
2356 1938 3363 2013 débours très onéreux pour les bourses vides
1320 1964 2334 2032 de nombreux spectateurs en seraient restés au
268 1975 1289 2047 ral, du journalisme et des façons de vivre de
2364 1994 3367 2058 Mais je ne puis énumérer ici toutes les pièces
1320 2013 2326 2089 sens des mots, et à la représentation hardie
275 2024 1289 2096 la jeunesse littéraire de ces temps qui nous
2360 2043 3363 2119 jouées par l'œuvre en cette période (œuvres
1323 2058 2326 2134 des scènes de la vie d'une fille publique. Mais
279 2074 1293 2145 paraissent déjà si lointains. Quel amour du
2364 2085 3367 2156 de Quillard, Auguste Villeroy, Romain Coolus
1316 2107 2322 2179 ces considérations sur la part de l'électricité
271 2119 1289 2198 théâtre en ce jeune Lugne-Poe qui, sans le sou¬
2364 2138 3370 2202 Trezenick et Soulain, Edmond Sée, qui y de¬
1316 2156 2334 2224 dans l'art dramatique moderne m'entraîne et
271 2172 1297 2243 et sans véritable appui, finissait par jouer ce
2356 2183 3370 2247 buta avec sa Brebis, devenue célèbre, Tristan
1323 2205 2326 2296 je me hâte de revenir à l'amusant et si instruc¬
275 2217 1293 2292 qu'il voulait, imposer les noms qu'il admirait,
2360 2228 3367 2300 Bernard, Rachilde dont il joue Araigné
279 2258 1994 2330 voyager, jouer en tournées, fonder un théâtre, tif et vivant livre de Lugné-Poe¬
2356 2281 3370 2352 de Cristal, de 1894 à 1902, ni toutes les
1361 2285 2330 2364 Nous y trouvons maints portraits, et d'abord
275 2319 1293 2398 ce théâtre de l'Œuvre devenu célèbre et qui
1323 2326 3367 2417 celui de Berthe Bady, qui accompagna la rencontres et amitiés de Lugné et de sor
279 2375 1297 2435 contribua à orienter puissamment l'art dra¬
2364 2371 3367 2443 théâtre (ici quelques portraits de peintre
1327 2390 2334 2473 troupe dans la fameuse tournée que Lu¬
275 2413 1293 2484 matique vers tout ce qui était neuf et hardi,
2368 2432 3367 2500 très précieux : Toulouse-Lautrec, Vuillard
1323 2439 2330 2537 gne organisa en Norvège pour jouer en
264 2458 1282 2541 et vers le théâtre étranger. Je dis « contribua
2364 2477 3370 2545 etc., etc), mais je ne veux pas terminer
275 2488 2330 2575 et à la réflexion ce verbe est insuffisant, français les drame d'Ibsen, devant Ibsen
2356 2515 3370 2594 cet insuffisant article le livre de Lugo
279 2537 2334 2628 L'Œuvre, à elle seule, imposa de certaines di¬ Cette fervente audace, qui vainc toutes les
2364 2575 3378 2643 méritant des pages et des pages, et je ne peux
1327 2586 2334 2662 difficultés matérielles, d'un tout jeune homme
283 2616 1293 2680 rectives théâtrales et guida le goût de l'époque
2371 2624 3370 2688 qu'y renvoyer mes lecteurs sans noter que
1323 2643 2326 2714 hardi, confiant et puisant son courage dan¬
287 2654 1293 2726 où elle naquit. Le Théâtre Libre, avec Antoine
2371 2665 3385 2733 ce livre se termine sur la représentation d'Ubu
1327 2696 2337 2760 une admiration fétichiste pour le grand Ibsen
283 2711 1301 2778 s'était engagé parallèlement sur une autre voie,
2364 2718 3370 2778 Roi d'Alfred Jarry. Lugné hésitait fort, et or
1331 2741 2330 2809 tout cela a un accent qui émeut tout en restan
279 2752 1297 2816 dans son genre aussi hardie (pour le siècle).
2371 2763 3370 2839 le comprend, à représenter cette farce extra
1327 2786 2345 2858 si vrai, si jovial dans les petits détails de mé¬
271 2801 1293 2884 Et au fond, depuis lors, qu'a-t-on inventé de
2368 2812 3370 2873 ordinaire, cette bouffonnerie devenue légen
1327 2831 2337 2907 comptes, d'ennuis variés, de manque d'argent
275 2854 1297 2910 nouveau ? Cet soif des sources étrangères que
2371 2858 3370 2926 daire. Mais Jarry tint bon, et Rachilde, qui
1327 2884 2345 2948 ou de déconvenue. Mais Ibsen l'accueillit, mais
275 2895 1293 2967 Lugné-Poe a étanchée le premier ou un des pre¬
2368 2907 3367 2978 le protégeait beaucoup, décida enfin Lagnée
1331 2933 2345 3001 Ibsen vint le voir jouer, lui et sa troupe, et se
268 2944 1301 3024 miers, nous la ressentons toujours. J'ai rendu
2368 2959 3370 3020 Gémier accepta le rôle inoui du » Père Ubu
1327 2978 2345 3050 montra au balcon avec Bady, et les étudiants
275 2997 1301 3054 compte depuis peu de semaines de la pièce de
2368 3001 3367 3080 Des lettres de Jarry, publiées par Lugné, son
1327 3027 2341 3091 norvégiens les acclamèrent. Heures inoublia¬
279 3039 1297 3110 Bruckner à l'Œuvre qui, voici peu de mois,
2371 3057 3370 3125 fort curieuses et expliquent comment on do¬
1331 3069 2345 3137 les et si admirables dans l'effervescence pleine
279 3095 1297 3167 jouait avec tant de succès La Folle du Logis
2368 3106 3370 3163 représenter son œuvre. Il donna sans dout
1335 3125 2345 3189 de sève de la jeunesse. Beau souvenir et aussi
275 3133 1293 3208 de Grand Hôtel aux Folies-Wagram, de la
2371 3152 3367 3212 aussi toutes les indications nécessaires sur
287 3167 2345 3269 pièce tirée du roman de Zweig à la Madeleine, belle leçon, car Ibsen dit à peu près à Lugné :
2371 3201 3370 3265 « parler Ubu », dont les modulations tour
1331 3208 2341 3295 « Je suis un être de passion mon œuvre es
283 3246 1312 3314 de La Route des Indes, de la charmante
2371 3238 3370 3310 tour pointues ou rauques furent adoptées pen
1327 3261 2345 3359 une œuvre de passion, il faut me jouer avec
275 3287 1301 3355 comédie de Noël Coward aux Mathurins,
2368 3295 3370 3352 dant fort longtemps ensuite par tous le
1342 3314 2345 3393 passion... » Cet aveu, ce conseil eurent une
283 3333 1301 3408 etc., etc. Le théâtre de l'Avenue a représenté
2368 3340 3382 3401 spectateurs, aussi bien les indignés que les en¬
1335 3359 2337 3446 immense portée et transformèrent la compré¬
279 3385 1301 3457 toute une série de pièces de Tchéhove
2375 3393 3370 3453 chantés. Première d'Ubu Roi ! J'y étais. Je n
1327 3419 2062 3480 hension ibsénienne de Lugné-Poe.
283 3431 1293 3506 nous convie à une pièce de Schnitzler (traduite
2368 3438 3370 3506 l'ai jamais oubliée. C'était déjà une parodie
1372 3423 2334 3525 Portrait d'Herman Bang, « le Diable du théâ¬
283 3468 1297 3548 cette fois-ci, en français), Anatole... Strindberg
2368 3487 3370 3551 futur. Gémier y fut admirable sous son dégui
1338 3502 2341 3585 tre ». Aimé d'Ibsen, adressé par Prozor à Lu¬
279 3532 1301 3585 découvert par Lugne-Poe voilà trente ans, est
2375 3536 3378 3608 sement insensé qui en faisait une machine ani
1331 3548 2341 3634 gné, il était venu à Paris aux Bouffes du Nord
290 3578 1304 3657 plus à la mode que jamais à Paris. Seule, l'étoile
2375 3585 3378 3657 mée. La marche des Palatins qui, derrière ut
1350 3608 2349 3680 pendant les dernières répétitions d'un drame
294 3623 1293 3695 polaire du grand Ibsen qui eut une telle in
2379 3627 3367 3698 paravent, s'accroupissaient ou se relevaien
1342 3646 2341 3732 d'Ibsen. « Il brûlait en lui un feu extraordi¬
290 3672 1297 3744 fluence sur tout le théâtre du début du siècle
2379 3680 3374 3747 figurant les méandres d'une armée en marche
1342 3698 2345 3774 naire », et il accompagnait désormais la jeune
287 3729 1312 3793 semble un peu palie, mais à peine, et prête
2375 3729 3378 3789 était composée par Claude Terrasse avec un
1338 3747 2345 3819 troupe, la dirigeant, la conseillant. Portrait de
290 3770 1308 3838 à rebriller de tous ses feux ; car lorsque Mme
2375 3766 3370 3845 humour musical impayable. Le « croc à phy
1342 3796 2356 3872 Suzanne Després à ses débuts lorsqu'elle vient
279 3819 1297 3891 Pitoëff joue Maison de Poupée, c'est une lon
2379 3815 3374 3887 nances », la « fosse à nobles », toutes ces bar
1335 3834 2356 3917 toute jeune chez Lugné, désirant être engagée
290 3876 1304 3943 gue suite de vrais triomphes et quand Lugné
2383 3879 3382 3943 bares folies, n'était-ce pas déjà une sorte d'es
1342 3891 2345 3970 dans sa troupe. Lugné, frappé de ses dons ex¬
2383 3917 3367 3985 quisse de bolchevisme, de mécanisation? Louis
290 3921 1308 3985 rejoua Solness, on se sentit étreint de nouveau
1342 3943 2349 4015 ceptionnels, lui conseille le travail, l'envoie
294 3966 1308 4041 par tout ce que le drame contient d'éternelle¬
2383 3970 3378 4041 France était fort superbement haute en couleur
1338 3996 2349 4057 chez Worms... et ainsi se rencontrent les des¬
287 4019 1312 4083 ment humain en ses hautes ambitions, en ses
2371 4019 3370 4083 en Mère Ubu. On sait le scandale et l'amusemen
1331 4038 2352 4106 tins faits pour s'unir et se révèle une de nos plus
294 4060 1308 4139 frissons contradictoires, en l'achèvement déri-
2383 4068 3382 4132 de la pièce. Toute la salle, debout, criant en chœu¬
1342 4090 2352 4170 grandes artistes portrait d'Henry Bataille
