3532 4352
317 190 1174 311 4.9. Anatol - Zykl
1434 197 1788 289 box 8/4
2125 106 2432 163 das richtige war.
2205 141 3029 201 Das nächste war das „Einzigste Wirtshaus
2116 193 3033 241 an der Lahn — offenbar eine etwas kühne Be¬
2122 232 3033 281 hauptung. Dann kam ein „Vegetarisches
2170 274 3029 324 Wirtshaus an der Lahn, eins, das vor Nach¬
2103 319 3029 365 ahmungen warnte, und schließlich noch sechs oder
2131 359 3033 411 sieben andere, deren Titel ich vergessen habe.
2125 400 3035 451 Wären noch riehr Häuser in Dausenau gewesen,
2122 443 3038 515 dann hätte es auch noch mehr Wirtshäuser an der
2116 484 2384 549 Lahn gegeben.
2198 508 3038 574 Aber da stand noch ein einziges Häuslein
2122 571 3033 619 etwas abseits im Gebüsch. Es war ganz mit
2122 615 3026 656 Reblaub überwachsen und blitzte nur so von
2124 652 3015 708 Sauberkeit. „Es wird kein Wirtshaus sein!
2116 692 3035 749 dachte ich. „Es sieht zu hübsch und zu nied¬
2122 740 3035 785 lich aus. Doch als ich näher kam, da bemerkte
2125 780 3033 829 ich ein blankes Schild: „Zum neuen Wirtshaus
2122 825 3038 868 an der Lahn“. Und am Fenster hing ein Plakat:
2133 866 3041 918 „Soeben eröffnet. Zum Besuch ladet ein die
2125 903 2496 962 junge Wirtin".
2204 943 3038 1006 Und hier kehrte ich fröhlich ein und vergaß
2122 994 3038 1036 bei der jungen Wirtin das alte, das echte, das
2125 1031 3035 1083 historische und das Originalwirtshaus. Ich weiß
2131 1075 3033 1125 jetzt, auf welche Wirtschaft das Lied gedichtet
2125 1118 3041 1179 worden ist, aber es war doch ein Stück Arbeit es
2126 1154 2411 1230 herauszufinden.
2207 1252 3014 1366 Theater und Musik.
2169 1343 2692 1455 Anatol.
2251 1402 2807 1495 Deutsches Landestheater.)
2213 1487 3040 1544 Es hat oft etwas Wehmütiges, auf die ge¬
2122 1534 3036 1596 lungenen Erstlinge eines Dichters zurückzugreifen.
2131 1581 3035 1626 Es ist darin das unausgesprochene Geständnis
2122 1623 3041 1675 enthalten: Ja, damals, als wir von ihm noch
2126 1666 3041 1711 ganz anderes erwarteten! Man muß nicht immer
2125 1705 3044 1755 auf das typische Beispiel von Halbe hinweisen.
2131 1746 3041 1799 Einen ähnlichen „Jugend“=Erfolg hatte mancher
2137 1789 3041 1838 Zeitgenössische und die Fortsetzung war ein müh¬
2137 1833 3038 1886 sames Tasten in Unzulänglichkeiten. Philipp Lang¬
2125 1877 3044 1924 mann und Georg Hirschfeld haben ein ähnliches
2126 1920 3044 1965 Schicksal. Aber Artur Schnitzler ist kein solches
2131 1957 3044 2012 Haupttreffergenie mit einmaliger Glückshand. Als
2127 2000 3041 2055 ihn seine feinfühlige, in ureigener Anschauung
2127 2042 3047 2097 wurzelnde Tragödie „Liebelei" auf der deutschen
2131 2086 3044 2132 Bühne populär machte, war er bereits ein reifer
2132 2126 3051 2171 Dichter mit dramatischen Voraussetzungen. Er
2127 2163 3047 2211 hatte seine famose Dialogstudie „Anatol ab¬
2137 2211 3050 2257 solviert, die ihn als Psychologen einer melan¬
2132 2252 3044 2309 cholisch-heiteren Dämmerwelt und als scharfgei¬
2137 2294 3044 2346 stigen Dialogkünstler beglaubigte. Und was nach
2127 2337 3050 2376 der „Liebelei folgte, war ein Steigern der ge¬
2133 2374 3050 2447 wonnenen Fähigkeiten, ein Fortwühlen in den
2136 2420 3047 2469 Geheimnissen, an welchen sein forschender Geist
2127 2464 3047 2519 gerührt hatte. Selbst das scharfe Nordlicht des
2133 2505 3044 2552 großen Skandinaviers Ibsen, in welches Schnitzler
2137 2550 3050 2596 zu lange hineingestarrt hat, schädigte nicht den
2136 2596 3050 2644 Blick des Wiener Gefühlsproblematikers und man
2133 2631 3050 2684 darf trotz seines „Einsamen Weges" hoffen, daß
2131 2670 3053 2721 er das Augenflimmern fremder Lichtstrahlen längst
2131 2718 3056 2772 überwunden hat. Eine szenische Realisierung der
2127 2751 3047 2803 dramatischen Anatol-Skizzen hat für uns heute
2137 2802 3047 2856 geradezu ein dokumentarisches Interesse für den
2131 2837 3050 2890 Werdegang eines Künstlers und wir empfinden
2131 2879 3044 2927 seine dialogisterten Proben bei aller Eintönig¬
2130 2925 3053 2976 keit der Form als die wertvolle Kleinplastik eines
2137 2964 3047 3013 für große Entwürfe heranreifenden Bildners.
2133 3008 3047 3057 Es sind die Vorläufer Schnitzlerschen Geistes
2126 3055 3056 3110 und heute, wo wir die Reversicht über das Ge¬
2132 3089 3050 3144 samtwerk des Dichters haben, macht uns die
2137 3138 3047 3176 Entdeckung seiner Eigenart gerade in der ver¬
2131 3174 3050 3226 kürzten Experimentierform besondere Freude.
2126 3226 3050 3276 Wir wissen: manche Andeutung, manches lächelnde
2133 3264 3043 3317 Spiel mit ernsten Dingen, hat der Dichter in
2137 3300 3047 3361 sich fortwirken lassen, Stimmungen, die anklin¬
2137 3349 3047 3400 gen, schwollen zu erschütterndem Lebensakkorden
2131 3388 3050 3440 an. In dem übermütigen „Abschiedssouper" steckt
2137 3424 3051 3478 bereits unsichtbar im Hintergrunde die rührende
2133 3467 3050 3520 Figur des Vorstadtsmädchens Christine. Im
2133 3518 3048 3564 Grunde sind die Anatol=Episoden Projektionen
2133 3562 3050 3610 männlicher Gefühlsschwärmerei auf unwürdige
2137 3596 3050 3644 Objekte. Dieser Stoffkreis verführt den Dichter
2133 3644 3044 3718 zu der einseitigen Stellungnahme für dem emp¬
2401 3736 2684 3844 A
