3436 4352
1371 185 1718 284 box 9/5
259 177 1202 298 4.9. Anatol - Zyklus
2810 563 2974 642 Nr. 43.
529 558 643 645 ﻿648
1584 563 1888 634 Die Nation.
523 688 1728 773 funkelnden Wortkunst zu verkünden weiß; frühgereift und
1788 689 2991 767 steht, mit der sie sich beschäftigt. Die ganze Homerfrage
1772 754 2989 807 bietet reichlich Gelegenheit diese Wahrnehmung zu machen.
511 756 867 825 zart und traurig.
1785 801 2996 855 Selbst der ausgezeichnetste Textkritiker kann kein richtiges
629 801 1731 864 Der gefühlsironische und doch sinnlich sentimentale
1782 845 2992 899 Urtheil haben über Fragen der künstlerischen Komposition,
507 850 1539 921 Arthur Schnitzler, der die Komödie unserer Seele,
1782 892 2991 947 wenn er nicht selbst künstlerisch denken kann. Der spezifische
1779 939 2992 989 Gelehrte freilich betrachtet solch künstlerisches Denken mit
844 950 1431 1003 Unseres Fühlens heut und gestern,
1779 984 2989 1029 kritisch-argwöhnischen Blicken. Besonders merkwürdig er¬
853 989 1354 1041 Böser Dinge hübsche Formel,
844 1030 1323 1080 Glatte Worte, bunte Bilder
1788 1026 2997 1087 scheint es, wenn ein Mann von so hervorragendem Kunst¬
844 1077 1348 1148 Halbes, heimliches Empfinden
1782 1077 2992 1126 verständniß wie Brunn sich immer als Gelehrter vor dem
1782 1120 2992 1177 Vorwurf subjektiven Empfindens wahren zu müssen glaubt,
511 1134 1715 1200 mit so wundersamem echtem Duft in sein Buch „Anatol
1785 1166 2999 1223 als ob nicht gerade diese wunderbar entwickelte Subjektivität
507 1192 1737 1254 verschlossen. Sie alle sind so kluge Künstler, daß sie nur
1782 1214 3002 1269 die epochemachenden Entdeckungen erst ermöglicht hätte, die
517 1240 1731 1293 produziren wollen, was sie können. Sie schreiben feine
1785 1256 2994 1310 ihn zu dem einzigen wirklichen Nachfolger Winckelmanns ge¬
511 1285 1735 1353 kleine Bücher, in denen sie nur sich selbst hingeben; und der
1779 1306 2996 1356 macht haben. Das aber ist das Große an Lessing, daß der
514 1334 1734 1390 ganzen Anlage und der Komposition nach gehört auch nicht
1779 1353 2996 1398 Kritiker zugleich auch schöpferisch thätig war. Der schaffens¬
511 1381 1731 1435 mehr hinein. Bei einem größer angelegten Roman, der
1785 1390 3002 1451 kräftige Goethe dachte eben nur, insofern er produzirte; und
507 1428 1728 1485 mit einer weiteren Bühne rechnet, kommt diese Art nicht
1785 1442 2994 1499 wenn er sich auch von Gelehrten den Dichter Homer aus¬
511 1473 1728 1522 aus; das hat Hollitscher erfahren. Ob er aber für die
1779 1487 2999 1546 reden ließ, er schuf einheitlich sein herrliches Epos. Später,
514 1519 1731 1576 kleinen Bücher den weichen vollen Anschlag besitzt, daran
1788 1533 2992 1589 als der erfahrene Künstler richtiger über die homerische
514 1566 1734 1627 möchte ich nach den Gedichten in Prosa dieses Werkes auch
1788 1580 2997 1632 Frage urtheilte, versagte die Schöpferkraft, um die Gedanken
509 1612 694 1683 zweifeln.
1788 1627 2997 1683 in Leben umzusetzen. In der Erkenntniß alter Kunst ist
629 1652 1728 1726 Dieser arme Büßer des Gefühls hat sich nur die
1791 1666 3000 1721 Goethe bis zuletzt groß gewesen, nur weil ihm hier die
523 1708 1734 1763 Dornenkrone geholt, die gleiche Dornenkrone, die auf dem
1785 1715 3005 1774 Fülle eigner Erfahrung zu Gebote stand. Denn die Gesetze
523 1760 1740 1814 farbensüchtigen Titelblatt Thomas Theodor Heyne's sein
1786 1771 2999 1826 künstlerischen Schaffens waren zu allen Zeiten dieselben, so
507 1803 1732 1863 Held aus den ekstatisch spirituellen Händen der Prä¬
1791 1806 3000 1865 sehr auch Stoff und Form in den verschiedenen Jahr¬
507 1856 969 1933 raphaëlitin empfängt.
1785 1853 2999 1908 hunderten gewechselt haben. Jeder Künstler muß aus dem
1791 1899 3002 1959 ihm umgebenden Leben dasjenige herausgreifen, was ihm
1182 1908 1630 2005 Felix Poppenberg.
1788 1945 3002 2002 das Wichtigste erscheint, er muß also abstrahiren. Soll aber
1791 1994 3005 2053 solche Abstraktion nicht trocken=schematisch, sondern lebendig¬
1788 2042 3002 2092 natürlich wirken, so muß er sie mit seinem Temperament
1788 2090 3008 2139 befruchten. Künstlerisch Schaffen heißt also aus dem Leben
1785 2132 3009 2189 bestimmte Vorstellungen gewinnen, diese Vorstellungen selbst
1785 2180 3005 2232 aber wieder zum Leben führen. Wie aber der Künstler
1794 2227 3005 2283 sehen soll, darüber hat sich der junge Goethe in dem
811 2234 1438 2323 Lehren — eine Kunst.
1785 2267 3002 2329 wunderbar frischen Aufsatze über Falkonet so ausgesprochen:
1806 2317 3005 2369 „Er mag die Werkstätte eines Schusters oder einen Stall,
629 2315 1734 2399 Neuerungssuchtiger ist man wohl zu keiner Zeit auf
1788 2360 3013 2412 er mag das Gesicht seiner ebten, seine Stiefel oder die
514 2389 1738 2442 dem Gebiete der Schule gewesen als heutzutage. Es kommt
1788 2400 3013 2457 Antike ansehen, überall sieht die heiligen Schwingungen
523 2433 1732 2491 einem vor, als befände man sich in einem technischen Betrieb,
1785 2451 3005 2500 und leisen Töne, womit die Natur alle Gegenstände ver¬
514 2485 1738 2548 wo die größten Anstrengungen gemacht werden, um durch
1785 2496 3009 2557 bindet!" Und einen solchen künstlerischen Sinn muß derjenige
520 2530 1734 2581 ein neues Verfahren die Anlage möglichst konkurrenzfähig
1788 2544 3005 2604 besitzen, der an ein Kunstwerk, was es auch sei, herantritt,
523 2578 1734 2628 zu erhalten; ja bisweilen hat man den Eindruck, als ob
1791 2591 2485 2655 sich und andern zum Verständniß
532 2616 1734 2681 das schulmeisterliche Ideal in einem Reichspatent auf einen
1893 2610 3009 2693 Nur aus der unmittelbaren längeren Einwirkung der
523 2669 1131 2730 Nürnberger Trichter bestände.
1794 2681 3009 2739 Schöpfung eines echten Künstlers auf uns gewinnen wir
626 2716 1735 2783 Haben sich wirklich Bedürfnisse herausgestellt, Schulen
1785 2724 3009 2784 die Fähigkeit des Urtheils, mag nun diese Schöpfung in
520 2773 1734 2823 mit einem neuen Lehrplan zu gründen, so versuche man es
1788 2773 3008 2827 unsern Tagen oder vor Tausenden von Jahren entstanden sein.
520 2809 1737 2871 damit jedenfalls schränke man das unselige Berechtigungs¬
1893 2820 3013 2877 Und so verlangt eine empfängliche Jugend nicht gelehrte
523 2855 1737 2917 unwesen mit allen Kräften ein und vergesse nie, daß es weit
1794 2868 3011 2917 Erörterungen, die aus hundert und einem Kommentator
520 2906 1731 2959 weniger darauf ankommt, was, sondern fast allein, wie gelehrt
1788 2915 3008 2971 bienenemsig zusammengelesen sind, sondern den Umsatz
520 2955 1738 3013 wird. Denn lehren ist wie erziehen eine Kunst und zwar
1788 2962 3013 3019 dichterischer, künstlerischer Gestalten ins unmittelbare Leben.
523 2999 1728 3054 eine Kunst mit der innerlichsten Technik, die abgesehen vor
1788 3006 3009 3054 Die Schule ist ein vortrefflicher Prüfstein für das, was ein
520 3045 1737 3102 den gewöhnlichsten Handgriffen jeder sich selbst seiner Natur
1788 3053 3009 3102 ewiges Leben hat, und nur solches verdient unter den
526 3088 1731 3141 entsprechend herausarbeiten muß. Ebenso wenig aber, wie
1785 3094 3009 3154 Lebendigen behandelt zu werden. Es ist keine Frage, daß
520 3136 1741 3191 es einem Künstler oder Handwerker einfallen wird, unab¬
1788 3144 3013 3193 dieser künstlerische Gesichtspunkt auf der Schule trotz allen
523 3184 1725 3238 lässig schreibend oder redend über seine Aufgabe sich zu ver
1791 3191 3013 3252 schönen Redensarten zu kurz kommt. Dem Pedanten liegt
520 3225 1734 3279 breiten, so wenig sollte das auch einem Lehrer einfallen.
1788 3236 3009 3286 er ebenso fern wie dem Philister — dem deutschen Bildungs¬
524 3276 1737 3330 Nur nach einer langen Reihe von Erfahrungen entweder
1788 3284 3008 3333 philister, wovon unsere Nation noch immer einen uner¬
523 3318 1728 3373 auf dem Höhepunkt seines Schaffens oder am Ende eines
1797 3326 3008 3381 schöpflichen Vorrath hat. Der Streber ist auch auf diesem
523 3361 1734 3421 reichen Lebens läßt es sich erklären, wenn der Künstler
1794 3375 3008 3431 Gebiete sehr akklimatisationsfähig. Am täuschendsten wird
520 3415 1734 3471 die Summe zieht, wenn er sich und andern klar wird über
1791 3423 3008 3483 es wirken, wenn er selbst eine künstlerische Begabung,
523 3455 1734 3520 die Wege, die er in der Jugendfrische vielfach unbewußt
1785 3481 3008 3528 nämlich die des Schauspielers besitzt. Das jugendliche Ge¬
523 3508 1728 3557 eingeschlagen. Damit wird er freilich nur denen nützen
1785 3508 3005 3568 müth wird er dann die ganze Leiter der Gefühle herauf¬
526 3552 1738 3605 welche ihrer Natur nach ähnliche Wege wandeln; alle andern
1791 3560 3002 3616 führen können. Er kann sittlich religiös, heiter aufgeklärt,
523 3600 1740 3653 verstehen ihn nicht oder noch schlimmer als das, nur
1785 3605 3009 3662 witzig und rührend, salopp und grob, fein und welt¬
526 3639 1743 3704 äußerlich. Und eine solche Veräußerlichung wird überall da
1785 3650 3005 3705 männisch, ja genialisch geistreich sein, kurz er kann alles
523 3690 1737 3747 eintreten, wo individuell errungene Ansichten methodisch
1794 3693 2702 3754 spielen mit jenen mimischen Talenten.
2769 3697 3008 3751 Langeweile
520 3737 1731 3791 verallgemeinert werden. Man berücksichtigt dabei zu wenig
1785 3734 3005 3801 wenigstens, welche das Charakteristische der ersteren Gattung
523 3782 1732 3833 die Persönlichkeit des Lehrers, ohne welche doch jede Prin¬
1785 3787 3005 3841 ist, kommt bei ihm nicht vor, und das ist immerhin ein
520 3825 1734 3896 zipien- und Methodenlehre, und wäre sie die schönste und
1791 3833 3008 3889 Vorzug; wohl aber wird der Schüler, der sich in jugendlicher
523 3875 1745 3957 edelste der Welt, ein eitel mechanischer Wortapparat ist
1791 3878 3005 3940 Unerfahrenheit hat täuschen lassen durch die blendende
514 3921 754 4000 und bleibt.
1794 3929 3008 3983 Schauspielerkunst, um so bitterer dann über den Werth
1785 3975 3013 4020 des Mannes urtheilen, wenn er erst seine eigenen Augen
629 3964 1741 4031 Ueberhaupt begegnet man im deutschen Gelehrtenleben
1791 4021 3013 4074 hat brauchen lernen. Die einzig sittliche Wirkung des
520 4017 1738 4081 häufig einer Erscheinung, die sehr zu denken gibt, daß
1791 4066 2533 4140 Unterrichts wird somit verfehlt sein.
520 4071 1757 4143 nämlich die Person in keinem rechten Verhältniß zur Sache
