3484 4224
269 191 1201 299 4.9. Anatol - Zyklus
381 1026 1465 1204 Ausschnitt auch Salzburg
591 1137 861 1220 PARIS
386 1162 539 1233 vom
394 1243 1410 1348 Von der klerikalen Kritik. Ein Parteigenosse schreibt
394 1345 1407 1400 uns: In Ihrer gestrigen Nummer zitierten Sie die von
399 1373 1403 1454 der „Salzburger Chronik gebrachte Theaterkritik des
402 1419 1396 1501 Herrn Eckhardt über Schnitzlers „Anatol“. Der Sauher¬
393 1464 1399 1546 denton christlichsozialer Kritiker durchaus nichts ver¬
403 1532 1400 1591 blüffendes, hierin steht auch Herr Eckhardt nicht allein da.
403 1574 1393 1639 Wie aber ein solcher Kritiker sich als Sitten= und Moral¬
399 1618 1390 1699 richter geberden darf, ist etwas rätselhaft; es gehört dazu
400 1673 1394 1733 jedenfalls viel Kourage. Die große Zeit, in der wir leben,
402 1720 1406 1785 hat auch ihre großen Männer gefunden, sie befinden sich
394 1773 1399 1837 nur in der christlichsozialen Partei, wie sich von selbst
394 1822 1397 1883 versteht. In Wien rennt z. B. ein gewisser Pater Wolny
392 1868 1394 1926 ein Patentehriftlichsozialer, herum, der zwar nicht Schnitz¬
389 1919 1392 1972 ler und seinen „Anatol anflegelt, wohl aber Lessing und
397 1964 1389 2030 sein Werk „Nathan der Weise". Hören Sie, wie: „We¬
387 2017 1399 2084 demjenigen, der es wagen sollte, uns an dieser strengen
389 2068 1387 2127 Arbeit der Selbstzucht zu hindern, wehe jenen Schur
390 2102 1389 2182 ken, die es wagen, in der Not das Getreide zu ver¬
392 2165 1392 2225 teuern, während wir für das Schwarz=gelbe Kreuz
389 2214 1387 2263 Hunderttausende von Kronen sammeln, damit wir sie
392 2263 1394 2321 umsonst ernähren! Wehe jenen elenden Literaten,
389 2311 1393 2361 die in der ernsten Zeit den Mut dazu haben, Theaterstücke
392 2358 1390 2410 wie „Nathan der Weise", „Der polnische Jude" und das
389 2393 1393 2456 „Gretchen“ aufzuführen! Das ist eine Schmach für die
392 2449 1387 2504 Arrangeure und für die Besucher dieser Theaterstücke
390 2494 1390 2566 Wir sehen, daß gerade in dieser Zeit des Elends jene
386 2546 1389 2605 elenden Menschen, die vielfach als Rezensenten
384 2602 1390 2665 der Theaterstücke auftreten, in dem Moment, wo ein
393 2640 1393 2705 Schauspieler von bedeutendem Namen sich weigerte, im
389 2701 1392 2750 „Gretchen“ aufzutreten, den Künstler bis in den Boden
392 2743 1390 2806 lächerlich machen. Es zeigt sich, daß der Krieg auf das
383 2798 1390 2858 Denken einer gewissen Gruppe noch lange nicht läuternd
383 2842 1386 2896 gewirkt hat. Wenn der Friede komme, dann Krieg diesen
386 2893 1384 2956 Leuten!" — Sehen Sie, was hat er jetzt davon, der Lei¬
392 2942 1394 2998 sing! Während Herr Eckhardt den Dichter Schnitzler in
386 2988 1393 3058 die Gattung der sexuellen Hochstapler einreiht, der wie
386 3034 1396 3111 ein Eber grunt, ist der Lessing bei Herrn Wolny ein
383 3081 1386 3149 Schurke, der jenen gleicht, die uns das Getreide verte¬
386 3137 1389 3189 ern. Wenn Sie sie sich noch dazu erinnern, daß Bieloh¬
377 3186 1393 3254 lawek, auch ein Christlichsozialer, Tolstoi seinerzeit als
381 3232 1386 3297 „alten Teppen" bezeichnet hat, so werden Sie erst recht
383 3287 1386 3345 begreifen, daß unsere Zeit nicht einen Schnitzler, Lessing
380 3332 1387 3394 oder Tolstoi braucht, sondern daß der sittliche Aufschwung
380 3376 1390 3435 unserer Zeit repräsentiert wird durch die Herren Eckhardt,
373 3425 828 3498 Wolny und Bielohlawek,
1383 188 1746 283 box 9/1
1727 1457 2809 1549 NEUR, Paris, Rom, San Francisco, Stockholm, St. Peters¬
2141 1523 2701 1591 burgl. Tagespost,
2039 1562 2504 1627 (Quellenangabe ohne Gewähr.)
2368 1605 2519 1670 an.
1727 1624 2141 1712 Ausschnitt aus:
1738 1715 2168 1793 vom 6-AR195
1861 1773 2889 1877 Salzburger Theaterbrief.) Aus Salzburg, 1. d. M.,
1754 1841 2890 1923 schreibt man uns: Gestern haben sich die Pforten unseres Stadt¬
1744 1884 2900 1952 theaters bereits geschlossen. Die Monatsoper entfällt heuer, aus
1741 1916 2897 1991 technischen Gründen scheiterte die Zusammenstellung eines
1750 1970 2893 2032 Ensembles. Die letzte Woche brachte noch einige sehr gelungene
1756 2000 2896 2074 Abende. Vor allem gastierte Herr Karl Günther noch einmal
1750 2040 2900 2114 und diesmal kam er nicht als Experimentator, sondern als
1753 2082 2896 2146 waschechter jugendlicher Liebhaber und spielte mit der bekannten
1747 2117 2897 2186 humorvollen Liebenswürdigkeit den Anatol in der Einakter¬
1759 2156 2894 2228 Serie Schnitzlers. Mit virtuoser Sicherheit bannte er die vier
1759 2192 2899 2264 verschiedenen seelischen Stimmungen in „Frage an das
1764 2254 2925 2315 Schalpisode, Abschieds=Souper und
1786 2305 2930 2383 „Anatols Hochzeitsmorgen, viermal der leichtlebige,
1786 2364 2922 2417 oberflächliche skrupellose Anatol und doch viermal in anderer Be¬
2084 2397 2928 2442 Schnitzlers
1805 2419 1935 2459 et
1806 2436 2928 2483 den gegenwärtigen schweren Zeiten kein Platz vorhanden sein,
1780 2474 2922 2516 wer sich aber ärgern kann darüber, wenn sie in ihrer eleganten
1789 2510 2922 2558 Form doch dahinfließen, dem ist Blei in die Glieder gefahren,
1789 2549 2919 2600 auch ohne daß er an der Front unseres tapferen Heeres steht,
1792 2589 2925 2637 Es war ein schöner Abend, ein Stück Wiener Literatur aus dem
1792 2620 2928 2667 Anfang der Neunzigerjahre, interessant und sorgenlos. Diese
1783 2663 2925 2705 Einakter fordern ein fliegendes Tempo, Herr Herbst blieb als
1789 2702 2929 2748 Max nicht einen Augenblick zurück, aber den Damen fehlte
1789 2744 2929 2806 durchwegs die schauspielerische Reife, um der Eigenart der
1787 2782 2594 2831 Anatol-Dichtung so ganz gerecht zu werden.
1899 2800 2930 2860 Der letzte Benefiziant war Herr Gregor, der während
1789 2844 2925 2899 der Saison wenig und meist mit geringem Erfolge beschäftigt
1786 2896 2930 2938 war. Er spielte den Straßltoni in Roseggers bodenständigem
1783 2933 2928 2982 Volksstück „Am Tage des Gerichtes“. Mehr als zwanzig
1783 2972 2925 3017 Jahre behauptet sich dieses gesinnungstüchtige und tief mensch¬
1786 3010 2930 3052 lich empfundene Drama auf der Bühne und heute wirkt es
1792 3043 2932 3100 selbst in einer mangelhaften Besetzung stärker als so manches
1789 3088 2929 3134 gepriesene Produkt der naturalistischen Schule. Was ein Dichter
1795 3127 2936 3170 schreibt, verliert nicht sein Echo in der Menschenseele, mag die
1792 3165 2928 3205 Technik des Stückes auch keinen Bühnenpraktiker verraten. Die
1792 3201 2928 3248 Aufführung war herzlich schlecht, aber das Publikum war doch
1786 3238 2926 3283 ergriffen von dem Schicksal des heimatlosen, verachteten und
1783 3273 2169 3339 verfolgten Wilderers.
