3344 4256
1392 223 1740 318 box 9/1
276 225 1224 318 4.9. Anatol - Zyklus
462 747 1132 853 ben
670 1025 1678 1149 News of the Theatres
477 1218 1881 1295 The Affairs of Anatol Gives the Little Theatre an Aus¬
491 1300 1852 1386 ing New Bill Miss Doris Reane Carries Off First Honors
544 1364 1806 1445 Among the Five Leading Women and John Barrymore
604 1421 1746 1514 Makes the Hero Anatol Quite a Young Devil of
646 1488 1695 1561 a Fellow Some Delightful Entr'acte Music.
473 1569 1899 1638 The Fair of Anatol, the famous was simply scandalous and then ha¬
436 1622 1896 1702 series of amatory episodes with which threw him down to live with a man in
1185 1678 1890 1724 the orchestre with such delightful avidity
436 1673 1156 1726 Artur Schnitzler has supplied his her¬
446 1715 1899 1761 with success that the play has raked and stole a whole handful of Anatole
436 1751 1896 1806 for the past ten years as a German classic, cigarettes to carry home to her new
446 1795 1649 1835 was presented at the little Theatre last sweether as a souvenir.
1211 1803 1890 1883 Miss Kenne played this role with so
446 1837 1167 1881 night by Manager Winthrop Ames before
444 1868 1896 1916 a very carefully selected audience. From much decay and with such a fine re¬
444 1910 1896 1958 tonight on the bars will be down and the gard for the German atmosphere of the
449 1952 1881 2002 public a large an go to the Litte Theatre role that he performance became easily
1176 1985 1890 2034 the feature of the evening. Miss Kathe¬
440 1992 813 2045 as much as they like.
478 1998 1892 2076 Last night performance completed rine Emmet was very charming as Ana¬
446 2067 1879 2117 the quartet of private views with which to one respectable, or rather society
451 2100 1892 2159 Mr. Ames elects to begin his season, love, and Miss labelle Lee as the virgo
449 2146 1890 2201 since the little theatre, characteristi on, who broke up all the furniture
444 2181 1890 2235 cally, is not enough to hold all brauch in Anatole studio when she discovered
449 2217 1896 2279 of the publie at once. The Affaire of that he was to be married that morning.
451 2259 1901 2314 Anatole is assured a novelty and one acted with so much enthusiasm that
449 2294 1903 2350 which may make its appeal. It is a while trying to throw a book at Auto¬
444 2338 1896 2403 study of mistresses, of which five are head she accidently tore out four of the
446 2385 1724 2433 selected from Anatole extensive col¬vory notes of the grand piano.
1216 2391 1896 2458 Miss Lee's role was an arduous one,
451 2414 1163 2491 lection for he really was quite a devi¬
1183 2444 1899 2500 but her muscular development was quite
444 2462 652 2511 of a fellow
493 2495 1899 2544 Each of these ladies of pleasure was equal to it. Max Anatole confidentia
451 2524 1905 2580 given an act all to herself, and whereas friend, in the Lands of Oswald Yorke, was
449 2571 1899 2615 night at Wallacks, in "The New Sin a dreadful old bore. It should have
449 2608 1903 2652 we are not to have any leading woman at been played by a fat man, or at least by
451 2648 1905 2719 all. last night at the little Theatre Mr. some one who presented a more marked
449 2685 1689 2734 An es presented no less that five. So contrast to Mr. Barrymore.
1216 2696 1903 2770 Anatol is a role which would as the
449 2727 1161 2776 femme average is more than pre¬
1176 2761 1905 2812 capacity of even the most accomplished
539 2763 1132 2816 the weeks theatral output,
486 2801 1903 2854 Die Marguerite Clark was Anatole of light comedians. As Mr. Barry more
451 2840 1903 2896 first little light of love. She was Hilda, presented him he was always a charming,
458 2875 1903 2922 hypnotized to find out ikable cap, but without a widerange
455 2918 1905 2962 whether she really was true to him or not, of moods as the role demanded. By the
458 2953 1899 3008 Miss Clark made Hilda very sweet and end of the evening Anat had grown
453 2997 1905 3052 charming, but scarcely what one might rather tirese, Mr. Barrymores best
451 3035 1903 3083 call communicative. She made Anatol scene and he was capital in it was
1193 3066 1905 3116 the Christmas Eve episode, when he
464 3070 1161 3125 passon to his next grand passion with the
458 3112 1896 3169 mystery of her own for him quite un meets his old love, the respectable mar¬
1185 3152 1905 3205 ried woman, and tells her all about his
455 3158 584 3211 solved.
491 3185 1443 3240 Then came mi, a beautiful cirous new little girl,
1222 3207 1899 3274 The pay is pretty mounted and the
449 3222 1165 3274 lady, played with a good deal of hauteur
451 3269 1903 3318 by Miss Gail Kane She was a brave string orchestre which plays between the
458 3309 1905 3358 young woman, this same Mimi, and not acts is something to be hertil gratu¬
449 3344 1914 3404 at all superstitious, for she did not scruple for in these days of harmoniums and other
458 3382 1903 3441 to wear a beautifully embroidered peacock awful muscial contrations of the orches¬
455 3419 1326 3470 tail on the front of her dress he couldn't tra pit.
1222 3428 1908 3506 The Affairs of Anatole in spite of
455 3459 1165 3516 remember Anatol at all, though, on her
449 3477 1912 3552 return from Russia, so she passed out its immoralities, is always kept essentially
455 3537 1914 3590 of his life when they met again without polite though of course when she tears
1189 3578 1908 3627 up all the furniture in the last act Mimi
455 3576 1076 3632 giving his heart the least abrasien.
497 3594 1912 3662 Then came Mimi, the best of all of does forget her manners. It certainly
455 3652 1908 3700 Anatole little flames and, as Miss Doris will live the little Theatres clientele
455 3693 1914 3755 Kans presented her, by far the best something to talk about, and as it is all
1198 3731 1921 3777 played in a spirit of broad farce, with the
458 3733 1169 3786 acted. Mimi was in the chorus, and
455 3769 1914 3826 though, of course, she was devoted to exception of one scene, no one would
455 3800 1810 3873 her art, the way that girl could eat oysters wish to take it seriously, of course.
1602 3842 1879 3908 ACTON DAVIES.
455 3852 1180 3923 when she went to apper with Anton
2383 316 2984 435 et
2363 542 2968 645 OST. NEW YORK,
3013 575 3116 646 TU
2476 668 2975 745 The Affairs of Anatol."
2398 714 3101 785 The study of mankind by man is doubt-
2363 762 3099 833 less eminently proper, but it is not always
2369 809 3099 862 and in all its phases either amusing or
2363 838 3108 915 edifying. Beyond question the mirror is.
2369 893 3105 946 after a certain fashion, held up to nature
2370 933 3099 986 in The Affairs of Anatol," which was pre¬
2369 977 3108 1026 sented in The Little Theatre last night, but
2367 1023 3108 1074 the reflection contained nothing new or in
2365 1050 3105 1107 the least degree valuable in the artiste
2367 1103 3106 1165 or any other sense. The affairs are
2370 1143 3110 1193 episodes, all more or less discreditable, in
2370 1182 3101 1236 the various amorous adventures of a guided
2370 1224 3101 1282 youth, and the scene is laid in Vienna, al¬
2374 1264 3105 1319 though it might just as well have been
2374 1302 3105 1357 placed in St. Petersburg, Paris, or New
2370 1348 3110 1406 York. Such incidents are common all the
2367 1392 3106 1452 world over in the downward course of dis¬
2369 1434 3116 1490 solute young fools whether they pose in
2367 1472 3116 1534 the guise of poets, philosophers, or plain
2369 1519 3108 1563 profligates. But the author of the original
2370 1556 3105 1609 piece is Arthur Schnitzler, à Viennese phy¬
2367 1596 3108 1653 sician and dramatist, who, of course, in¬
2374 1642 3106 1702 vested his scenes with local atmosphere and
2370 1684 3101 1740 color, and so Granville Barker, the Eng¬
2365 1717 3108 1777 lish adapter, ville modifying the incidents
2365 1757 3112 1812 and paraphrasing the dialogue, in deference
2365 1810 3108 1866 to the intelligence and prejudices of his
2374 1848 3116 1903 New York audienge, keeps his action in
2370 1892 3110 1943 the gay Austrian capital, not always with
2363 1929 3105 1987 the best artistic results. Schnitzler, a rep¬
2369 1972 3106 2025 resentative of the advanced and realistic
2369 2014 3108 2073 theatre, has won popularity at home by the
2367 2047 3110 2104 audacity, humor, and essential veracity of
2370 2098 3103 2155 his satirical social comedies, and as the ex¬
2367 2140 3116 2201 ponent of a cynical philosophy, He enjoys
2360 2181 3116 2226 the reputation of being a keen and re¬
2365 2228 3110 2285 morseless wit, whose fluent dialogue, rich
2363 2259 3112 2318 in worldly wisdom, has not only the ef¬
2369 2301 3101 2369 fervescence and the sparkle, but the ex¬
2365 2341 3105 2402 hilarating essence of change. The
2367 2394 3110 2447 value of his plays consists rather in the
2369 2427 3116 2475 quality of the characterization and the
2367 2473 3108 2524 speech, than in the illustrative incident. As
2369 2511 3106 2557 for The Affairs of Anatol," it is not dif¬
2369 2549 3108 2599 ficult to understand how in its original
2365 2593 3112 2641 shape, and with Viennese actors, experts in
2367 2639 3105 2694 the delicate art of skating over thin foe¬
2369 2674 3108 2728 it may have appealed to the more fas¬
2369 2721 3106 2770 tidious class of playgoers by its cynical
2369 2761 3108 2812 humors and to the crowd by its grosser
2363 2811 3101 2858 suggestions. Here it is revealed in muti¬
2365 2842 3112 2893 lated shape, but there is not the slightest
2365 2884 3108 2931 reason for complaint on that score. It was
2365 2927 3108 2973 thought best to omit two of the seven epi¬
2361 2962 3105 3030 sodes, and to paraphrase instead of trans¬
2365 3004 3108 3052 late. Doubtless, discretion in both respects
2369 3052 3116 3097 was amply justified, but the fact remains
2369 3094 3108 3136 that whatever brillaney may have existed
2365 3132 3108 3176 in the original German, is very badly
2365 3165 3108 3220 faded in the Englishalthough there are
2361 3214 3105 3267 vivid flashes of its occasionally while tu¬
2369 3249 3101 3306 surviving episodes contain very little in
2354 3295 3103 3353 their details that is either musing or
2365 3335 3103 3402 shocking, but a great deal that is foolish,
2360 3371 2650 3433 stale, and futile.
2389 3402 3105 3468 The idea that a production of this sort,
2361 3455 3099 3508 which, in spite of its pretentions affecta¬
2360 3495 3099 3548 tion of literary, philosophie, or artistic pur¬
2361 3539 3108 3589 port, is stale in incident and vulgar in
2360 3583 3097 3642 spirit, is a sort of intellectual manifesta¬
2365 3623 3095 3667 tion a step forward in the march of the¬
2360 3665 3097 3713 atrical progressis melancholy in its ab¬
2360 3705 3106 3758 surdity. The only advance of any kind
2361 3747 3101 3789 which it marks is in the excellence of
2360 3788 3108 3842 modern stage setting, upon which Mr. Ames
2361 3833 3099 3883 may be heartily congratulated. His four
2361 3873 3099 3923 sets are admirable in every way. Nothing
2369 3912 3097 3963 better of this kind has been done even by
2361 3961 3095 4012 David Belasco. But he has not been ac
2352 4001 3095 4045 happy in the selection of his players. Ana¬
2360 4041 3106 4085 tol is a character requiring the finesse,
2365 4080 3108 4133 the varied resource, and the authority of
2356 4124 3094 4173 an accomplished comedian. His successes
2582 4164 2701 4210 11
