3392 4256
1365 168 1723 263 box 8/7
246 166 1170 276 4.9. Anatol Zyklu-
435 556 964 636 TELEPHONE-CITY 4963.
431 696 548 778 For¬
480 776 1707 986 Durants Press Cuttings,
731 946 1472 1044 St. ANDRES HOUSE,
623 1044 1572 1149 32 TO 34, HOLBORN VADUCT,
1054 1131 1142 1190 AND
420 1167 1753 1297 3, ST. ANDREN STREET, HOLBORN CIRCUS,
1026 1267 1167 1337 E.
604 1387 1593 1487 The Daily Chronicle.
803 1479 1419 1567 Fleet Street, London, E.C.
766 1552 1415 1642 (Edward Lloyd, Ltd., Publishers.)
431 1663 1770 1758 Cutting from issue dated.............................1910
514 1792 1200 1901 ASK NO QUESTIONS.
483 1868 1260 1981 Mr. Barker in Schnitzler Play
691 1945 1046 2033 at the Palace.
519 2011 1249 2105 There was not a vacant eat or a foot of
478 2065 1242 2150 advantageus standing room left at the
478 2125 1250 2191 Palace last night when the curtain rose
473 2160 1237 2223 upon Ask No Questions and You'll hear
475 2209 1237 2276 No Stories, the first of the little series of
475 2254 1234 2314 Schnitzler playlets that have lured Mr.
475 2291 1067 2356 Granville Barker to the halls."
500 2326 1234 2389 The play is a piece of gossamer humour
461 2389 1235 2446 dramatically Dialogue. Like tho¬
470 2416 1230 2483 which are to follow, it concerns Anatol and
465 2464 1234 2519 a lady. Each time it is the same Anato
463 2499 1232 2571 and a different lady. The lady in this case
460 2551 1227 2609 was a little midinette he had been in love
465 2591 1224 2652 with for about a week. He was delicately
465 2627 1225 2682 interested to know whether she had been
461 2669 1222 2727 true to him. To get at the truth, his friend
463 2706 1220 2791 Max suggests that he should hypnotise her,
456 2749 783 2816 und ask her then.
488 2789 1220 2864 This Anatol does with triumphant success.
456 2830 1215 2902 But when Hilda has been put sweetly to
451 2870 1217 2935 sleep, poor Anatol is so terribly afraid of
460 2915 1220 2975 what the answer will be that he cannot
450 2957 1210 3005 screw up his courage to ask her. He wakes
450 2994 1210 3049 her up, content in the embrace of blissful
453 3030 1209 3082 ignorance as the curtain falis. Not only
448 3067 1207 3120 written with the touch of a mastersatirist,
450 3097 1205 3147 but prilliantly paraphrased by Mr.
445 3132 1210 3188 Barker himself, the thing le among the finest
445 3168 1207 3217 little pieces of art that either our theatres
438 3205 1195 3262 or our music-halls have given us lately.
475 3242 1214 3285 It is a little unfortunate, however, that
440 3262 1207 3327 Mr. Barke's personality as an actor does
438 3315 1195 3362 not, somehow, quite fit in with one's vision
441 3352 1195 3400 of Anatol. He is supposed to be a gay,
438 3377 1197 3422 irresponsible, volatile young bacher, in¬
438 3407 1205 3470 finitely susceptible and impressionable, an
435 3453 1195 3495 amateur of the amatory, born to devote die
431 3485 1197 3538 lip to the fingers of a dainty glove, or press
431 3526 1197 3566 the foot of an adorable vis-à-vis beneath a
431 3551 1189 3598 choicely-laden table. Cleverly as Mr. Barker
426 3598 1192 3640 acte, bie strong intelligence seems to prevent
428 3621 1195 3671 him from quite suggesting all this. On
431 3660 1192 3713 misses, too, certain high resonance of
425 3701 1157 3745 voice that me to go with the character.
456 3721 1187 3778 For this partie la play the lady concerned
426 3745 1182 3806 played
426 3800 1182 3844 Miss Gertrude Robine, herself already well
428 3833 1182 3873 known as a dramatista astonishingly
430 3868 1182 3928 pretty dramatist. Mr. Nigel Playfair looked
423 3898 771 3954 on genially as Ma¬
1845 934 2378 1011 TELEPHONE CITY 903.
1846 1081 2091 1166 For
1913 1137 3134 1334 Durants Press Cuttings,
2160 1304 2902 1407 St. ANDRES HOUSE
2045 1385 2997 1497 32 TO 34, HOLBORN VIDUCI
2493 1480 2581 1532 AND
1868 1505 3200 1678 3, ST. ANDREN STREET, HOLBORE CIRCUS,
2483 1615 2609 1688 E.
2145 1727 2909 1833 The Daily Telegraph.
2181 1812 2890 1921 141, Fleet Street, London, E.C.
2304 1876 2821 1978 (Francis Caine, Publisher.)
1888 2003 3030 2111 Cutting from issue dated.......
2454 2199 2817 2298 THE PALACE.
2228 2278 3054 2398 Mr. Granville Barker first appearance at the
2198 2346 3047 2423 Palace last night was made in quite auspicious cir¬
2199 2384 3039 2461 cumstances. A crowded audience and the first of a
2191 2416 3045 2496 sequence of refreshing and literary dialogues from
2191 2453 3032 2531 Arthur Schnitzlers“ Anatole afforded him an excel¬
2191 2489 3039 2582 lent opportunity of immensely pleasing his many
2188 2522 3034 2607 admirers. The chosen dialogue was Ask no ques¬
2184 2567 3034 2654 tions and you'll heur no stories." Mr. Barker is
2186 2602 3034 2691 himself responsible for a translation which he prefers
2183 2651 3027 2724 to call a paraphrase, and it may be admitted that
2183 2681 3030 2767 he has cleverly retained the atmosphere of subtlety
2179 2726 3025 2804 suggested by the gifted author. The instament
2183 2754 3027 2850 which takes its place on the programme throughout
2179 2791 3030 2880 the present week is concerned with Anatolis con¬
2179 2830 3029 2912 fesso suspicious of the fidelity of all women. He is
2169 2874 3024 2954 in love with the beautiful Hilda, upon whom he
2168 2915 3022 2999 exercises his power of hypnotism, and though placed
2168 2954 3015 3032 in the position of asking her a crucial question as to
2169 2985 3014 3064 her faithfulness, he shrinks from doing so, lest his
2168 3022 3007 3107 disappointment be too overwhelming for his future
2161 3060 3005 3150 happiness. Thus he declines to act on the advice of
2168 3099 3005 3192 his cynical friend Max and the incident ends in
2164 3139 3002 3225 the most human manner possible. Mr. Barker, Mr.
2161 3177 2999 3263 Nigel Playfair, and Miss Gertrude Robine gave
2161 3212 2999 3302 finished performances, and, assisted by clever stage
2155 3268 2995 3338 management, made an undeniable success of this first
2155 3292 2995 3372 of the "Anatol series. Among the other now items
2155 3333 2992 3410 in last night's programme quite the most popular
2155 3367 2992 3450 was that of tho Australian entertainer Albert
2158 3407 2990 3487 helan, whose contribution was refined, and as new
2143 3427 2994 3558 as anything can be in this department of vaudeville.
