3436 4352
311 72 909 132 Theatrical weeklies report that
308 118 900 165 drama critics will be all resigned
301 156 909 200 and rusticated within another
308 196 904 240 year. We are already groping
304 228 900 278 in the twilight of the galler
304 272 404 329 gods.
347 288 906 350 In such an atmosphere of
304 338 903 393 sackcloth scenery and ashes of
311 370 903 421 art, therefore, it might behoove
304 412 907 467 us first nightly reviewer to pull
304 451 909 493 our shots, to spare that tree, and
311 485 913 529 to work with fellow mourners
311 522 909 569 towards the establishment of a
304 557 903 606 National Park for the Preserva¬
308 591 906 638 tion of Poor Plays and the Pro¬
308 633 912 699 pagation of Second-Rate Silli¬
306 675 401 727 ness.
347 682 907 757 I'm sorry, I'm one of an al
311 739 915 788 too evident public which prefers
304 777 915 837 no play to a poor one. My aim
303 815 915 868 may go cock-eyed but I'll shoot
314 849 913 898 until the last clay pipe is down.
314 892 910 936 In my far from infallible eye-
304 918 912 982 sight both Philip Goes Forth
314 967 898 1022 and "Tomorrow and Tomorrow
303 1007 704 1066 look like poor plays.
352 1054 918 1125 Mr. Kellys little opus about
317 1114 923 1166 Philip, a golden lad who wants
318 1154 923 1204 to be a playright but just
320 1186 918 1244 hasn't the right, God-given
320 1229 924 1278 stuff in him, is a tame and an¬
314 1262 912 1313 nowingly tutelary affair. Why
320 1297 923 1356 the author of such Broadway¬
317 1339 920 1403 sized successes as "Craig's wife
842 1379 924 1426 ever
320 1377 786 1427 and "The Soff
326 1406 921 1467 bothered to elongate it from a
317 1450 927 1498 moral-cated vaudeville sit
323 1484 918 1538 can't tell you. Mr. Kelly is a
326 1525 926 1576 master of small talk, a pretty
323 1559 921 1617 caricaturist, and his more re¬
329 1591 924 1643 cent plays have made only to
323 1637 933 1686 successful efforts to confine
326 1681 935 1721 their tempests within teapots.
326 1709 924 1760 He so worships an effect of cas¬
332 1744 938 1798 ualness, he cannot be chagrined
329 1784 932 1833 when "Philip Goes Forth
329 1822 932 1882 me such casual returns from
332 1860 835 1925 the critice quite one an all
390 1890 933 1940 Mr. Barry's "Tomorrow and
329 1923 935 1981 Tomorrow was hailed, on the
338 1969 933 2021 other hand, by all critics but
334 2003 938 2052 one. From behind my haystack
332 2052 941 2095 I creep to admit I was that one
329 2079 936 2124 one. I read descriptions and
329 2125 935 2171 prophecies concerning it the
332 2148 939 2200 next day so glowing as to put
332 2186 935 2238 even Mr. Barry's own fine prose
338 2235 935 2278 to pallid shame. I had seen the
332 2263 930 2310 stuff that Pulitzer prize plays
335 2301 942 2372 are made of, and I had thought
329 2344 514 2405 it mush.
376 2359 941 2425 A few evenings later I stole
335 2407 933 2474 back to the Henry Miller
334 2451 942 2506 Theatre, got me a seat (paid
341 2488 933 2540 for it, too, in contrite cash!)
335 2521 946 2572 and saw the whole of Mr.
332 2569 944 2619 Barry's play a second time. So
335 2598 946 2655 soon as some of my squadron of
338 2635 942 2684 disagreers have wiped away the
332 2668 944 2725 froth from their Pegasi, I trust
973 89 1587 130 his enthusiasts. One of them
981 127 1585 173 tells me he must have been
976 162 1579 200 awed out of countenance by a
973 199 1584 239 Biblical quotation at the top of
976 234 1587 272 the theatre program. I am
979 271 1588 315 neither a crystal-gazer nor a
973 306 1577 352 Bible Rebel, but it all seemed to
982 343 1577 389 me to be at least satisfactory
982 381 1542 431 clear. Oughin't it have been
1017 413 1587 457 Mr. Barry pulls out of its
972 447 1584 505 Pinero-colored limbo the good
979 490 1577 534 old statuette of the lady with a
979 523 1584 566 love-child. For framework he
979 560 1584 615 uses the Scriptural chapter
976 600 1585 643 about Elisha and the Shunam¬
979 636 1584 675 mite woman, and of the miracles
982 675 1587 721 Elisha wrought to both beget
987 708 1587 748 and revive her son. A famous
976 747 1580 797 scientist is a guest in the house
982 783 1593 829 of a mid-Western millionaire
976 820 1584 874 and falls in love with his hostess.
973 855 1577 910 as she with him. It is no mi¬
973 884 1591 932 acle, this modern time. It is
973 926 1591 975 plain cucko dry and fancy words.
987 964 1587 1005 Years later the scientist is called
979 1004 1582 1048 back by a stroke of radio to save
985 1039 1576 1085 his son from feyer and horse
982 1074 1210 1126 back-riding.
1033 1091 1591 1154 The language in which this
990 1149 1585 1192 legendry is couched is evidently
985 1189 1584 1235 tangential and wispy enough to
987 1222 1590 1273 give off an aroma of parlor
979 1262 1591 1308 mysticism. Mr. Barry is a past
985 1300 1590 1345 master at polite humors and
985 1336 1590 1382 neat yearnings. He paddles
985 1374 1593 1414 through melted pastels. Dim
993 1411 1590 1473 the lights, warn the players to
985 1447 1599 1495 keep their anguish down to
996 1480 1587 1541 whispers, intersperse with cas¬
993 1522 1593 1571 ual exclamations about the
990 1556 1596 1605 wind, sky and cosmos... and
993 1596 1599 1639 lo, beauty is bosh and bosh is
991 1634 1594 1692 beautiful. Mr. Barry (here's the
996 1671 1596 1711 bunt truth of it) has a pet's
990 1704 1596 1767 license and a playwrights knack
993 1747 1588 1795 to put over a completely
990 1784 1577 1844 thoughtless and affected play
1036 1831 1596 1909 The recent revival of Ana¬
1001 1886 1599 1943 tol" was not letter perfect. And
990 1932 1602 1980 revivals should be that, all of
999 1968 1602 2023 that, not one comma less than
1002 2006 1597 2050 that, to justify their pains. A
999 2039 1603 2088 few days more scrubbing, scrip¬
999 2082 1599 2131 ping, glossing and speeding, and
1002 2118 1597 2182 "Anatole would have been. It
999 2151 1372 2209 probably is so now.
1027 2171 1602 2243 And even on its opening night
1002 2223 1605 2272 it seems to me that this "Ana¬
999 2264 1602 2310 tol," as handsomely cast is it
999 2298 1599 2352 was, set in the most beautiful
999 2339 1603 2382 scenery any stage has arbored
999 2376 1599 2428 for several seasons, gave off
1005 2414 1603 2457 considerable graciousness.
1005 2451 1596 2495 Anatole is not a serious busi¬
999 2486 1602 2532 ness it doesn't ever pretend to
996 2528 1603 2584 be half so serious as its present
1002 2563 1606 2621 directors seem to have thought
996 2599 1616 2658 it ought be but always was
982 2636 1590 2690 and, all in all, still is a fond
987 2685 1591 2740 parade of farcelets and pleas¬
985 2719 1584 2772 antries on the theme of uni¬
987 2754 1591 2798 versal bachelordom. In a theatre
990 2797 1597 2840 world as gray and spent as ours
990 2832 1603 2895 its return should be hailed as a
987 2873 1270 2938 prodigal treat.
2927 151 3225 236 box 9
1808 150 2373 249 4.9. Anatol
2248 156 2615 266 Zyk
1963 1022 2310 1117 Commoneal
2035 1083 2318 1167 Feb 4-31
2448 1230 2627 1308 Anatol
1978 1282 3144 1375 RITTEN in the full ven of continental cynicism and
1952 1340 3144 1412 sophistication, Arthur Schnitzler’s Anatol” might con¬
1931 1383 3149 1455 ceivably lay claim to only one redeeming feature its brittle and
1929 1452 3153 1510 stabbing exposure of the Don Juan type of character, of the
1937 1490 3149 1570 vaulting egotism, of the false sentimentality and of the love of
1937 1541 3153 1616 self as reflected in others for which the Don has become the
1937 1591 3156 1669 supreme earthly symbol. But even this claim is doubly vitiated
1958 1652 3159 1711 first by Schnitzler's own play construction which is, for the
1937 1694 3152 1773 most part, obvious and heavy-handed, and secondly by the acting
1940 1753 2583 1822 of Joseph Schildkraut as Anatol.
1987 1784 3155 1873 Nothing could better illustrate the real difference between
1931 1853 3156 1914 art and mere cleverness than the wide gulf which separates
1943 1894 3159 1961 Rostands “Last night of Don Juan" from Schnitzlers
1958 1946 3163 2013 Anatol." The distinction reminds one a bit of the famous
1943 2001 3155 2070 law suit in which "Abies Irish Rose" was compared in theme
1937 2047 3167 2113 to Romeo and Juliet! Schnitzler’s play is just about the
1957 2098 3159 2165 Abies Irish Rose of the "Don Juan" theme a brief recount¬
1943 2145 3159 2228 ing in tabloid scenes, and in ironic mood, of the amours and
1949 2199 3166 2266 disillusionments of Anatol. Four out of the six incidents are
1942 2251 3163 2329 based on a single monotonous formula-the things that Anatol's
1949 2298 3158 2364 egotism leads him to expect as against the harsh realities he
1943 2350 3163 2419 encounters, in most cases with the moral pointed or hinted by
1949 2398 3164 2477 Max, Anatol's guide, counselor and much amused friend. A
1949 2456 3159 2518 fifth incident is merely Anatols unsuccessful effort to disem¬
1946 2503 3166 2575 barrass himself from an adoring lady on the morning of his
1955 2547 3172 2624 wedding. The sixth is the only scene with a touch of real
1952 2616 3173 2667 artistry and subtlety in the handling Anatoles meeting on
1958 2650 3173 2723 Christmas eve, under an arcade, with one of the few ladies of
1958 2707 3173 2765 Vienna who had resisted his approaches. But the whole point
1958 2752 3173 2823 of that scene comes with the lady's admission that she slightly
1952 2804 3167 2870 regrets her fidelita perfectly bald situation glossed over
1958 2858 2968 2918 chiefly by the perfection of Patricia Collinge's acting.
2000 2893 3176 2964 Mr. Schildkraut adds much to the sense of obviousness by his
1961 2956 3179 3031 acting, which makes Anatol about as glamorous as a wooden
1961 3008 3170 3080 soldier on parade. Fierce gestures and violent outbursts hardly
1958 3057 3175 3118 convey the true inwardness of the Don Juan character, which is
1965 3118 3176 3176 bound at all times to be ingratiating if only to give pleasure to
1965 3152 3181 3230 itself. It luxuriates in its own pathos, is the best audience for
1968 3207 3178 3277 its own drama, the keenest flatterer of its own wit, the richest
1968 3259 3178 3328 comforter of its own sadness, the most astonished witness of
1968 3308 3182 3371 its own failure. Don Juan is a fool and is burdened with
1968 3358 3178 3427 all the uncreative futility of self-love; but he is seldom an
1965 3412 3184 3478 obvious fool. Schnitzler and Schildkraut have conspired to
1966 3456 3190 3533 make Anatol a self-advertised bounder, which quite misses the
1972 3510 3187 3568 whole point. The best part of the current revival, aside from
1972 3566 3192 3628 the all too brief glimpse of Miss Collinge and the constant
1965 3614 3184 3677 suavity of Walter Connolly as the friend, is its stage setting by
1975 3666 3196 3735 Jo Mielziner. Vienna lives again in the glamorous illusions he
1968 3716 2786 3784 has prepared. (At the Lyceum Theatre.)
