3484 4256
1397 187 1760 275 box 9/3
938 192 1207 281 Zyklus
281 196 810 289 4.9. Anatol
643 530 1411 657 Reiche Anzeiger, Berli¬
749 725 1193 808 Theater und Musik.
593 799 1326 856 Schillertheater (Charlottenburg).
439 837 1547 901 Das Schillertheater hat am Sonnabend vier bekannte Stücke
365 891 1547 946 ans Arthur Schnitzlers Einakterreihe „Anatol in seinen
371 935 1553 978 pielplan aufgenommen. Die sich aus dem Stofflichen der einzelnen
371 975 1577 1038 einen Lebensausschnitte ergebende heitere Wirkung auf das
375 1029 1455 1160 un blieb auch hier nicht aus, obwohl das Schiller
411 1094 1451 1199 über gerignete Darsteller für das von Schnitzler ge¬
377 1137 1457 1244 rie Wienertum nicht verfügt. Georg Paeschte konnte als
369 1185 1454 1284 mit dem Versuch, sich wienerisch zu geben, durchaus nicht über¬
380 1238 1449 1326 „ und Heinz Senger gab sich als Max gar nicht erst Mühe,
371 1258 1448 1358 orddeutsches Wesen zu verleugnen. Dadurch kam ein falscher
372 1296 1454 1409 in das Ganze. Aufgeführt wurden die Einakter: „Frage an
358 1332 1446 1440 Schicksal, „Abschiedsouper, „Episode" und „Anatols Hochzeits¬
363 1381 1446 1488 e. Die weiblichen Rollen lagen in den Händen der Damen
372 1417 1445 1523 Wasa und Kriß, von denen die zuletzt genannte als Annie im
343 1451 1446 1570 hiedssouper eine durch Humor und Temperament gleich aus¬
345 1497 669 1577 hnete Leistung bot.
1111 1812 1293 1950 1
802 1925 1477 2080 Die Welt am Monta, Raa-
705 2056 1080 2118 Schnitzer: „Anatol.
423 2075 1363 2168 (Charlottenburger Schiller=Theater.)
388 2131 1486 2203 Schnitzers „Anatol-Zyklus von dessen sieben
329 2180 1474 2246 Pikanterien man vier gewählt hat („Die Frage an das
1403 2212 1479 2257 und
1111 2217 1329 2274 „Episode
317 2226 1044 2288 Schicksal, „Abschieds souper
323 2236 1480 2322 „Anatols Hochzeit morgen atmet unverfälsche
321 2294 1485 2367 Wiener Luft. Das Schiller-Theater verfügt nicht über die ge¬
315 2365 1462 2514 en se de de des Wien, die es bei uns la se¬
320 2416 1471 2548 bar machen können. Miten se sich mit den hinten ende
317 2463 1469 2586 doch von sich die es ihnen die Wiener Lebenden
318 2487 1472 2626 pen und gebilde. Man nach auch an de Wiener Be¬
329 2535 1469 2664 denen, an wird man sich mit der von Draht von der
312 2571 1479 2708 seien aufführung sieben eben kommen. Eine besse¬
328 2608 1477 2736 sie die die Kuchel, der in eit. Eine nur ein be¬
331 2648 1480 2775 lichen bei bei der Patschte ein Ge¬
335 2681 1492 2813 me die Wasa, on, Claire de los con la de¬
1367 2761 1471 2803 n.
335 2708 1511 2858 und Stephan it has ante sind auch
814 2778 1545 2874 . .
335 2843 553 2891 Leistungen.
323 2835 1543 2915 Mai 1879 â Besitzerheilung Afrikas 1881-1865. Ein ernstes, die jenes, aber
332 2877 1553 2942 von 187. — Bismarck und seine Erben 81384 nendes Werk, das in die Bibli
1100 2915 1540 2966 objektiv von der Warte des
332 2920 1071 2973 rialis no in Südafrika, Auypten und im dan.
332 2945 1072 3005 lisch-französischen Rivallat 1896-199 — Deutsch
335 2945 1559 3022 u. Haager Friedenskonferent. Der Burck eignisse der letzten 30 Jahre
329 2985 1559 3058 Balkan und Oesterreich-Ungarn 1887-1904. — Italien Die jahrzehntelange publiziste
332 3016 1562 3109 ständigung 1904. — Der russisch-japanische Krieg des Verfasser zu den police
1290 3048 1564 3109 und Parteien ge¬
329 3087 1570 3192 eme monatliche Teilzahlungen von Mk. 4
335 3170 1567 3275 ung R. Max Lippold, Leipzig, Kö¬
426 3340 1176 3441 Monatlich nur ein. 4.
2143 358 2937 477 Berliner Zeitung am Mittag, Berlin
2285 439 2920 542 and in Galla=Theater.
2212 505 3028 592 tol, der verwöhnte Anatol, haust in Him¬
2161 570 3031 638 tern, die vom provinziellsten Theatergeschmack
2189 607 3028 671 bekoriert sind, und führt im Abschiedssouper
2182 646 3024 698 eine Annie ins Restaurant, deren äußere Auf¬
2178 683 3028 737 machung den Genußmenschen und sein verzär¬
2178 731 3028 799 teltes Aesthetentum totsicher an jedem Anfangs¬
2178 760 2583 814 souper gehindert hätte.
2237 777 3033 867 Anatol (Georg Paesche) ist ein gutgenährter
2188 819 3031 904 Phlegmatiker, den seine Anenturen innerlich
2182 881 3031 938 seelenruhig lassen, der cher Schnitzlerg Pointen,
2183 921 3028 981 die Max, sein Gegenspieler Heinz Senger)
2188 956 3020 1015 schonungslos banalisiert, von dem vorschrifts
2182 1000 3031 1052 mäßigen müden Lächeln begleitet, zielsicher ab¬
2180 1035 3025 1095 schnellt. Von den vier süßen Mädeln, die in
2178 1075 3020 1136 Anatols Schillertheaterlaufbahn in die Erschei¬
2178 1120 3034 1171 nung treten, bleiben Lora und Blanca, von
2172 1145 3022 1208 Claire Selo dargestellt, tenhafte Lebe¬
2172 1196 3022 1248 wesen, Annie, das Luberchen in Abschiedsouper,
2180 1234 3025 1289 plauscht herzig ordinär, Steph nie Kritz be¬
2169 1261 3022 1326 kleidet sie aber mit einer schlecht dings unmög¬
2180 1309 3022 1360 lichen Toilette. An Anatols Hochzeitsmorgen
2169 1343 3020 1403 zeigt sich Else Wasa als Ilona, bringt aber
2169 1384 3019 1457 leider von all ihren guten Eigenschaften nur die
2169 1420 2410 1492 Routine mit.
2858 1428 2983 1503 E. M.
2569 1965 2851 2063 381919
2212 2076 2919 2203 tische Allgemeine Zeitung.
2435 2163 2588 2234 Berlin.
1971 2185 2407 2284 Schulers „Anatol¬
2458 2225 3073 2299 Im Programm heft des Schiller¬
1890 2236 3070 2339 theaters zur Erstaufführung der Anatolzenen von Schnitzler stehen
1894 2301 3079 2406 die Verse aus Hofmannstals Vorwort zur Buchhausgabe des Zyklus
2127 2348 2599 2404 Also spielen wir Theater
2127 2389 2670 2457 Spielen unsre eignen Stücke,
2126 2426 2776 2500 Früh gereift und zart und traurig,
2121 2464 2585 2531 die Komödie unsrer Seele.
2118 2512 2696 2577 Unsres Fühlens heut und gestern.
1965 2528 3062 2626 Was das Schillertheater uns aber vorführte, war weder „früh¬
1886 2593 3059 2668 gereift und zart, noch traurig". Wien war nach Berlin
1880 2631 3051 2705 verlegt worden. Doch die Umkehrung war so vollkommen durch¬
1885 2668 3058 2745 geführt, daß doch wieder etwas Ganzes dabei herauskam und das
1885 2710 3047 2781 Publikum fühlte sich sehr wohl dabei, viel wohler und viel mehr
1876 2741 3051 2821 zu Hause, als es wahrscheinlich beim echten Schnitzler der Fall
1879 2792 3054 2869 gewesen wäre. Anatol, der dekadente und genießende Aesthet aus
1876 2830 3047 2902 der Vorkriegszeit, wo das Leben so wenig erbarmungslos harte, aber
1879 2871 3047 2943 so viele selbstquälerische Probleme hatte, war in der Gestalt
1874 2900 3051 2986 Paschkes auferstanden als ein wohllebiger, unkomplizierten
1873 2940 3056 3020 Mensch, der bei seinen Liebesabenteuern eine komische Rolle spiel¬
1866 2980 3050 3068 Und Cora, Anni und Bianca, die Wienerinnen, denen die Natur
1874 3025 3048 3107 zu ihrem leichten Temperament Grazie und Geschmack verliehen
1871 3064 3047 3144 hat, sie wurden zu ziemlich gemeinen, recht geschäftstüchtigen Ge¬
1876 3104 3044 3175 schöpfen. Die feinen Abstufungen der Dialoge gingen in der pro¬
1866 3143 3037 3231 vozierten Komik der Situationen unter. Allein der überlegene Kri¬
1871 3186 3036 3261 tiker und Lebenskener Max, vorzüglich dargestellt von Heinz
1863 3231 3045 3294 Senger, blieb eine Schnitzlersche Gestalt, ohne aus dem neuen
1871 3260 3034 3334 Rahmen zu fallen. Am radikalsten war der Einakter „Das Ab¬
1879 3300 3031 3385 schiebssouper verwandelt. Man könnte es ganz gut als moderni¬
1868 3342 3034 3411 siert bezeichnen. Anni (Stephanie Kriß) fühlte sich trotz reich¬
1863 3380 3031 3458 lich fließenden Sekt offenbar wie in einem Bierkabarett, und
1862 3428 3030 3501 ihr schrilles Lachen beherrschte die Atmosphäre. Ihr wienerischer
1863 3458 3034 3537 Dialekt konnte sich nicht gegen den Berliner behaupten. — Aber es
1860 3503 3034 3577 wurde mit Tempo und Vergnügen gespielt. Nur muß man sich
1859 3546 2602 3614 nicht einbilden, Schnitzler gesehen zu haben.
2871 3566 2996 3621 K. M.
