3296 4224
1248 159 1617 248 box 8/6
131 159 518 272 4.9. Ana
614 156 1055 269 1 Zyklu-
399 1069 1441 1159 Bitte Rückseite beachten!
1015 1154 1420 1248 Telephon 12.801.
582 1333 1272 1440 OBSERVER
390 1422 1452 1507 I. österr. behördl. konz. Unternehmen für
698 1486 1157 1561 Zeitungsausschnitte
408 1533 1449 1629 Wien, I., Konkordiaplatz 4.
793 1593 1055 1653 Vertretungen
392 1624 1446 1695 in Berlin, Basel, Budapest, Chicago, Cleveland, Christiania,
392 1684 1443 1734 Genf, Kopenhagen, London, Madrid, Mailand, Minneapolis,
386 1716 1440 1768 New-York, Paris, Rom, San Francisco, Stockholm, St. Peters¬
932 1759 1067 1805 pronto.
820 1758 1016 1833 re
635 1780 1374 1862 (Quellenangabe ofte schrichten
919 1856 1187 1950 Hamburg
386 1854 760 1941 Ausschnitt aus:
393 1955 769 2036 von 1519
272 2009 1473 2124 hotele ist in Sie wohl noch eine
264 2066 985 2136 der vorliegenden Form ist es das nicht.
356 2096 1474 2177 Die fünf Szenen von Arthur Schandenen die
273 2138 1474 2226 vierte unter dem Titel „Das Absonder als selbständiger
287 2190 1473 2258 Einakter an vielen Bühnen, wie auch hier in München schon mit
276 2226 1477 2298 Erfolg gegeben worden ist, wurden im Münchener Schau¬
281 2262 1474 2331 spielhaus unter ihrer Gesamtbezeichnung Mantel gegeben
278 2315 1476 2366 und fanden, besonders infolge der liebenswürdigen Darstellung
278 2339 1476 2413 des Antar durch, Gustav Waldau, der im Abschiedssouper eine
278 2385 1471 2447 vorzügliche Partnerin in Lina Woiwode hatte eine sehr freund¬
275 2422 1476 2479 liche Aufnahme. — Am Tage vorher brachte das Lustspielhaus
273 2458 1467 2527 drei neue Einakter, über die es sich nicht verlohnt, viel zu sagen.
281 2497 1473 2557 Sie werden wohl sehr bald wieder vom Spielplan verschwinden
270 2540 1476 2603 mennen sich die ab
278 2569 1471 2624 heit, die es sich in verhältnismäßig kurzer Zeit in München er¬
276 2614 1467 2680 worben hat, erhalten will. Der seiner Heiterkeit wegen am besten
270 2651 1471 2717 in den Rahmen dieses Theaterchens passende Scherz „Hans im
273 2690 1464 2761 Glück von Adolf Andreas Latzko litt auch noch durch die sehr
267 2725 1468 2792 mangelhafte Wiedergabe des Haus durch Herrn Neuß, der aus
270 2767 1464 2831 seiner höchst dankbaren Rolle rein gar nichts zu machen wußte.
272 2806 1461 2867 Andernfalls würde der kleine Einakter wohl imstande sein, ein
264 2845 1470 2929 nicht anspruchsvolles Publikum in sehr fröhliche Stimmung zu
269 2876 434 2944 bersetzen.
1853 1455 2888 1545 Bitte Rückseite beachten!
2446 1537 2855 1621 Telephon 12.801.
2671 1630 2756 1725 t
2024 1698 2677 1811 OBSERVER
1826 1770 2899 1881 I. österr. behördl. konz. Unternehmen für
2132 1854 2588 1928 Zeitungsausschnitte
1842 1889 2885 1980 Wien, I., Konkordiaplatz 4.
2228 1961 2483 2019 Vertretungen
1826 1983 2887 2067 in Berlin, Basel, Budapest, Chicago, Cleveland, Christiania,
1830 2051 2882 2103 Genf, Kopenhagen, London, Madrid, Mailand, Minneapolis.
1826 2081 2885 2150 New-York, Paris, Rom, San Francisco, Stockholm, St. Peters¬
2225 2129 2503 2192 burg, Toronto.
2075 2165 2644 2238 (Quellenangabe ohne Gewähr).
1826 2232 2782 2327 Ausschnitt aus Hamburger Nachrichten
2355 2312 2620 2405 Hamburg
1824 2331 2226 2422 vom 3. 519
2042 2396 2635 2504 Theater und Musik.
2473 2462 2900 2554 Hamburg, den 3. Mai.
1818 2525 2939 2596 I. K. Deutsches Schauspielhaus.] Die bekannte Einakter=
1753 2579 2930 2630 reihe, die Arthur Schnitzler unter dem Namen Anatol zu¬
1756 2623 2936 2675 sammengefaßt hat, ging gestern, von Hagemann entsprechend insge¬
1762 2657 2933 2707 niert und vortrefflich dargestellt, über die Bühne. Die fünf Stuck¬
1762 2701 2933 2741 hen sind im Grunde nichts als dialogisierte Feuilletonskizzen, un¬
1759 2735 2930 2789 terhaltsam, witzig, etwas zu spitzfindig und mit einer auf die Dauer
1762 2768 2932 2818 unausstehlichen Neigung zur Pikanterie. Aber: „so ist halt das
1759 2810 2936 2864 fündige Wien," dachte sich das Publikum und ließ sich in dieser
1756 2848 2265 2908 Beruhigung gern amüsieren.
