3344 4224
1283 166 1631 259 box 9/5
164 156 1106 278 4.9. Anatol - Zyklus
660 665 978 748 Telefon 12801.
1357 748 1510 834 Ausschn.
154 739 1266 842 Unternehmen für Zeitungs-Ausschnitte.
1271 837 1532 932 Nr. 41
522 840 1094 955 OBSERVER
280 922 1540 1021 behördl, concess. Bureau für Zeitungsberichte und Personalnachrichten
408 1024 1253 1091 Wien, IX/1 Türkenstrasse 17.
302 1077 1286 1159 — Filiale in Budapest: „Figyelö, VIII. Josefsring 31 a.
109 1217 550 1321 Ausschnitt aus:
663 1213 1319 1341 Das kleine Journal, Berlin
235 1301 494 1407 28.50
114 1374 239 1447 vom
504 1525 1490 1599 Aus Wien wird uns geschrieben: Der Clon der an
353 1548 1490 1646 veritablen Sensationen nicht besonders reichen Wiener Saison ist
360 1616 1487 1694 der alljährlich stattfindende „Volkstheater=Abend der die oberen
365 1656 1475 1724 Zehntausend der Kunst vollzählig vereinigt. Heuer wird er be¬
358 1697 1478 1765 sonders interessant. Die nach Pariser Muster gehaltene „Wiener
356 1740 1483 1810 Revue“ haben Hermann Bahr und C Karleis gedichtet.
358 1780 1482 1841 Es ist eigentlich eine Wohlthätigkeits-Dichtung, denn die Revue
350 1822 1478 1893 wird nur einmal zur Aufführung gebracht. Man bedauert, daß so
341 1855 1482 1931 viel Witz und Satire nicht im Repertoire bleibt. Es geht sogar
348 1906 1478 1971 ein rother Faden durch das an köstlichen aktuellen Epigrammen
340 1936 1475 2012 überreiche Gelegenheitsprodukt. Das Ganze hat den burschikosen,
345 1984 1474 2054 hemdärmeligen Ton eines Künstler=Ulks. Man sieht der Sache
340 2027 1475 2093 an, daß zwei über allen Situationen stehende Köpfe mit Laune
336 2064 1474 2137 an die Persiflage diverser heiliger und scheinheiliger Dinge gingen.
346 2103 1467 2171 Sie verspotten in munterer Ironie Politik, Sezession und Theater.
346 2146 1470 2206 Das Vorspiel beginnt in einem echten Wiener Frisisalon, wo uns
345 2185 1474 2254 der volksthümliche Raisonneur des Stückes vorgestellt wird.
341 2223 1470 2292 Girardi spielt ihn mit seiner burschikosen Fröhlichkeit und jener
343 2266 1470 2335 feschen parodistischen Kunst, in der er einzig ist; nur die Niese
336 2316 1470 2369 kann noch Aehnliches. Dieser Friseur hat einen Freund, dem der
338 2359 1465 2417 gewisse Onkel aus Wels Unannehmlichkeiten bereitet. Er will
340 2395 1470 2451 das Wiener Leben kennen lernen und kommt in die
343 2432 1472 2501 Hauptstadt. Der Freund hat keine Verbindungen in den
335 2478 1462 2543 maßgebenden Kreisen. Der Friseur, in keiner Lebenslage
332 2509 1462 2586 verlegen, hilft ihm. Er verkleidet sich — das ist die Anlehnung
333 2559 1462 2619 an das alte Wiener Volksstück —, schafft Herrschaftsdiener herbei
335 2596 1459 2669 und die lustige Schaar spielt dem Onkel einen politischen Salon
333 2632 1455 2697 vor. Der Amtsstil wird satirisch beleuchtet, die Censur erhält ihr
332 2682 1460 2745 Hiebchen, nach allen Richtungen gibt es scharfe Streiflichter. Die
332 2717 1459 2775 Aristokratie mit ihrem Zug nach „Volksthümlichkeit," die Comtessen
332 2763 1457 2821 mit ihrer feschen" Ausdrucksweise werden uns vorgeführt. Im
138 2763 1467 2872 50 2 dritten Bilde gibt es eine ergötzliche Satire auf die Secession. Es
330 2843 1478 2904 werden Bilder gezeigt mit doppeltem Sinn, umgekehrt gemalte
330 2876 1503 2952 Erdäpfeln, in denen sich das „Leben von hinten" symbolisch spiegelt.
332 2919 1450 2987 Denn die Hauptsache ist, daß die „Jugend lerne, müde sein, um
157 2909 287 2987 1000
325 2954 1449 3032 den Duft der blühenden Nachtigall, den Gesang des Kornfeldes
332 3008 1452 3068 und den ungeheuren Lärm der Schweigsamkeit zu ver¬
134 3023 1449 3106 Abonnem stehen". Dann wieder wird den Secessionisten ein wenig
138 3071 1450 3144 Abonnent geschmeichelt, „die können ja nicht Tarock spielen, aber malen
318 3123 1447 3187 können sie — aber wegen ein bissel Malen.“ Ein anheimelnder
325 3161 1445 3232 Uebermuth geht durch das leicht gezimmerte Ding und neben
327 3201 1445 3274 Feinheiten kann es da ohne drastische Frivolität nicht abgehen.
320 3247 1449 3315 Sonst wäre es zu sehr l'art pour l’art". Die Amateure haben
312 3284 1444 3353 eine Freude an dem burlesken Humor und auch die Masse versteht
312 3325 1444 3395 die Satire. Das letzte Bild umfaßt ein Stück Taschen=Theater:
317 3366 1444 3426 Schnitzler's „Anatol“ in kühner Parodie, und die Wiener
318 3411 1442 3467 Stimmungsmacher, die als besondere Behelfe den Kahlenberg ver¬
313 3453 1439 3511 wenden und das süße Mädel mit dem großen Appetit. Dazwischen
305 3492 1444 3552 werden Gstanzeln gesungen, von denen, um die Marke zu
310 3529 1440 3587 charakterisiren, eines wiedergegeben sei: „Wir Polen sind eine edle
305 3565 1402 3650 Nation, wir müssen's auch sein — denn wir leben davon.
2017 159 2294 212 Pflegskosten.
2025 167 3040 262 gebrachten verwundeten oder erkrankten Krieger in volle.
2017 240 2438 307 fange aufkommen wird.
2102 265 3144 343 Mitzi Palme.] Fräulein Mitzi Palme, eines der
2012 330 3133 380 jüngsten und liebenswürdigsten Mitglieder der Jarno-Bühne
2017 375 3143 431 ist heute, kaum 26 Jahre alt, einer schweren Krankheit, einem
2017 421 3143 471 Lungenleiden, erlegen. Mitzi Palme war keine der großen,
2017 462 3143 511 das Schicksal der Première entscheidenden Darstellerinnen, aber
2017 504 3144 549 ihre kätzchenhafte Anmut belebte immer die Szene. Sie hat
2017 542 3144 592 in ihrer kleinen, lustig=schnippischen, die naive Verdorbenheit
2014 588 3144 638 übermütig martierenden Manier beinahe einen Typus dar¬
2020 627 3151 686 gestellt: das Wiener Stuben- und Kammerkätzchen mit leicht
2020 671 3146 723 pariserischer Tournure. In unzähligen dieser Schwänke, deren
2022 713 3143 766 Inhalt sich oft kaum erzählen ließ, gab sie das Grisettchen,
2011 757 3144 804 die kleine, vorlaute Annette oder Georgette; sie gehörte mit
2020 796 3151 845 zur heiteren Signatur dieser so gar nicht literarischen Abende.
2007 840 3144 895 Wer erinnert sich nicht dieser immer wiederkehrenden, in
2014 878 3148 936 einem Bilde Reznizes zu fassenden Situation, wie sie sich
2014 922 3151 980 an Herrn Maran, den immer verliebten, immer ungetreuen
2014 966 3144 1016 Ehemann, listig heranschlängelte oder wie sie von Frau Pohl¬
2017 1013 3151 1067 Meiser, seiner immer ältlichen, immer eifersüchtigen Gattin, im
2020 1049 3143 1101 zärtlichsten Tete-a-tete erwischt wird. Aber diese niedlichen
2011 1094 3153 1145 Racker, die Zöschen des galanten Salons, waren doch nicht
2025 1132 3148 1187 ganz ihre eigentlichen, bezeichnendsten Figuren. Ihre echtesten
2022 1180 3148 1232 Figuren hatten manches von jenem lieben, süßen Wiener
2017 1218 3148 1280 Mädeltum, das ihr Name „Mitzi — Mitzi ist ein Gattungs¬
2014 1261 3148 1324 name, sagte jüngst ein Kenner — so hübsch angedeutet. Sie
2022 1308 3148 1354 war ihrem ganzen lustig wienerischen Wesen nach die richtige
2017 1349 3144 1401 kleine Anatol-Gefährtin in den allerliebsten Schnitzler=Bluetten.
2022 1394 3065 1450 Sie nippte den Champagner, sie naschte das Backwerk,
2017 1425 3148 1492 plauderte in diesen Stückchen die ungezogenen Aufrichtigkeiten
2014 1478 3148 1530 mit solch selbstverständlicher Grazie — wir hätten sie gerne
2022 1517 3151 1586 einmal aus ihrem engen Rollenkreise schlüpfen und zur
2037 1556 3158 1611 Schlagermitzi avancieren gesehen. Nun scheinen auch diese
2017 1593 3151 1659 Anatol-Erlebnisse, die einmal für eine ganze Gruppe der
2029 1644 3154 1699 jungen Wiener Generation charakteristisch gewesen, bereits
2029 1682 3148 1745 ihren Duft verloren zu haben. Aber alle, die sich noch den
2029 1727 3151 1785 Humor und die Poesie dieser zart fidelen Streiche bewahrten,
2025 1774 3151 1822 werden sich noch oft der kleinen Mitzi Palme erinnern, die
2022 1817 3151 1870 sich so natürlich und so anmutig in diese reizende Welt zu
2016 1858 2360 1929 schwingen wußte.
2108 1890 3153 1967 Der Palazzo di Venezia in Rom.) Der
2022 1948 3151 1996 römische Palast, in welchem sich die österreichisch=ungarische Bot¬
2029 1996 3071 2044 schaft beim päpstlichen Stuhle befindet, der Palazzo
2014 2030 2670 2117 Venezia, soll ein interessantes u¬
2765 2027 3148 2113 nen. Ein Neben¬
1808 2418 2148 2500 en 1911.
1984 2495 2660 2634 „OBSERVER
1795 2607 2874 2698 1. österr. behördl. konz. Unternehmen für Zeitungs-Ausschnitte
1992 2675 2690 2773 Wien, I., Concordiaplatz 4.
2198 2746 2476 2813 Vertretungen
1788 2766 2871 2869 in Berlin, Budapest, Chicago, Christiania, Genf, Kopenhagen,
1788 2828 2869 2909 London, Madrid, Mailand, Minneapolis, New-York, Paris, Rom,
1964 2877 2710 2950 San Francisco, Stockholm, St. Petersburg.
2138 2914 2523 2988 (Quellenangabe ohne Gewähr.)
1782 2935 2127 3055 Ausschnitt¬
2151 2954 2753 3080 Litterarische Ehe, Berlin
2183 3053 2445 3161 17 1907
1790 3068 1913 3143 von
1933 3098 2786 3209 Auch der „Faun" ist ein geistreiches Spiel der
1886 3156 2775 3257 Melancholie mit lustig dünkenden Verwechslungen.
1885 3194 2771 3292 Auch da ein Stück trüber Einsicht: in die Liebe und
1888 3235 2773 3327 in die Treue. Ein wenig Koketterie allerdings auch
1885 3285 2770 3361 und überflüssige Mystik bei klarem Lichte. Aber die
1881 3330 2770 3411 gewissen Zwischenstufen der Erotik, auf denen man
1886 3365 2760 3448 gleitet, ohne sie zu sehen, sie kennt der Dichter.
1875 3398 2761 3489 Flacher ist das nachdenkliche Capriccio: „Die tiefe
1875 3439 2756 3530 Natur“ und am wenigsten Original. Ein zweiter
1873 3477 2760 3569 Absud einer Schnitzlerschen „Anatol"-Szene. Immer¬
1870 3511 2756 3597 hin; die „Grotesken, mit denen Bahr gar nicht
1866 3550 2753 3642 den Versuch macht, aus seinen Abstraktionen in die
1870 3593 2748 3685 reale Welt zu treten, sind einheitlicher und in den
1868 3630 2753 3714 Gleichnissen realistischer, als die meisten seiner bühnen¬
1866 3680 2751 3767 gemäßen Stücke. Der Einakter hat hier eine recht
1860 3714 2745 3797 vollkommene Verleugnung aller dramaturgischen
1860 3748 2746 3844 Weisheit übernommen. Aber gerade unweise sind sie
1851 3787 1946 3845 nicht.
