3296 4224
92 177 364 308 4.9.
1209 175 1576 282 box 8/6
388 177 601 270 nato-
809 187 902 265 k
755 459 1327 577 Kgl. städt. Theater.
724 551 1368 637 Arthur Schnitzlers „Anatol."
665 601 1519 703 „Aus meinen großen Schmerzen mach ich
575 644 1519 731 die kleinen Lieder," — so plauder: Heinrich
573 724 1519 790 Heine eine Intimität aus seiner poetischen
575 769 1453 831 Werkstätte aus. Schnitzler könnte ähnlich
1742 778 2184 887 Mutsche Lage
2406 788 2494 861 22.
570 826 1519 925 von sich sagen. Die Kunstart, aus einem tiefen
1548 840 2470 928 rechnete Salon=Ton des Sprechens prädestinie¬
575 913 1512 975 ethischen Probleme ein kleines, + ungemein
1545 923 2470 984 ren ihn ausdrücklich für das Konversationsstück.
573 965 1512 1044 graziles, literarisches Ding, sei es eine Novel¬
1550 975 2475 1034 Er war eine klare Verkörperung Anatols, die¬
573 1010 1510 1081 lette, sei es einen Einakter oder nur einen
1555 1025 2362 1105 ses Idealtyp's des männlichen Exotikers
2388 1025 2477 1091 von
566 1067 1512 1136 Dialog, zu machen, ist seine ureigentliche Do¬
1545 1074 2470 1141 Heute: immer nur Sünde, niemals Zote,
573 1117 1510 1183 mäne. Von allen diesen Schnitzler'schen Bi¬
1545 1126 2470 1190 Ausdruck der wunderbarsten Kraft des Le¬
582 1162 1514 1228 joutterien könnte man sagen, was Marie von
1545 1174 2468 1235 bens: sonniger Geschlechtsfreudigkeit. Aber
570 1212 916 1285 Ebner=Eschenbach
949 1233 2475 1297 von dem „kleinen Liede auch alle anderen Darsteller hatten das volle
575 1261 1723 1339 sagt: „Es liegt darin ein wenig Klang, ein Gewicht.
1746 1273 2475 1346 Herr Trimbacher nivellierte die
573 1320 2470 1396 wenig Wohllaut und Gesang und eine ganze Schwere seines tragenden Organes durch Ele¬
566 1358 1507 1451 Seele. Dieses Genre ist die künstlerische Hee¬
1543 1384 2466 1443 ganz des stummen Spieles und Elastizität des
563 1413 1510 1507 mat des Dichters. Wenn er sie, wie z. B. im
1545 1439 2466 1507 Dialogisierens. Überhaupt der Dialog. Endlich
568 1474 1500 1536 „Zwischenspiel oder gar im jungen Meder
1545 1484 2468 1545 hörte man gestern wieder, wie der richtige Kon¬
568 1524 1507 1590 dus, verläßt, um sich auf ein Gebiet zu be¬
1538 1529 2466 1602 versationsdialog sich zu vollziehen hat, Na¬
575 1581 1507 1630 geben, das für ihn ein künstlerisches Ausland.
1543 1592 2470 1649 mentlich in den „Weihnachtseinkäufen", wo
568 1626 1503 1699 die Fremde, ist: dann stellt sich paradoxerweise
1543 1633 2468 1694 Fräulein Olga Grünwald, eine sehr sym¬
563 1668 1510 1749 nicht bei Schnitzler selbst, sondern bei dem, der
1533 1690 2470 1749 pathische Salondame, mit so vielem vornehmen
556 1723 1507 1791 diesen Dichter liebt, das — Heimweh ein.
1536 1739 2470 1794 Parfume, manchmal in den anmutigen Zwi¬
568 1777 1505 1843 ja, auch das künstlerische Ausland Schnitzlers
1543 1789 2466 1860 scherlauten des richtigen weiblichen Sprechers,
568 1831 1495 1907 hat seine Regis. Aber „dahoam is dahoam
1533 1836 2470 1907 zu sprechen wußte. Marianne Karina er¬
381 1813 544 1924 Wie¬
568 1874 1505 1943 Diese kleinen Sachen sind halt doch viel en¬
1545 1893 2468 1952 füllte sowohl die Rolle der Cora wie die der
566 1931 1507 2002 zückender als die monumentalen Werke, durch
1533 1940 2466 2011 Bianca in der „Episode" mit allem Dufte na¬
563 1983 1507 2044 die Schnitzler die österreichische Literatur berei¬
1543 1985 2468 2059 türlicher Mädchenhaftigkeit. Im „Abschiedsson¬
561 2035 1493 2108 chert hat. „Anatol“ und „Lebendige Stunden
1533 2049 2466 2104 per war die Anni des Fris. Mela Münzer
561 2085 1500 2156 bleiben das eigentlich Typische an Schnitzler.
1538 2101 2463 2153 ein niedliches Kabinettsstückchen temperament¬
561 2137 1498 2203 Daß die fünf „Anatol-Einakter für das
1533 2139 2466 2210 voller Darstellungs-Plastik. Die Ilona des
558 2179 1500 2272 Olmützer Theater eine Novität waren, ist eine
1536 2194 2463 2272 Frl. Liebwalt war sehr tief erfaßt in der
556 2229 1498 2307 Tatsache, die den Referenten in den Zustand
1536 2248 2466 2321 ganzen Anlage sowohl, wie in der Erfassung
554 2288 1493 2369 einer Art kritischer Melancholie versetzt. Längs
1531 2298 2463 2369 hysterischer Affektationen. Die Regie des Herrn
561 2335 1500 2418 Gesagtes noch einmal sagen! In eine Zeitung
1531 2352 2456 2433 Paulmann sorgte für Eleganz und mög¬
556 2380 1498 2459 zu setzen, was schon lange in der Literaturge¬
1526 2406 2371 2470 lichst gute Ausstattung der Szenenbilder,
563 2435 1498 2532 schichte steht Und so sehr neuartig auch heute
1519 2433 2352 2532 von gewissen Wiener Geschäfts Auslagen
2380 2451 2461 2525 na¬
561 2492 2456 2563 noch diese fünf Akte anmuten, so überholt türlich vollständig abgesehen. Alles in allem:
554 2541 1495 2624 müßte ein Referat klingen, das sich darin ge¬
1526 2548 2459 2617 ein tadelloser Abend, auf den wir das Publi¬
556 2598 1493 2676 fiele, „Anatol“ heute als eine „Novität" auszu
1519 2603 2454 2676 kum aufmerksam machen. Publikum? Das
563 2641 1427 2721 fassen. Hier fünf literarische Immortellen,
1521 2648 2456 2740 Haus war ja nicht gerade schlecht besucht. Aber
556 2700 1495 2766 und da eine Zeitung von — gestern Nein!
1521 2702 2466 2780 dieser Abend hätte eben einen noch besseren
554 2742 1493 2837 Es war mir peinlich genug, als ich hier vor
1531 2754 2459 2823 Besuch verdient. Jetzt hat das Publikum au¬
554 2799 1417 2882 drei Jahren über Ibsens „Rosmersholm
1521 2806 2459 2873 genscheinlich ein gutes Schauspiel. Warum
405 2802 504 2920 5
549 2847 1377 2929 24 Jahre nach der Ur=Aufführung!
1531 2861 2451 2918 kommt es also nicht in hellen Scharen? Wo
554 2889 1394 2979 schreiben mußte. Es ist ja klar, warum
1524 2903 2461 3005 steckt es denn? Hinter dem Ofen? — Der
549 2944 1495 3045 diese fünf Akte so spät in das Repertoire eines
1521 2951 1988 3045 Teufel soll es holen!-
2331 2970 2414 3055 ch.
547 3000 1488 3086 Provinztheaters eingliedern sie erheischen eine
556 3062 1491 3135 ausgesuchte Darstellergruppe von einer ganz
547 3090 1488 3187 spezifischen Art, wie sie das Theater nicht alle
547 3159 1488 3242 Jahre findet. Der Durchschnitts=Komödiant
542 3197 1495 3280 macht eine verzerrte Posse daraus. Aber diese
556 3254 1491 3332 fünf Sachen müssen so gespielt werden, als
542 3303 1484 3384 würden sie gar nicht von ungeschlachten Men¬
551 3351 1486 3433 schen dargestellt, sondern nur von kleinen, zier¬
551 3412 1486 3488 lichen Porzellan=Figurchen auf einen kostbaren,
542 3462 1488 3542 mit Perlmutter eingelegten Spieluhr, die dazu
540 3507 1479 3597 leise, mehr in Moll als in Dur, einen Lan
544 3561 1484 3635 ner'schen Walzer ausspielte, während dem ver¬
537 3618 1486 3713 träumten Zuschauer von irgendwoher ein feine
540 3661 1254 3743 Thymian=Duft entgegenströmte...
632 3713 1479 3795 Und mit diesem Bilde surde ich der Tar¬
551 3732 1484 3848 stellung des gestrigen Abends das höchste Lob.
542 3819 1477 3911 Sie gab sich so. Ja, ich mache mich ganz be¬
549 3864 1477 3947 stimmt keiner Übertreibung schuldig, wenn ich
535 3928 1486 3997 erkläre, daß ich — so weit es sich um die bo¬
537 3959 1474 4046 denständigen Ensembles handelte — seit Jah¬
535 4013 1474 4101 ren in Olmütz keinen so vollends abgerunde
537 4063 1472 4141 ten, harmonisch zusammengestimmten Theater¬
537 4124 1316 4191 abend miterlebt habe, wie den gestrige
