3296 4224
1237 153 1598 253 box 8/6
124 148 647 258 4.9. Anatol
760 155 855 234 Z
291 1039 1185 1147 tte Rückseite beachten!
896 1118 1307 1216 Telephon 12.80,
607 1304 1159 1407 DER VER
272 1397 1340 1493 I. österr. behördl. konz. Unternehmen für
576 1462 1039 1526 Zeitungsausschnitte
282 1498 1328 1593 Wien, I., Konkordiaplatz 4.
674 1565 936 1627 Vertretungen
268 1586 1333 1670 in Berlin, Basel, Budapest, Chicago, Cleveland, Christiania,
268 1648 1333 1710 Genf, Kopenhagen, London, Madrid, Mailand, Minneapolis,
268 1682 1331 1761 New-York, Paris, Rom, San Francisco, Stockholm, St. Peters¬
666 1729 953 1799 burg, Toronto.
511 1756 1087 1861 (Quellenangabe ohne Gewähr).
260 1818 652 1918 Ausschnitt aus:
533 1820 1366 2007 1911, Züricher Zeitung
239 1894 494 2030 on
1132 2081 3046 2155 merchen mit dem Blick über die Dächer und den du lernen wir Vertreterinnen einer Weiblichkeit kennen,
459 2085 805 2190 Feuilleton.
1132 2121 3043 2190 tenden Frühlingsblumen und glauben der Musiker die auf das Abenteuerreiche ihres Liebeslebens ein¬
1139 2171 3041 2241 tochter liebe, herzliche Stimme zu hören... Es ist gerichtet ist, die aber doch im Moment sich ehrlich
1132 2214 3038 2286 von Kennern Wiens behauptet worden, diese von an ihre Gefühle, an ihre Leidenschaft hingibt; nur
504 2217 743 2305 Theater.
1135 2257 3034 2329 Schnitzler im Anatol mit leiser Meisterhand gezeich¬ Treue und dergleichen hohe Dinge darf man von ih¬
1132 2303 3041 2372 nete Welt gehöre heute schon der Geschichte an, ent¬ nen nicht verlangen, das hat mit der Süße nichts zu
239 2279 1032 2362 Pfauentheater: Anatol (31. Mai).
1144 2341 2073 2396 spreche der Wirklichkeit des heutigen Wien nicht
2107 2346 2255 2405 schaffen.
220 2353 1101 2439 T. Zum „Anatol" Arthur Schnitzlaus hat Laris¬
1139 2386 2061 2439 mehr. Mag sein. Um so besser, daß dann wenigsten
2162 2360 3036 2451 Gespielt wurden die Sachen recht hübsch. Die
160 2405 1101 2468 Hofmannsthal eine zierliche Einleitung in Trochäen
1127 2427 2069 2477 die Kunst des Wortes diese Welt so entzückend einge¬
2100 2427 3036 2489 Damen Ernst (Cora in „Die Frage an das Schick¬
158 2465 1101 2518 geschrieben, datiert vom Herbst 1892, Verse eines
1142 2470 2061 2525 fangen und bleibend fixiert hat. An einer Stelle wird
2109 2477 3027 2537 sal"), Reiter (Gabriele in „Weihnachtseinkäufe")
160 2501 2071 2566 Achtzehnjährigen zum Buch eines Dreißigjährigen, als zu einem eleganten Heim gehörig das Makart¬
2100 2525 3036 2582 Hochwald (Bianca in „Episode"), Klarenburg (Annie
160 2546 1101 2606 Ein Rokoko=Wien — „das Wien des Canaletto, Wien
1130 2554 2064 2620 bukett genannt. Nun, damit hat's nun glücklich längst
2100 2566 3036 2620 im „Abschiedssouper"). Senken (Ilona in „Anatols
153 2589 664 2644 von Siebzehnhundertsechzig
748 2594 1094 2649 zaubert er empor¬
1127 2604 2064 2654 ein Ende genommen, wie mit der ganzen Makart¬
2100 2613 3038 2666 Hochzeitsmorgen") gaben durchweg ihr Bestes. Ob
162 2628 1094 2685 in der Laube vor Teppichen mit Schäferszenen von
1132 2642 2061 2706 Adoration; das kommt nie wieder. So magis denn
2100 2652 3041 2716 sich das temperament der ungarisch akzentuierten Ilo¬
160 2673 1099 2726 Watteau „spielen wir Theater“: „spielen unsere eige¬
1127 2687 2061 2742 auch mit der von Spielerei und Künstelei nicht freien
2100 2704 3034 2757 na nicht zugunsten der Wirkung der etwas sehr heik¬
153 2723 2069 2792 nen Stücke, frühgereift und zart und traurig, die Lebenslust der Dialoge sein. Aber was unvergänglich
2100 2740 3029 2795 len Situation der letzten Szene zu dämpfen emp¬
158 2764 1101 2819 Komödie unsrer Seele, unsres Fühlens Heut und
1127 2776 2064 2828 bleibt, ist, wie schon gesagt, die Kultur, aus der diese
2112 2783 3034 2840 fehlen würde, sei unserm Oberregisseur zur Ueber¬
153 2804 1104 2859 Gestern, böser Dinge hübsche Formeln, glatte Worte,
1130 2814 2064 2878 dichterischen Blüten ihren Saft gezogen haben. Sie
2095 2831 3038 2888 legung anvertraut. Die Lektüre gibt hier mehr als
153 2843 1101 2905 bunte Bilder, halbes, heimliches Empfinden, Ago¬
1127 2857 2064 2912 hat jenen entzückenden österreichischen, wienerischen
2095 2869 3029 2933 die Bühne, weil sie weniger gibt. Herr Modes spielte
148 2890 1094 2943 nien, Episoden..." Läßt sich Feineres, Treffenderes
1127 2900 2069 2967 Charme, den wir in dieser Vollendung nirgends sonst
2097 2914 3029 2974 in allen fünf Stücken den Anatol, behaglicher, be¬
162 2936 1094 2986 sagen zur Charakteristik dieser Gespräche, Erlebnisse,
1127 2941 2059 3005 in deutschen Landen treffen. Man denke nur, neben
2095 2952 3031 3024 häbiger wohl, als dies in der Figur des Dichters liegt;
153 2981 1094 3031 Konfessionen des Anatol, des „leichtsinnigen Melan¬
1130 2991 2061 3055 Schnitzler, neben Hofmannsthal, an Peter Altenberg.
2097 3000 3031 3058 im letzten Stück sollte er das kultivierte Wienertum
150 3029 1094 3077 cholikers", wie er sich selbst nennt? Mit subtilen Hän¬
1185 3034 2061 3086 Ich habe nicht die Absicht, die fünf Anatol-Szenen,
2095 3041 3029 3103 Anatols nicht durch grüne Aufschläge auf dem braun¬
148 3062 1092 3120 den, leicht spielerisch, graziös, pathoslos ist das alles
1130 3065 2064 3129 die uns, nach Brahms klugem Vorgehen, am Diens¬
2100 3086 3034 3141 samten Hauswams kompromittieren; denn in
150 3117 1092 3167 angefaßt; man fühlt sich einer wirklichen Kultur
1130 3117 2061 3177 tag vorgeführt wurden, im Einzelnen zu besprechen.
2088 3122 3029 3184 dem blauen Zimmer sieht das koloristisch furchtbar
158 3156 1094 3203 gegenüber, nicht nur des Geschmacks, auch des ganzen
1132 3160 2052 3222 Jede hat ihr besonderes Cachet, ihre besondere Klang¬
2095 3182 3019 3232 aus. Herr Rainer sekundierte als Freund Ma¬
146 3201 1094 3251 Empfindens. Das macht den bleibenden künstlerischen
1130 3206 2061 3256 farbe. In den „Weihnachtseinkäufen" ist der Ton der
2095 3222 3027 3277 mit Glück den Anatol. Beide Schauspieler sprechen
146 3242 1089 3299 Wert dieser Dialoge aus. Der Typus des „süßen
1120 3251 2057 3304 kultivierteste, man möchte sagen der reinste, tiefste:
2090 3251 3027 3313 das Wienerische flüssig, was gerade für diese Sachen
148 3285 1089 3332 Mädels" erscheint in verschiedenen Varietäten. Ein¬
1120 3294 3024 3361 einer Weltdame wird da klar gemacht, daß es weib= von hohem Wert ist. Lebhafter Beifall wurde den
153 3330 1094 3380 mal, in den „Weihnachtseinkäufen", vielleicht dem
1118 3337 2061 3402 liche Wesen gibt, die von ihrer Vornehmheit und
2097 3344 2945 3406 fünf Szenen gespendet. Frl. Klarenburg, die
150 3368 1010 3423 wertvollsten Stück der Sammlung, ist bereits
1118 3380 2057 3442 Gewähltheit weit entfernt sind und doch seelische
2095 3392 3027 3447 Annie mit Verve verkörperte, durfte Blumen in
150 3411 1092 3461 Umwelt der „Liebelei", die drei Jahre nach dem
1118 3428 2059 3476 Qualitäten besitzen, die kein Reichtum und kein
2090 3430 3027 3504 Empfang nehmen. Hoffentlich wird dem reizenden
150 3459 1092 3507 Anatol erschien, und die rührende Gestalt der Chri¬
1123 3466 2057 3528 Lebensraffinement und kein äußerer guter Anstand
2088 3478 2960 3557 Abend noch manche Wiederholung beschieden sein.
158 3497 2073 3574 stine skizziert; wir sehen das sonnige, einfache Zim= aufzuwiegen vermögen. In den vier andern Szenen
