3436 4256
407 177 818 276 4.9. Ana¬
731 241 820 294 .
910 185 1059 300 .
1138 190 1340 294 yklus
1528 189 1889 297 box 8/5
1250 1018 2452 1100 Das Nebeneinander kriegerisch=unsentimentaler und schwelgerisch¬
1163 1082 2463 1159 empfindsamer Stimmungen wirkt als appetitreizender Kontrast; ebenso
1164 1127 2463 1205 das harte Nebeneinander der bürgerlichen und der hocharistokratischen
1159 1189 2460 1246 Welt, der hemmungslos expansiven, nach außen schlagenden und der
1169 1223 2467 1310 hösisch-gebundenen, nach innen brennenden Temperamente. Höchst
1161 1274 2468 1360 bemerkenswert auch die Geschicklichkeit, mit der das Drama abwechselnd
1169 1327 2465 1402 Einzel=Schicksale und Schicksale der Allgemeinheit in den Mittelpunkt
1169 1368 2473 1455 des Interesses lanciert: Wo der Dichter unbedeutend wird, tritt irgend
1169 1424 2458 1497 eine weltgeschichtliche Bedeutung, die Szene füllend, in den Vorder¬
1173 1489 1711 1561 grund und deckt den Dichter.
1253 1502 2471 1599 Kriegerisch=prunkstrotzende, förmlich schmetternde Kostüme und die
1184 1571 2475 1660 steif-lyrischen Trachten des Jahrhundertanfangs, prangend in zartesten
1189 1619 2470 1712 sentimentalen Farben, erfreuen das Auge. Auch das Ohr kommt nicht
1173 1670 2473 1763 zu kurz. Man schießt mit Kanonen, mit Flinten, mit Revolvern. Man
1186 1717 2480 1807 schießt rechts und links, Granätlein explodieren zierlich, und zwischen
1179 1763 2480 1853 Feuer und Schall verstreicht eine höchst naturalistische kleine Pause.
1184 1811 2483 1917 Für die Aufführung des „Medardus hat das Burgtheater wirklich sein
1184 1884 1681 1970 ganzes Pulver verschossen.
1271 1902 2486 1991 Auch schauspielerisch. Aus der Fülle der Gestalten bewahrt man
1191 1963 2481 2052 im Gedächtnis: Hartmanns edlen Thronprätendenten, Balajthys tref¬
1191 2009 2481 2089 lichen, saftigen Eschenbacher, der Frau Bleibtreu starke, unzaghafte
1187 2055 2483 2140 Mütterlichkeit, der Frau Medelsky rührendes Agathchen, Straßnis
1191 2106 2488 2207 gespenstisch-frohen uralten Herrn, Heines meisterhaft kühlen und klugen,
1171 2157 2490 2248 Schicksal spielenden Arzt, Treßlers empfindungstiefen, in Ton und
1194 2204 2494 2296 Gebärde so nobel sparsamen Freund des Medardus (für mein Empfin¬
1191 2253 2491 2348 den eine ganz leere, verunglückte, zu Recht hinkende Figur), Arndts
1192 2304 2490 2394 bitter-ironischen Arzt, Fräulein Hofteufels leichtfüßige, immer wie von
1199 2363 2109 2449 Lebenslust gekitzelte, in den Unfug verliebte Zofe.
1289 2373 2493 2491 Protagonisten: Herr Gerasch und Fräulein Wolgemuth. Ich
1194 2455 2491 2547 glaube, man hat diesmal beiden ein bischen unrecht getan. Flamme,
1200 2498 2493 2590 an der man sich wärmen könnte, war nie Herrn Geraschs Sache.
1202 2540 2499 2635 Aber er hat als Medardus doch ein sehr schönes Tempo, hat Schwung
1209 2611 2499 2688 und Leidenschaft und manchmal, wie auf der schönbrunner Treppe,
1202 2655 2499 2739 einen großen Augenblick, in dem man aus seinen Erregungen das
1209 2701 2499 2783 Sturm=Trommeln eines revoltierenden Herzens zu hören meint.
1205 2749 2496 2842 Fräulein Wolgemuth, imponierend durch den Adel ihrer Erscheinung,
1204 2804 2498 2881 wird vielleicht ein wenig überschätzt. Noblesse, Kühle, Unnahbarkeit,
1210 2842 2501 2927 Verachtung mit sie unübertrefflich gut. Wo es auf mehr ankommt,
1209 2898 2508 2982 auf das Durchschimmern der innern, nur gedrosselten, nicht verlöschten
1219 2941 2501 3039 Flammen, auf Botschaft aus den Tiefen dieser spiegelglatten Prinzes¬
1217 3000 2511 3088 sinnen=Seele, da fehlten die rechten Lichter und Klänge. Ob Fräulein
1215 3037 2506 3132 Wolgemuth eine wirklich bedeutende Künstlerin ist, wird sich noch er¬
1210 3090 2519 3183 weisen. Im „Jungen Medardus merkte man nur, daß sie über die
1219 3146 2260 3239 schönsten Mittel verfügt, um Bedeutung zu markieren.
1209 3265 1335 3357 1268
