3436 4352
926 157 1249 256 Zyklus
305 158 836 238 4.9. Anatol
524 441 1101 526 HEMSTREE
553 520 1078 572 96 WARREN STREET
594 570 1043 638 NEW YORK CITY
424 608 529 682 00
804 674 977 756 WORLD
433 743 709 828 Mr. Schildkraut
466 811 1078 857 Joseph Schildkraut, who has been
433 857 1078 903 here recently from Hollywood, has, as
433 898 1082 940 might be expected, landed a jo on
436 931 1072 976 the Broadway stage, which he de¬
436 971 1078 1027 serted five years ago so that he might
436 1021 803 1073 appear in the moves.
466 1062 1076 1107 The play in which he will appear is
436 1089 1060 1138 Schnitzler's "The Affairs of Anatol.
433 1127 1072 1161 which is being revived this time by
433 1156 1072 1199 Bela Blau, Inc. Mr. Blau says it will
435 1187 1072 1238 go into reversal in time to appear
427 1225 1077 1267 at one of our theaters late in De¬
427 1247 1081 1316 cember. Jo Mielziner is doing the
429 1289 580 1342 setting
463 1301 1076 1354 In the meantime Mr. Blau and his
433 1347 1073 1392 associates expect to put the late Will¬
427 1378 1073 1423 am Bolito's still untiled play into
427 1415 1067 1458 rehearsal this week with Colin Clive
430 1457 1080 1488 in the leading role and Mare Con¬
427 1473 1078 1524 nelly directing. And Mr. Blau also
429 1509 1072 1558 has that piece by S. K. Lauren, Re¬
433 1539 1075 1582 union," which was tried out last
426 1574 1072 1618 summer. He thinks that will be
429 1601 1075 1650 coming to town about the time Mr
427 1635 1085 1702 Schildkraut is arriving in the guise of
436 1678 872 1727 that young Antoi fellow.
577 2270 926 2366 view
659 2335 936 2418 Nov 1-30
516 2445 1198 2539 AFFAIRS OF ANATOL
611 2524 1202 2604 FOR SCHILDRAUT
504 2640 1206 2718 Bela Blau Will Present the
528 2714 1177 2805 Schnitzler Comedy With
617 2787 1086 2858 Star in December
537 2904 1203 2964 Arthur Schnitzlers comedy, "The
505 2938 1195 3003 Affairs of Anatol," in which John Bar¬
505 2977 1195 3046 rymore appeared in 1912, will be re¬
508 3027 1193 3075 vived this season by Bela Blau, with
499 3065 1196 3125 Joseph Schildkraut in the leading role.
498 3111 1194 3161 Schildkraut recently withdrew from
501 3149 1194 3209 the cast of Charles L. Wagner's pro¬
499 3192 1194 3238 duction of "The Tyrant," in which he
498 3224 1194 3287 had been scheduled to star. "The Af¬
493 3266 1198 3327 fairs of Anatol will follow Mr. Blau's
493 3312 1186 3376 first production, the united posthum¬
501 3348 1191 3409 ous play by William Bolito, which is
493 3400 1188 3443 expected on Broadway late in Decem-
499 3436 1189 3495 ber. The Schnitzler play and S. K.
496 3477 1188 3525 Laren's "Reunion," a third production
492 3511 1185 3575 on Mr. Blau's schedule, will go into
486 3561 1046 3622 rehearsal within a few weeks.
1426 151 1778 237 box 9/4
1662 526 2242 603 HEMSTREET
1690 593 2213 661 96 WARREN STREET
1734 650 2181 734 NEW YORK CITY
1486 708 1672 799 NOV
1726 722 1818 796 20
1962 765 2129 843 WORLD
1562 861 1968 951 Rumor: Miss Hopkins
1588 915 2213 985 The story is going around town
1562 965 2206 1013 that when Bela Blau produces
1556 998 2191 1037 Schnitzler's "The Affairs of Anatol,
1565 1031 2210 1077 in which Joseph Schildkraut will
1562 1061 2216 1115 have the leading role, Miriam Hop¬
1556 1094 2213 1139 kins will be one of the ladies in the
1561 1125 2212 1163 cast. Miss Hopins has spent the last
1562 1158 2213 1203 six months dodging in and out of the
1565 1190 2209 1235 role of Kalonika in Lysistrata" with
1565 1223 2221 1267 considerable agility. It is said that
1562 1254 2217 1296 her policy of jumping in and out will
1571 1299 2222 1331 be continued in the case of "The Af¬
1562 1321 2213 1364 fairs of Anatol." According to the
1567 1349 2224 1400 story, she will appear in the play
1567 1380 2218 1432 during Christmas week only and will
1567 1415 2194 1483 then return to celluloid and sound.
1539 1906 1768 1979 Variety
1543 1964 1893 2033 Dec 17 193
1525 2070 2172 2157 Affairs of Anatole by Arthur
1502 2136 2168 2188 Schnitzler is next and second for
1507 2161 2168 2217 Bela Blau, going into rehearsal this
1508 2207 2166 2276 week. Cast is headed by Joseph
1504 2241 2094 2297 Schildkraut, returning to legit.
1537 2278 2165 2336 Ralph Kettering, general western
1505 2319 2168 2361 manager for A. H. Woods, has co-
1504 2354 2162 2409 authored play called in Hock,
1501 2385 2167 2446 with Henry Rosendale the other
1504 2429 2162 2491 author. Piece goes into rehearsal
1502 2464 2127 2515 this week, Rosendale producing.
1537 2500 2155 2562 "The Woman in Red," also by
1498 2529 2157 2601 Rosendale, has been taken for pro¬
1499 2577 1884 2628 duction by Gus Hill.
2502 393 3063 465 HEMSTREE
2529 458 3045 532 S WARREN STRE
2570 508 3027 593 NEW YORK CITY
2722 618 2953 707 Y WORLD
2776 713 3034 808 1930
2532 819 2888 919 Echearsals to Start
2576 884 3187 959 Rehearsals of Schnitzlers "The Af¬
2531 937 3186 1004 fairs of Anatol" begin this afternoon
2535 980 3186 1042 under the direction of Gabriel Beer¬
2535 1022 3192 1090 Hofman, a young German who used
2535 1066 3192 1117 to be a lieutenant to Max Reinhardt.
2535 1105 3191 1157 Bela Blau, produce of the piece, has
2534 1148 3191 1211 hired Joseph Schildkraut, Walter
2543 1191 3195 1254 Connoly, Miram Hopins, Patricia
2540 1229 3210 1300 Collinge and Ann Forrest to play
2592 1279 3197 1341 Nina Rosa" and pops the
2550 1326 3191 1384 Devil," two Shubert operas which
2547 1369 3193 1416 were dormant last week, will renew
2546 1389 3194 1450 their runs this evening at the Ma¬
2552 1422 3198 1485 jestic and Masque Theaters respec¬
2556 1469 2677 1518 tively.
2562 1463 3198 1540 Five Jewish theaters that have been
2556 1530 3195 1573 dark pending to settlement of an
2553 1559 3198 1604 argument about the wages of the
2556 1590 3198 1644 stage hands and the musicians will
2552 1619 3190 1671 repen on Wednesday night. They
2561 1661 3197 1705 are the Dornton National Theater,
2559 1693 3201 1736 the Prospect Theater in the Broux,
2562 1715 3198 1769 the Rolland Theater in Brooklyn, the
2562 1751 3198 1804 Brooklyn Lyrie Theater and the
2559 1782 3201 1837 Odeon Theater. Molly Picon's Thea¬
2561 1813 3194 1872 ter, the management of which is in¬
2558 1843 3201 1901 clined not to let any of Christmas
2567 1880 3208 1949 week slip by, repens this very eve¬
2562 1928 2664 1970 ning.
2582 1932 3204 1999 Two new producers have leaped
2558 1979 3206 2041 into the fray. One of them is Harold
2567 2010 3209 2063 Stern, a musical director for the
2567 2045 3209 2098 Shuberts. Mr. Stern has written the
2579 2075 3206 2127 score for a musical comedy called
2579 2106 3203 2171 Service for two and plans to put
2564 2138 3210 2201 it on himself in time for an opening
2566 2179 3217 2229 in February. The other is not a man
2567 2206 3227 2253 but an organization. It is called the
2565 2242 3211 2296 Associated Theatrical Exchange and
2567 2276 3201 2331 it has what it call a "trag comedy
2567 2305 3213 2363 called "Wet or Dry," by one Slater La
2562 2339 3217 2389 Master. It is said that this play has
2567 2378 3213 2429 to do with prohibition. What a
2565 2404 3225 2451 trag" is we shall doubtless learn
2570 2431 3188 2506 when the play reaches the boards.
2483 2849 3073 2916 HEMSTREET
2516 2903 3036 2976 96 WARREN STREET
2553 2966 3010 3039 NEW YORK CITY
2553 3072 2878 3157 NY TIMES
2575 3140 2921 3258 DEC 281930
2500 3254 3151 3352 Anatol, the Schnitzer play, in
2469 3337 3141 3395 revival by Mr. Blau and his asso¬
2465 3378 3144 3435 ciates, will probably arrive at the
2459 3410 3146 3478 Lyceum during the week. Other of
2464 3450 3136 3514 the weeks possibilities, without de¬
2465 3489 3145 3558 inite commitments as to dates and
2463 3532 3144 3588 theatres, are "Storm Song, with
2465 3558 3142 3624 Miss Larrimore as the star: Rock
2456 3616 3129 3663 Me, Julie," with Mr. Muni and Miss
2456 3652 3133 3713 Menken heading the cast, and "The
2459 3677 3137 3789 Devil is a Lady," with Olive Borden,
2450 3722 2557 3785 in it.
