3436 4256
1355 225 1721 321 box 8/4
855 239 1195 341 Zyklus
236 239 814 349 4.9. Anatol
460 862 665 954 1. Osa
883 913 1068 973 Aus
538 950 1422 1044 Wien, I., Concordiaplatz 4.
829 1036 1177 1106 Vertretungen
446 1075 1536 1160 in Berlin, Budapest, Chicago, Christiania, Genf, Kopen¬
420 1132 1536 1195 hagen, London, Madrid, Mailand, Minneapolis, New York,
415 1170 1537 1232 Paris, Rom, San Francisco, Stockholm, St. Petersburg.
832 1213 1193 1265 (Quellenangabe ohne Gewahr.
426 1221 1539 1365 Ausschnitt ausgerich Deutsch=Oesterrei¬
978 1304 1301 1396 Wien-Leipzig
480 1349 905 1470 vom 11.
452 1449 1647 1540 Deutsches Volkstheater. In dem Einakterzyklus
346 1519 1649 1598 „Anatol“ bewegt Artur Schnitzler sich wieder auf jenen
357 1572 1645 1637 Gebiet, das eigentlich er kreiert hat. Das „Süsse Mädeltum,
346 1635 1652 1704 der tändelnde Leichtsinn des Wiener Junggesellenlebens. In
349 1699 1650 1771 diesen sentimentalen Stimmungen, in denen die Escamotage
349 1755 1650 1824 des „Gefühls durch das „Sentiment ernsten Menschen die
346 1819 1649 1894 Stimmung verdirbt, kehrt der berüchtigte „Reigen“ wieder,
346 1880 1649 1945 die zwei Geschlechter, die aneinander vorbei lieben. Es ist
356 1939 1645 1999 vieles so fein ersonnen, die Situationen sind so geistreich
346 1994 1644 2060 komponiert, daß man dem Liebeskünstler Anatol-Schnitzler
339 2052 1657 2127 nicht gram sein kann. Aber das Herz des deutschen Volkes
349 2112 1644 2181 schreit nach tieferen Noten. — Die schlägt Karl Schönherr
346 2175 1644 2260 in seinem Drama „Glaube und Heimat“ an. Aus dieser ein¬
379 2257 1663 2327 fachen Formel schmiedet der Dichter einen mächtiger
375 2324 1668 2393 Streithammer. Aber ihn schwingt nicht der Künstler, in
375 2384 1673 2453 olympischer Höhe thronend, er steigt herab und sucht im
380 2443 1673 2499 Parteigetriebe einen Beifall, den man seinem gewaltigen
375 2501 1673 2566 Talent gerne spenden möchte, ohne es durch wilde Ge¬
370 2560 1672 2642 hässigkeit gegen die katholische Kirche entstellt zu sehen
370 2612 1663 2694 Schönherr konterfeit seine Tiroler, lebensvoll und wurzelecht
374 2684 1675 2756 mit der Seele und dem Kopf in jeder Gestalt. Er läßt uns
370 2738 1667 2789 einen tiefen Blick tun in die Herzen, die lutherischen
379 2792 1673 2856 Glauben und des Kaisers strenges Ketzeredikt, das mit
379 2848 1672 2932 Heimatsverbann droht, bis ins Innerste zerfaserl. Aber Licht
375 2909 1673 2984 und Schatten ist ungerecht verteilt, und ein tragisches
370 2969 1673 3045 Einzelschicksal, dem niemand sein Mitgefühl verschließen
379 3028 1673 3094 wird, ist in seiner Verallgemeinerung Geschichtslüge. Aus
375 3087 1673 3164 den fernen Zeiten der Tiroler Gegenreformation (als ob
379 3153 1673 3214 protestantische Länder in jenen Tagen nicht viel grausamere
370 3197 1676 3266 Bilder lieferten!) ist eine Anklage wie ein Flammenzeichen
370 3261 1673 3335 in unsere Tage milder Brüderlichkeit gesetzt. Wahrlich, das
370 3322 1673 3397 größte Kunstwerk — und ich bezeichne Schönherrs Drama
375 3379 1673 3461 mit diesem selten hohen Ruhmeswort — vermag den
374 3427 1634 3505 schürenden Brand des Zwistes nicht zu entschuldigen.
379 3500 1676 3569 „Der unbekannte Tänzer“ von Tristan Bernard rückte
370 3561 1667 3617 rechtzeitig ein, um als Sylvesterscherz zu gelten. Bei aller
370 3615 1667 3679 Unwahrscheinlichkeit ein ganz famoses und ausnahmsweise
374 3676 1675 3758 dezentes Lustspiel, das mit Recht sympathische Aufnahme fand.
2715 1247 3082 1362 Telephon 11491.
2239 1472 3066 1583 ch. konz. Unternehmen für Zeitungs¬
2196 1539 2860 1603 Ausschnitte und Bibliographie.
2178 1581 2904 1683 Wien, I., Concordiaplatz 4.
2406 1662 2684 1726 Vertretungen
2012 1681 3064 1771 in Berlin, Brüssel, Budapest, Chicago, Cleveland, Christiania,
2011 1742 3066 1811 Genf, Kopenhagen, London, Madrid, Mailand, Minneapolis,
2011 1781 3055 1852 New-York, Paris, Rom, San Francisco, Stockholm, St. Pet¬
2402 1834 2673 1881 burg, Toronto.
2353 1853 2717 1929 allemands dans le
2012 1889 2381 2003 Ausschnitt aus:
2193 1965 3110 2124 ja Wiener Mode, Wien
2001 2047 2153 2122 vom
1944 2116 3028 2221 Im Deutschen Volkstheater feierte man die Wiederkehr
1942 2202 3033 2260 lers ins Burgtheater mit der Aufführung von fünf Einaktern
1945 2243 3032 2299 im Anatol=Zyklus. Sonderbar — in seinen Anfängen spielte
1852 2278 3023 2337 ch mit der Leidenschaft der Liebe, frozzelte dieselben Ekstasen,
1850 2317 3025 2366 die er später so tief in Blut tauchte. Es schien uns jetzt schon manches
1845 2350 3033 2414 ein wenig primitiv, manches, das einst so leicht beschwingt an uns
1844 2393 3023 2452 vorüberflog, ein bißchen konstruiert, aber alles ist graziös, geistreich,
1847 2427 3022 2484 klug und voll Wiener Charme. Eleganter kann niemand die Klaue
1845 2461 3084 2555 des Löwen weisen als Schnitzler. Das Deutsche Volkstheater, das die
1894 2566 3058 2629 „Novität" am gleichen Tage herausbrachte wie das Berliner Lessing
1893 2620 3079 2674 theater, dürfte eine Parade schöner Frauen veranstalten, die zugleich
1891 2647 3079 2714 brillante Anatol-Weibchen sind. Nur die allerschönste, Fräulein
1894 2689 3069 2745 Reinau, war als Tame im „Weihnachtseinkaufe" zu mädchenhaft, zu
1893 2735 3076 2784 wenig mondain und zu wenig wienerisch. Offenbar mit Rücksicht
1893 2769 3081 2830 darauf hatte ihr auch die — sonst sehr geschickte — Regie eine Straße
1894 2809 3066 2861 gestellt, deren Läden auf eine kleine Provinzstadt raten lassen. Ur¬
1894 2850 3061 2904 wienerisch war natürlich Frau Glöckner als Annie im „Abschieds
1901 2883 3073 2940 souper". Die ihrer eigenen Diskretion im Schlaf nicht ganz sichere Cora
1893 2930 3066 2984 gab Fräulein Hannemann, das huschelige Zirkusweiberl Fräulein
1894 2968 3069 3017 Müller, die schlagkräftige Letzte, die ihr „auf Wiedersehen in der
1893 2999 3073 3050 Ehe" so siegessicher herausschmetterte, Frau Galafrés — alle
1894 3035 3069 3096 zum Anbeißen. Herr Kramer als Anatol war wohl poetisch und
1891 3086 3064 3137 melancholisch, auch paredistisch pathetisch genug, aber doch etwas schwer,
1893 3114 3064 3173 fast müd. In „Anatols Hochzeitsmorgen" aber erinnerte er sehr lustig
1898 3156 3064 3205 an / einen jungen Tewele oder Richard Alexander. Er wurde überhaupt
1893 3187 3084 3271 von Episode zu Episode besser. Sehr brav war auch der Max des
1888 3227 2171 3307 Herrn Lackner
