3296 4224
158 178 500 297 4.9. An
540 198 673 268 to
1272 198 1636 283 box 8/6
969 201 1065 268 lu
969 232 1068 305 .
1371 921 1727 1009 Telephon 12.801.
1351 1037 1436 1099 -
805 1043 1402 1142 OBSERVI
656 1130 1716 1218 1. österr. beh. konz. Unternehmen für Zeitungs¬
859 1179 1515 1258 Ausschnitte und Bibliographie.
831 1212 1554 1317 Wien, I., Concordiaplatz 4.
1043 1289 1340 1376 Vertretungen
647 1311 1713 1422 in Berlin, Brüssel, Budapest, Chicago, Cleveland, Christiania,
653 1388 1713 1461 Genf, Kopenhagen, London, Madrid, Mailand, Minneapolis,
650 1419 1710 1521 New-York, Paris, Rom, San Francisco, Stockholm, St. Peters¬
1037 1472 1320 1529 burg, Toronto.
989 1504 1371 1594 allemands dans la
644 1535 1012 1656 Ausschnitt aus
992 1597 1583 1701 Schwäbischer Merkur
639 1662 783 1749 von
1150 1670 1433 1783 a
755 1775 1667 1826 K. Hoftheater in Stuttgart.
1778 1738 2897 1826 7 Stigen wurden ausgewählt und wie zu erwarten war, haben
837 1800 1571 1885 „Anatol“ von Arthur Schnitzler.
1775 1820 2891 1865 unter ihnen das schon länger dem deutschen Theater einver¬
647 1823 1755 1905 Stuttgart 5. Sept. Das K. Höfen eröffnete gestern
1781 1857 2900 1911 leibte Abschiedssouper und der Schluß des ganzen, Anatols
636 1891 1758 1947 die Reihe seiner Erstaufführungen mit einer Neuheit, die im
1781 1899 2897 1959 Hochzeitsmorgen, den stärksten Eindruck gemacht. Gespielt
633 1936 1755 1993 Grund keine ist. Schnitzlers „Anatol“ ist schon 1892 als das
1781 1942 2897 1998 wurde aber auch ganz vorzüglich. Zwar wußte Raoul Aslam
639 1981 2888 2032 Erstlingswerk des damals 30jährigen erschienen. Die in ihrer seinem Anatol weder in der Maske noch in der Darstellung
639 2029 1758 2077 ganzen Gestaltung merkwürdig reife Dichtung trug schon alle
1783 2024 2897 2083 ganz die verfeinerte Geistigkeit zu geben, die er nach des
633 2072 1752 2123 Züge von Schnitzlers literarischem Charakter scharf ausgeprägt
1781 2077 2897 2123 Dichters Absicht haben soll, doch hat er seine umfangreiche
627 2120 1755 2159 an sich, seine sichere Beobachtung der Wirklichkeit, seinen aus¬
1781 2117 2897 2173 Rolle mit großer Frische und glücklichem Humor gespielt, und
630 2151 1747 2210 gesprochenen, aber durch ein weiches Stimmungselement ge¬
1781 2159 2894 2219 Hermann Blank bot ihm mit seiner gewandte Verkörperung
625 2202 1755 2253 milderten Naturalismus, seine Vorliebe für das rauschende
1775 2202 2891 2258 von Anatols Freund, dem Durchschnittsmenschen Max eine
639 2241 1747 2298 Großstadtleben Wiens mit seiner sinnenfreudigen schwülen
1781 2244 2888 2295 Folie, von der er sich kräftig abheben konnte. Neben den
633 2272 2891 2340 Atmosphäre und endlich seinen geistvollen Feuilletonismus, der zwei Männerrollen, die das Stück allein verlangt, treten als
639 2320 2888 2380 sich am liebsten in den kleinen Formen der dramatischen Skizze eine bescheidene, aber charakteristische Auswahl aus der Zahl
630 2371 2888 2425 ausgibt. Es besteht aus einer glänzenden Folge von in sich der Frauen, die Anatol besessen, 5 Frauengestalten. Ein so reiches
627 2405 1744 2470 geschlossenen Augenblicksbildern aus dem Dasein eines Lebe¬
1775 2414 2883 2464 Aufgebot von Mitspielerinnen rief fast alle weiblichen Sterne
608 2445 1749 2510 Ananns, dessen Widersprüche und innere Unwahrheit es mit
1772 2453 2886 2510 unseres Schauspiels zu edlem Wettstreit auf die Bühne. Den Preis
633 2493 2883 2549 sprühendem Humor ans Licht stellt. Aber die Dichtung geht gewannen unstreitig Grete Lorma mit ihrer entzückenden
625 2535 1744 2592 nicht auf in der komischen Spiegelung des großstädtischen
1778 2546 2880 2603 Wiedergabe der urwüchsigen, durch keine Sentimentalität be¬
622 2575 1741 2643 high life. Ihre Lustigkeit hat einen ernsteren Hintergrund
1783 2580 2897 2643 schwerten Annie im Abschiedssouper und Emmy Remolt mit dem
625 2620 1744 2671 das Werk entwirft das Bild einer unter der Herrschaft der
1772 2631 2886 2679 in derbem Humor gegebenen Gegenstück dazu, der der stür¬
625 2662 1741 2719 Moderne weit verbreiteten Krankheit, die darin besteht, daß
1775 2674 2888 2727 mischen rachsichtigen Ilona des Hochzeitsmorgens. Aber auch
622 2710 2894 2764 man in einer Sensibilität, die wehrlos jedem Eindruck preis¬ die Damen Kunniger, Feldhofen und Pfeiffer, denen der
625 2758 1744 2801 gegeben ist, das Kennzeichen einer vornehmen Natur und die
1772 2756 2900 2812 Dichter keine so dankbaren Rollen zugeteilt hat, haben das
622 2804 2583 2866 Garantie eines verfeinerten Lebensgenusses sieht. Schnitzlers Ihre zum Gelingen des Abends beigetragen.
639 2838 1732 2891 „Anatol“ ist ein Schwächling dieser Art, der stolz auf sein
616 2863 1738 2934 Schwäche ist und das wird ihm zum Verhängnis. Nicht star¬
625 2925 1741 2973 genug, seine Leidenschaften zu zügeln, als Zögling einer hohen
616 2968 1741 3024 Kultur zu reich und zu sein organisiert, die Liebe obenhin
622 3007 1735 3061 in gedankenlosem Leichtsinn wie sein Freund Max zu genießen,
622 3050 1741 3115 läßt er sich durch ein gesteigertes Bedürfnis nach immer neuen
622 3092 1738 3146 farbigen Eindrücken vom Leben in verzehrender Hast von einer
616 3140 1732 3199 Liebe in die andere treiben, bis er im letzten Stück sich müh¬
622 3177 1741 3236 sam den Armen eines leidenschaftlichen Weibes anträgt, um
610 3225 1738 3276 erschöpft und kraftlos geworden im Fühlen und Wollen in
608 3270 1730 3329 eine konventionelle, von vornherein zerrüttete Ehe zu wanken
610 3312 1619 3375 über der seine Vergangenheit als drohende Wolke steht.
630 3349 1738 3408 Daß das an literarisch höher stehenden Stücken nicht eben
613 3394 1735 3448 reiche Theater der Gegenwart gut daran getan hat, sich der
610 3440 1738 3490 Dichtung Schnitzlers anzunehmen, hat der lebhafte Erfolg des
602 3485 1761 3555 gestrigen Abends bewiesen. Die 5 bühnengemäßesten von den
