3484 4256
365 72 1351 139 geenderlosen Streiche
1402 105 1494 149 von
377 131 1493 199 Seite eines Publikums erringen zu wollen, das sich
369 187 1488 238 nur selbst richtet, wenn es in dem Sumpf nicht
372 226 1490 299 schamrot wird. Man wird sich nach der Lektüre bezw.
365 281 1493 332 nach dem Anhören der sieben Einakter vergebens fra¬
372 328 1493 394 gen, welch anderer Grund den Verfasser zu dieser
369 380 1491 433 Pornographie veranlaßt haben mag als eben die Freu¬
359 430 1491 505 de an ihr. Kein anderer leitender Gedanke verbindet
370 472 1491 541 sie als die verschiedensten Abwandlungen von Treu¬
360 524 1485 597 und Ehebruch, von Dirnentum und Stimmungsduse¬
359 569 1494 641 lei. Die Stimmung ist bei Anatol überhaupt die
360 626 1497 698 Hauptsache. Sie ersetzt ihm die Grundsätze, von denen
363 664 1488 743 sich andere leiten zu lassen pflegen, und nach der
370 721 1485 786 Fähigkeit, eine Stimmung mit empfinden zu kön¬
359 770 1488 831 nen, beurteilt er die Menschen. In die weihevollste
359 824 1480 880 Stimmung aber versetzt ihn und nach seiner Mei¬
359 875 1483 929 nung auch andere eine matte Hängelampe, beson¬
360 912 1488 986 ders wenn sie grün=rot schimmert. Ein sonderbarer
358 962 1488 1026 Herr ist dieser Anatol, nervös bis zur Gereiztheit,
360 1012 1490 1081 hält sich für eine enorm ehrliche Natur“, da er sich
356 1063 1483 1124 von einer lossagen will, die er nicht mehr liebt,
360 1124 1483 1180 und nennt sich im übrigen einen leichtsinnigen Me¬
359 1158 1483 1210 lancholiker. Die Aufführung des Werkes begegnet gro¬
369 1206 1491 1263 ßen Schwierigkeiten. Erstens kann man kaum alle
369 1257 1477 1321 sieben Akte auf einmal spielen und das bewirkt, daß
359 1311 1483 1363 man noch weniger versteht, was Schnitzler eigent¬
359 1361 1488 1413 lich sagen will. Ich konnte deshalb beim Verlassen
353 1412 1488 1476 des Theaters mehrfach Aussprüche hören wie: „Das
356 1457 1485 1508 war heute wieder einmal ein Blödsinn“. Dann er¬
365 1505 1488 1568 fordern die einzelnen Akte eine Ausstattung, wie sie
359 1555 1488 1610 unser Gerümpel nicht zu bieten vermag. Man hatte
359 1602 1483 1657 in dieser Hinsicht zwar alles mögliche getan, aber
359 1647 1485 1707 im zweiten Akt z. B. („Weihnachtseinkäufe") nicht
359 1702 1476 1755 zu befriedigen vermocht. Das dritte ist der Um¬
362 1745 1488 1807 stand, daß die sogenannte Pointe immer am Schlusse
353 1802 1488 1853 erscheint, in wenigen Worten liegt und deshalb leicht
355 1846 1485 1911 verloren gehen kann. Tatsächlich ist sie auch im ersten
359 1891 1485 1959 und zweiten Akt („Frage an das Schicksal und
356 1947 1483 2005 „Weihnachtseinkäufe") zum Großteil wegen der
350 1998 1480 2049 Husterei im Zuschauerraum halb verloren gegangen.
356 2043 1483 2094 Die vierte Schwierigkeit liegt im Treffen der Stim¬
353 2095 1483 2149 mung. Hier hatte Herr Heppner als Anatol das
356 2139 1477 2203 meiste zu leisten. Es stellt seiner Begabung das glän¬
359 2189 1485 2256 zendste Zeugnis aus, daß er bis auf den zweiten Akt
356 2240 1485 2290 immer den richtigen Ton traf. Hier hätte er nicht
365 2284 1485 2342 so spielend, sondern mehr werbend auftreten und die
353 2335 1483 2402 Scheu, von „der da draußen“ zu erzählen, mehr
353 2384 1392 2443 betonen können, dünkt mich. Den Freund Max
353 2430 1480 2493 Lebemänner brauchen Freunde, die ihnen aus der
359 2484 1480 2538 Patsche helfen, dafür aber heimlich mit ihnen die
353 2530 688 2598 Geliebten teilen
751 2528 1487 2598 gab Herr Karma recht gut. In
353 2578 1474 2645 der Besetzung der Damenrollen war man glücklich
359 2623 1478 2693 gewesen. Frau Seidel hatte natürlich die schwie¬
353 2674 1470 2728 rigste übernommen, die Gabriele im zweiten Akt.
356 2724 1480 2785 Wenn die Pointe nicht recht herauskam, so war das
353 2775 1477 2828 nicht ihre Schuld. Ihr ruhiges, feines Spiel be¬
350 2818 1480 2884 währte sich gerade auch hier. Vorzüglich in ihrer
353 2869 1477 2931 Ausgelassenheit war Frl. Schrattenbach als Annie,
348 2918 1485 2979 wild „wie eine von denen, welche beißen, wenn sie
348 2972 1474 3029 lieben" war Frl. Kreß als Ilona, zärtlich und hin¬
356 3016 1477 3086 gebend Frl. Gamina als Cora. Das Publikum
359 3067 1474 3131 spendete erst nach dem dritten und vierten Stücke
359 3113 1443 3174 („Abschiedssouper" und „Anatols Hochzeitsmorgen
356 3169 1480 3242 wärmeren Beifall. Die zwei Akte sind auch allein
348 3212 682 3293 bühnenwirksam.
1756 184 2681 278 4.9. Anatol - Zyklus
1868 1037 2240 1139 und ans.
1995 1122 2786 1212 le
1867 1162 1989 1223 on:
1948 1300 2961 1358 Wohl um dem neu engagierten Bonvivant Herrn
1901 1349 2960 1409 Heppner mehr Gelegenheit zu geben, sein Können
1900 1396 2958 1463 zu zeigen, wurden am Mittwoch aus Arthur Schnitz¬
1903 1441 2961 1515 lers Einakter=Zyklus „Anatol" vier Akte zur
1900 1481 2957 1552 Aufführung gebracht, von denen nur einer, nämlich
1898 1545 2957 1616 „Abschiedssouper, unseres Wissens bisher hier auf¬
1901 1588 2948 1660 geführt wurde. In dem Zyklus stellt der geistvolle
1900 1636 2957 1697 Plauderer Schnitzler weniger tiefsinnige als viel¬
1898 1690 2951 1754 mehr spöttische Betrachtungen über das Kapitel
1897 1737 2954 1802 Liebe und Treue an. Nach seiner Meinung ist die
1901 1785 2954 1854 Erotik das bestimmende Moment im Liebesleben.
1893 1833 2950 1904 Die inzelnen Kapitel geben interessante Aufschlüsse
1897 1881 2951 1952 über das Frauenherz, wenn es liebt. Herr Heppner,
1887 1925 2951 1999 der Zündstoff im Liebesleben der Frauen, zeigte
1900 1979 2951 2050 sich als flotter Lebemann, der es immer furchtbar
1914 2032 2950 2094 erst mit seiner momentanen Liebe nimmt. Im
1887 2078 2948 2138 Auftreten und in der Sprache zeigte er sich als ein
1898 2139 2944 2199 gewandter Schauspieler. Den Freund Max, der die
1890 2175 2941 2244 Aufgabe hat, die Widersprüche des menschlichen
1893 2230 2948 2287 Denkens mit dem Fühlen aufzuzeigen, gab Herr
1883 2280 2940 2348 Karma mit großem Verständnis. Die verschiedenen
1883 2332 2940 2395 weiblichen Typen wurden dargestellt durch die Da¬
1886 2381 2941 2436 men Gamina, Hanny Speidel, Schrattenbach und
1881 2423 2937 2490 Kreß. Sie hatten dankbare Aufgaben, denen sie sich
1888 2470 2933 2545 gewachsen fühlten. Die literarische Malerei Schnitz¬
1887 2525 2938 2584 lers mag sich vielleicht etwas zu greller Farben be¬
1887 2571 2933 2635 dient haben, aber zweifellos zeugt sie von einem
1881 2613 2933 2686 eingehenderen Studium der menschlichen Psyche, als
1886 2680 2935 2742 man es bei Autoren gemeiniglich gewohnt ist. Bei
1884 2715 2933 2786 dieser Gelegenheit zeigte sich wieder, wie gut es
1876 2765 2931 2825 wäre, wenn die Direktion die frühere Uebung beibe¬
1881 2816 2937 2886 halten hätte, im Theaterzettel kurze Erläuterungen
1874 2857 2935 2934 des aufzuführenden Stückes einzuschalten. Ein
1874 2904 2935 2984 Großteil des Publikums fand in den vier Einaktern
1876 2962 2933 3047 keinen Zusammenhang und beurteilte demgemäß
1867 3005 2205 3067 die Darbietung.
2764 3026 2914 3077 —n.
2872 167 3219 274 box 9/1
