3484 4256
288 191 816 293 4.9. Anatol
1404 179 1771 273 box 9/3
1381 463 2294 611 se desde el vos
1411 742 1959 972 DRAMA
2135 2603 2370 2699 -
1364 2764 2221 2878 Affairs of Anator
1431 2907 2326 3014 Author Commende
1688 3054 2437 3147 Canonization
1542 3152 2108 3228 Y DEAR MR. SCHNITZLER
1613 3188 2396 3253 At one time in his eventful career, be¬
1552 3226 2399 3300 lieve it was on the morning of his wedding
1553 3282 2399 3333 when he tried to shake Ilona, who threat-
1559 3323 2405 3381 ened to play enfant terrible, Anatol said
1410 3357 2397 3411 something of the possibility of his going to America.
1409 3400 2405 3448 That was about 30 years ago. In the meantime he
1410 3441 2400 3493 has been seen here quite frequently, but little did
1406 3472 2390 3530 he, or you, his creator, imagine that his popularit.
1410 3515 2404 3575 would reach a point where the public admires him
1404 3556 1737 3619 as a movie hero.
1470 3565 2405 3652 The unexpected has happened. The Affairs of
1404 3635 2404 3690 Anatol have become the topic of the day among
1404 3677 2402 3722 movie fans, male, female and neuter, and there
1408 3710 2402 3769 one who doesn't spear that it is one of the greatest
1404 3751 1609 3816 films ever.
1464 3784 2402 3846 Of course, it was not without a thorough brushing
1408 3838 2402 3886 of his dusty soul that Anatols introduction to film
1409 3874 2414 3928 land was possible. Very much like his brother in¬
1413 3916 2412 3965 spirit, Lilium, he submitted to the process. In the first
1410 3949 2397 4007 place, le consented to an early marriage, the very
1413 3991 2407 4043 last deed you would have him commit. However,
1411 4027 2406 4078 the marriage status provided him with an impen¬
1408 4068 2407 4118 étrable armor against the darts of morality snoopers
1416 4105 2414 4157 might be over into
