3436 4256
1391 129 1750 235 box 8/5
266 139 1197 254 4.9. Anatol - Zyklus
988 886 2629 984 Die Berliner Bühnen. 233
1046 960 2629 1031 Die rücksichtslose, manchmal stilwidrige er gelegentlich aus Originalitätssucht eine
997 1001 1797 1068 Hofmannsthalsche Bearbeitung hat das
1833 1017 2623 1087 Sache gründlich verfehlt; der „Othello"
994 1068 1790 1130 Entsetzen aller Gymnasialoberlehrer erregt
1827 1066 2627 1125 Meister Bassermanns z. B. war kein Mei¬
994 1109 1273 1187 Und dennoch
1833 1117 2629 1179 sterstück; aber Else Heims bot als Desde¬
1042 1166 2627 1220 Der Kampf um die Eintrittskarten ist mona eine poetische Leistung.) Wie Rein¬
990 1213 1801 1269 eine Strapaze, billig sind sie auch nicht, in
1829 1218 2621 1269 hardt Licht und Ton und Tempo und Bild
997 1258 1797 1316 dem halbdunkeln Haus kommt keine einzige
1829 1258 2627 1330 beherrscht, wie er seine Künstler und die
997 1314 1797 1375 Damentoilette zur Geltung, nicht einmal
1833 1318 2623 1371 gewaltige Heerschar seiner Choristen unter
988 1361 1797 1416 eine Pause unterbricht das Spiel, damit
1829 1363 2625 1422 seinen Willen zwingt, das ist bis jetzt nur
999 1410 1801 1459 man die Bekannten hüben und drüben be¬
1829 1408 2192 1473 einmal dagewesen.
2220 1408 2617 1484 Ein Richard Wagner
997 1457 1795 1541 grüßen kann und selbst gesehen wird. Und
1827 1459 2623 1522 besaß die ungeheure suggestive Kraft, um
994 1506 1238 1574 dennoch —
1823 1508 2621 1572 ein großes Kunstwerk so durch alle techni¬
1048 1533 1797 1631 Die dramatische Wucht des Vorganges,
1829 1555 2629 1623 schen Hindernisse von Theaterschlendrian
997 1602 1795 1668 die Spannung, die Steigerung bis zum
2263 1610 2623 1670 Reinhardts macht¬
1827 1606 2226 1670 zum Sieg zu führen.
988 1649 1795 1719 Niederbruch — die uralten Bedingun¬
1823 1657 2623 1717 volle Aufführung der Sophokleischen Tra¬
997 1692 1793 1760 gen des Theaters, um die Aufmerk¬
1833 1705 2619 1766 gödie bildet einen Markstein in der Theater¬
1001 1754 1790 1809 samkeit einer bunt zusammengewürfelten
1827 1758 2623 1811 geschichte. Paul Wegener als König, Tilla
994 1801 1760 1858 Menge festzuhalten sie zu unterhalten
1831 1807 2621 1868 Durieur als Jokaste. Eduard von Winter¬
1001 1850 1790 1913 sind hier eben erfüllt, und sofort belohnte
1829 1852 2625 1915 stein als Kreon haben unter ihrem kleinen
997 1901 1793 1954 es sich. Fünf= bis sechstausend Menschen
1829 1905 2627 1964 großen Feldherrn die Regimenter zum
1001 1950 1786 2005 sind noch jeden Abend, an dem die uralte
1827 1956 2623 2011 Sieg geführt. Zum Sieg auch gegen den
994 1999 2619 2063 Tragödie im Zirkus gegeben ward, in anfangs noch blasiert lächelnden Snobis¬
990 2040 1786 2112 atemloser Spannung dem wirren Schicksals¬
1821 2050 1926 2126 mus.
988 2095 1790 2147 weg des von den Göttern gezeichneten Kö¬
1874 2067 2623 2179 Die erste Szene schon gewann die
994 2144 1790 2196 nigs gefolgt. Sie glauben den unrealistischen
1827 2136 2005 2210 Schlacht.
990 2194 1782 2261 Voraussetzungen nicht und lassen sich den
1874 2187 2640 2275 Dumpfes Getös dringt von draußen her¬
990 2237 1790 2294 noch packen. Und wenn zum Schluß des
1821 2241 2623 2296 in den völlig finster gewordenen Zirkus.
994 2290 1790 2345 Spiels der geblendete König Odipus die
1827 2296 2623 2357 Posaunenstöße in der Ferne. Das Volk
997 2337 1788 2394 Freitreppe von seinem Palast in die dunkle
1817 2341 2617 2396 dringt ein. „Die Gesichter zuerst am Rande
990 2388 1786 2445 Manege des Zirkus hinabtaumelt, Abschied
1817 2392 2623 2453 rückwärts; dann unter dem Druck der Nach¬
990 2435 1788 2492 von seinen Kindern nimmt, so geht es wie
1817 2437 2617 2513 drängenden fluten sie herein wie ein Gieß¬
982 2486 2619 2543 ein leises Schluchzen durch das ganze Haus, bach; auf einmal ist der Platz bis an die
1029 2535 1784 2593 Nach all den kleinlichen, grämlichen
1815 2535 2617 2601 Stufen des Palastes überschwemmt mit
988 2578 1784 2644 Stoffen des überwundenen Naturalismus
1817 2580 2617 2648 ihnen. Ihre Augen sind auf die Tür ge¬
990 2634 2617 2695 hat die Menge Hunger auf große Erschütte= richtet, ihre Lippen wiederholen wie eine
988 2683 1144 2744 rungen.
1817 2685 2613 2746 Litanei: „Odipus, hilf uns! Hilf uns,
1035 2713 1516 2791 Sie will wieder Theater
1817 2732 2617 2789 König! Die schwere Tür des Palastes tut
1035 2771 1795 2842 Daß ein moderner Regiemeister wie
1829 2785 2615 2836 sich jäh auf. Eine Stille. Odipus tritt
990 2822 1788 2881 Professor Max Reinhardt keine Meininge¬
1823 2824 2570 2908 heraus. Alle Arme recken sich zu ihm."
988 2873 1790 2951 rei gibt, erst recht keine Kulissenreißerei, ist
1868 2871 2617 2945 Dieses Bild des von Pest und Hungers¬
988 2924 2617 2994 klar. Er hat alle Schulen absolviert, kann not heimgesuchten Volkes, dieser Hunderte,
997 2977 2631 3043 seinen ehemaligen Lehrer Brahm schon die die nackten Arme hilfeflehend zu ihrem
988 3018 1778 3082 längst in die Tasche stecken, und die eng
1817 3020 2615 3098 König ausstrecken, gab mir die größte Büh¬
984 3065 1784 3135 lischen Ausstattungskünste, auf die man
1817 3078 2472 3133 nenwirkung, die ich je erlebt habe.
988 3112 1784 3172 drüben eine ganze Season gründet, dienen
1862 3129 2433 3194 Tausenden erging es wie mir.
988 3170 1784 3227 ihm nur als gelegentliches Hilfsmittel.
1860 3161 2627 3233 Schauspieler, Chor und Maschinerien,
990 3219 1786 3290 Er hat den Stil einer großzügigen szenischen
1815 3213 2611 3288 Haus und Regisseur sind da, um einer
988 3268 1784 3321 Kunst gefunden. Er ist der größte Regis¬
1817 3274 2613 3342 großen neuen Theaterkunst zu dienen. Es
994 3319 2241 3405 seur aller Zeiten. (Das hindert nicht, daß fehlen nur die Stücke.
