3436 4256
578 57 2875 149 angeordneten, welche Ergebnis der die Wahrheit über die Tree einer Beesten er¬
581 135 2872 189 Theaterbetr. bis zum Ende der Spielzeit, das ist bis zum gebracht, dann, irre ich nicht, die „Episode“ — wie steigt
1741 178 2872 223 hier aus vergilbten Liebesbriefen wieder eine ganze verklungene
576 178 1713 229 31. August 1925, zeitigen wird. Je größer dieses Ergebnis
1747 223 2869 269 Jugend auf! Dann gab das Volksthater den ganzen Zyklus
587 226 1707 275 desto geringer würden die Ansprüche des bekanntlich an
1744 258 2858 309 Man weiß noch, wie der Dialog in den „Weihnachtseinkaufen
578 266 1713 321 Teilung spielenden Personals für Gagen und Löhne werden
1750 304 2872 352 zwischen Gabriele, der jungen Frau der Gesellschaft, und dem
673 309 1715 364 Der Pachtschilling für die Spielzeit 1921/22 und
1747 344 2869 392 verliebten Schwärmer Anatol, der ihr zuerst von den süßen
587 335 1710 424 1922/23 für die Direktionsara Bernan ist noch unberichtigt
1738 384 2875 427 verschwiegenen Erlebnissen der Vorstadt erzählt, wie diese Szene
570 407 1713 458 Den Verbindlichkeiten stehen also gegenüber: die 399/1260
1741 427 2872 478 auf dem verschneiten Christkindlmarkt eingeschlagen, und erst
581 447 1715 504 Anteile des Carl-Theaters, die Erbansprüche der Frau Eiben¬
1744 464 2872 510 „Anatols Hochzeitsmorgen", wo der liebenswürdige Sünder, von
581 501 1715 550 schütz an die Verlassenschaft nach ihrem Gatten und ihre
1741 507 2872 558 den Armen seiner Freundin festgehalten, beinahe zur eigenen
590 544 2878 610 Forderungen gegen Direktor Alfred Bernau, Direktor Hochzeit zu spät gekommen wäre. Erst da man den ganzen
581 581 2875 664 Siegfried Geyer und den Verleger Julius Feuchtinger Zyklus an sich vorüberziehen sah, erkannte man seinen
1735 624 2869 679 künstlerischen Timbre, den man jetzt wieder in der Reinhardt
578 630 842 704 in Stuttgart.
1741 664 2875 719 Aufführung erkennt. So groß der Weg ist, den Schnitzler seit dem
570 684 1718 762 Antrag auf eine 25prozentige Ausgleichsquete.
1744 713 2872 756 „Anatol“ bis zum „Jungen Medardus" und dem „Schleier der
1747 750 2875 799 Beatrice" gegangen, man findet die Spuren dieses Erstlings noch
676 756 1718 822 Schließlich wird in dem Ansuchen erklärt, daß nicht
1741 793 2869 848 bis zuletzt in der „Komödie der Verführung“. Darum dank
576 813 1710 868 nur die Hausanteile und der Theaterfundus schwer zu
1747 830 2869 885 man es Reinhardt, daß er uns jetzt, da man das reiche Schaffen
578 853 1715 914 realisieren, sondern daß auch die Geldforderungen schwer herein¬
1744 876 2872 925 eines reisen Meisters zu übersehen vermag, durch diese Aufführung
570 899 1713 974 zubringen sein werden. Aus diesem Grunde wird eine Aus¬
1741 919 2875 965 Einblicke und Rückblicke in diese scharmanten Anfänge gewährte.
581 948 1718 1008 gleichsquote von 25 Prozent zahlbar in
1747 954 2875 1005 Ueber die Darstellung ist bereits gesprochen worden. Sie trug
1744 997 2875 1045 vor allem durch Waldaus reizvolle Dialogkunst als Anatol,
570 997 1134 1065 22 Raten beantragt.
1741 1034 2878 1088 Reiner als Max, Fräulein Kneidinger, Fein, Hagen,
673 1017 1715 1088 Unter den Angestellten hat die Nachricht, daß Frau
1750 1082 2878 1134 Frau Terwin-Moissi und durch die überschäumende
581 1065 1718 1143 Direktor Eibenschütz einen Ausgleichsantrag eingereicht
1741 1123 2875 1166 Lustigkeit Fräulein Geßners unter Paul Kalbes klug
578 1134 1713 1186 hat, große Bestürzung hervorgerufen. Die Direktion hatte
1741 1163 2875 1234 abtönender Regie zum vollen Erfolg des Schnitzler=Abends bei¬
581 1174 1713 1229 diese Aktion überaus diskret behandelt, damit die gestrige
578 1226 1710 1280 Premiere der Operette „Sonja" nicht gestört werde. Ins
1884 1234 2875 1317 Im Burgtheater gelangt Sonntag den 8. d., nach¬
578 1272 1713 1326 besondere die Musiker und Theaterarbeiter sind in große
1753 1297 2875 1357 mittags 3 Uhr, außer dem Abonnement, zu besonders ermäßigter
578 1312 1713 1369 Erregung und machen das darstellende Personal für der
1755 1343 2881 1398 Preisen die Posse „Der Zerrissene" von Johann Nestroy
584 1363 1713 1420 finanziellen Zusammenbruch der Frau Eibenschütz verant¬
1755 1386 2884 1432 zur Aufführung. Es wirken mit die Damen Glossy und Seidler
576 1406 1713 1463 wortlich. Die erstgenannten Gruppen erklären, diese
1753 1420 2881 1475 sowie die Herren Baumgartner, Heim, Heller, Huber, Maier¬
581 1446 1718 1509 Situation wäre zu vermeiden gewesen, wenn die Klagen
1747 1461 2741 1512 hofer, Moncza, Müller, Thaller, Wawra und Karl
2769 1469 2884 1526 Zeska.
581 1501 1710 1566 zweier Chormitglieder gegen Frau Eibenschütz auf Zahlung
1753 1506 2884 1558 Abends 7 Uhr, wird zu erhöhten Preisen Monars Spiel „Die
1741 1538 2878 1592 rote Mühle gegeben unter Mitwirkung der Damen Hrub
567 1541 1489 1601 der ganzen Gage zurückgezogen worden wären.
1753 1587 2884 1632 (Französin), Mell, Pünkösdy, Roland, Wall und Wilke sowie
676 1572 1718 1647 Aus Freundeskreisen der Frau Direktor Eiben¬
1750 1629 2881 1684 der Herren Baumgartner, Blum, Danegger, Eidlitz, Friedl,
578 1635 1721 1684 schütz wird mitgeteilt, daß sich bereits ein ernster
1750 1670 2881 1727 Heller, Höbling, Huber, Horn, Karsten, Moncza, Pranger, Georg
581 1684 1718 1738 Reflektant auf das Theater gemeldet habe, der aber erst die
1744 1710 2881 1787 Reimers, Emmerich Reimers, Seydelmann, Strebinger, Wawra,
581 1727 1655 1793 Ordnung des Ausgleiches abwarten und noch nicht gene
1744 1755 2271 1824 Wiesner und Philipp Zeska.
576 1778 851 1850 werden wolle.
1902 1776 2881 1847 Im Akademietheater geht als Vorstellung des
1741 1833 2878 1893 Burgtheaters Sonntag den 8. d., nachmittags 3 Uhr, zu be¬
773 1844 1524 1913 Theater= und Kunstnachrichten.
1750 1881 2881 1933 sonders ermäßigten Preisen die Komödie „Garten der
670 1907 1715 1979 [Schnitzlers „Anatol“ im Theater in der
1758 1924 2878 1970 Jugend von Thaddäus Rittner in Szene mit den Damen
581 1959 1724 2028 Josefstadt.] Nun hat Arthur Schnitzlers Einakterreihe
1747 1962 2878 2016 Albach=Retty, Hollbrandt, Mayen, Mayer, Mell und Witt sowie
581 2010 1718 2062 „Anatol“ wieder in das Theater in der Josefstadt heimgefunden
1747 2002 2878 2059 den Herren Arndt, Aslan, Blum, Horn, Karsten, Lohner,
570 2045 1718 2102 der Stätte, von der aus, an den literarischen Abenden Jarnos,
1744 2048 2881 2102 Moncza, Pranger und Seydelmann. Abends halb 8 Uhr gelangt
578 2088 1715 2136 diese von Geist, Laune und Anmut blitzenden Dialoge zuerst ihrer
1747 2088 2881 2139 zu erhöhten Preisen die Komödie „Mama Nicole“ von
578 2125 1721 2179 Weg — einen glänzenden Weg des damals nur von wenigen
1747 2131 2881 2179 Jacques Bousquet und Paul Armont zur Aufführung. Es wirken
584 2168 2881 2228 geahnten Erfolges — genommen haben. „Anatol“ bei Reinhardt, mit die Damen Albach=Retty, Rita Burg, Seidler und Witt sowie
1753 2214 2698 2274 die Herren Arndt, Aslan, Devrient, Heim und König.
584 2205 1718 2259 In dieses wienerische Haus, das auf kultiviertesten Geschmack
587 2248 1715 2305 auf Behagen, elegante Heiterkeit gestimmt ist, gehörten diese Luft¬
1913 2251 2884 2314 Im Operntheater kommt Sonntag den 8. d.
590 2297 1724 2360 spielminiaturen längst, die dem naiven Theaterbesucher wie dem
1753 2302 2881 2351 „Rienzi" mit den Damen Born, Paalen und Radl sowie den
590 2343 2878 2397 seinschmeckerischen Genießer gleicherweise kleine funkelnde Kost=Herren Schubert, Zee, Renner, Mayr, Gallos und Ettl zur Auf¬
584 2380 1718 2434 barkeiten der wienerischen, fast möchte man jetzt schon sagen, der
1755 2383 2887 2454 führung. Musikalische Leitung: Herr Direktor Schalk, Anfang
581 2420 1718 2477 altwienerischen Kunst bedeuten. Als vor dreißig Jahren
1747 2423 2245 2486 halb 7 Uhr. Erhöhte Preise.
578 2460 1621 2520 oder ist es schon länger her, diese Bluetten,
1887 2451 2875 2529 In der Volksoper gelangt morgen Sonntag, nach
584 2506 1710 2569 pariserisierenden Geist mit heimatlichem Sentiment ver
1741 2517 2884 2569 mittags, bei bedeutend ermäßigten Preisen „Cavalleria
578 2543 1721 2606 einten, zuerst erschienen, war das junge Wien von
1750 2560 2884 2603 rusticana“ und hierauf „Der Bajazzo“ mit Herrn
587 2600 2878 2652 damals entzückt. Hier war ein völlig neuer Ton angeschlagen. Hier Kammersänger Heinrich Tiemer als Gast als Tonio zur Auf¬
578 2632 1721 2683 war Grazie und Uebermut, die an die Proverbs des jungen
1755 2640 2887 2692 führung. Abends findet eine Wiederholung der „Gräfin
584 2669 1713 2726 Alfred de Musset gemahnten. Hier war aber noch etwas
1750 2678 2065 2749 Maria" statt.
590 2706 1713 2764 Besonderes, das einen zwang, diesem Dichter nicht bloß zuzu
1944 2703 2887 2778 Im Deutschen Volkstheater wird
578 2749 1721 2821 hören, weil man ein starkes Talent, sondern ihm zu liebe, weil
1755 2766 2884 2818 Alexander Moissi in dieser Spielzeit zum erstenmal in
578 2798 1715 2852 man die reizvolle Menschlichkeit darin spürte. Ein Zauber war
1750 2812 2898 2867 Schnitzlers „Paracelsus" und in Tolstois „Er ist
578 2835 1721 2892 darin, dem man sich auch heute nicht, denkt man nur an
1744 2852 2887 2904 an allem schuld“ spielen. Mittwoch den 11. d. findet die
584 2875 1713 2941 „Anatol, den leichtfertigen Melancholiker, an den feinen Spötter
1744 2892 2887 2958 50. Wiederholung von Shaws dramatischer Chronik „Die
578 2921 1710 2978 Max und an die süßen Mädchen“ Cora, Annie, Bianca und
1741 2932 2282 2990 heilige Johanna" statt.
578 2961 1721 3036 wie sie sonst noch heißen mögen, nicht zu entziehen vermag. War
1907 2964 2881 3056 Im Theater in der Josefstadt wird nach
584 2998 1715 3064 es die leichte Melancholie, die diese gewichtlos heiteren, kleinen
1750 3021 2878 3079 Rückkehr Hermann Rombergs von seinem Urlaub Mittwoch
587 3050 1718 3099 Szenen umflorte? War es die verhangene Poesie, die man aus
1750 3070 2878 3113 den 11. d., abendes halb 8 Uhr, das Schauspiel „Aimée“ von
587 3081 1715 3139 diesem scheinbar nur spielerischen Bekenntnissen spürte? War
1755 3110 2878 3156 Paul Geraldy wieder in den Spielplan aufgenommen. Die
587 3124 1710 3179 es die Atmosphäre einer ganzen Gesellschaft mit ihrem Froh= und
1750 3147 2872 3199 einmalige Fremdenvorstellung von „Ein Sommernachts¬
584 3164 1715 3225 Feinsinn einer ganzen Stadt, die einem durchaus entgegenwehte
1750 3193 2881 3239 traum“ findet morgen Sonntag, halb 3 Uhr, in der bekannten
587 3210 1652 3265 Was immer es gewesen: Jeder fühlte und fühlt es noch
1750 3227 2872 3282 Besetzung statt. Um halb 12 Uhr vormittags desselben Tage¬
587 3247 1715 3313 hier waren von einem Künstler Bilder in neuen, zarten und
1755 3270 2875 3328 findet eine Tanzmatee der 13jährigen Tänzerin Mund
593 3290 1721 3348 heiteren Farben festgehalten, hier war von einem jungen Können
1755 3310 1999 3382 Bulla statt.
593 3342 1724 3396 der Lustspielform ausgesprochen, was jeder gern ausgesprochen
1899 3342 2869 3431 Im Carl-Theater beginnen ab heute die Abend
596 3382 1727 3434 hätte und was fortan irgendwie nicht mehr vorgedacht werden
1755 3402 2821 3471 vorstellungen der neuen Operette „Sonja" um halb 8 Uhr.
584 3416 1718 3491 konnte. So empfand es das junge Wien von damals, ein noch
1884 3428 2875 3497 Das Ensemble des Pariser Theatre du Grand
593 3459 1715 3520 enger Kreis, und war entzückt. Aber niemand, und wahrscheinlich
1755 3485 2875 3545 Guignol ist gestern früh hier eingetroffen. Das Gastspiel
596 3502 1727 3551 am wenigsten der Autor selbst, der damals noch zwischen
1747 3537 2884 3588 kann nur heute Samstag und morgen Sonntag im Neuen
596 3542 1724 3600 Poesie und Literatur schwankte — die Autoren sagten, er sei
1755 3571 2878 3640 Wiener Stadttheater stattfinden, da die Pariser Gäste
590 3583 1721 3643 vermutlich ein vortrefflicher Arzt, die Aerzte meinten, er wäre
590 3620 2434 3703 gewiß ein begabter Poet — nein, niemand hätte im Ernst bereits Montag in Budapest auftreten.
