3484 4224
327 175 1284 307 4.9. Anatol - Zyklus
1437 197 1798 292 box 9/1
2067 153 3013 205 der gestern über unsere Bühne ging. Und
2060 197 3009 257 wahrlich, dieser Anatol, entstanden vor 18
2073 250 3009 312 Jahren, ist nicht Schnitzler, er ist nur Wien,
2071 293 3021 358 oder was hinwieder gleich ist: das in Anatol
2067 347 3012 402 personifizierte Wien, die leichtlebige, gemüts¬
2077 397 3016 461 flatternde Stadt. Anatol, der nur unterhält,
2071 452 3012 498 nicht aber der tiefere Schnitzler, der an die
2067 492 3006 554 Wurzel der Dinge greift, um das Tiefseelische
2065 537 2298 603 zu zeigen.
2184 562 3015 642 Das gestrige Premierpublikum des Anatol
2061 628 3012 715 war entweder durch den ungarischen Ueber¬
2242 685 2894 801 Beerburger Zeitung.
2077 781 3016 851 setzer oder durch den Regisseur irregeführt, als
2070 845 3017 908 der Theaterzettel ein Lustspiel ankündigte. Denn
2067 883 3022 951 Anatol ist kein Lustspiel und will auch nicht
2061 935 3021 993 als solches hingenommen werden. Einen Zyklus
2065 985 3010 1041 von Einaktern hat ihn der Autor bezeichnet.
2070 1038 3009 1090 Aber auch das ist es nicht. Es sind nur lose
2067 1083 3009 1139 Skizzen, denen nur die Person Anatols
2066 1135 3009 1195 den roten Faden der Zusammengehörigkeit
2061 1178 3000 1232 verleiht. Tändelnde, im Takt dahintanzelnde
2070 1224 2991 1293 Szenen. Hingehauchte Miniaturen, nur hie un
2065 1275 3006 1339 da etwas wie von einem Tropfen Blutes ge¬
2065 1317 3000 1378 färbt, von einem Tautropfen der Wehmut über¬
2065 1376 3003 1433 zogen. „Die große Frage." „Der Weihnachts¬
2065 1426 2849 1482 markt." „Episode.“ „Abschieds nachtmahl.
2879 1427 3006 1491 „Ana¬
2054 1467 3006 1546 tol hält seine Hochzeit heißen diese Skizzen, in
2061 1513 3016 1585 welchen sei und immer augenscheinlich der¬
2190 1567 3000 1626 Anato scheint, Anatol der Liaisons
2139 1614 3001 1675 t und, der auf Termingeschäfte ein¬
2058 1666 3012 1735 richtet ist, er seine Geliebte ebenso verläßt
2127 1723 3006 1773 wie seinen Regenschirm in der Ecke eines
2055 1766 3006 1830 Kaffeehauses und erst nach Wochen den Verlust
2055 1823 3010 1897 wahrnimmt, als er bereits einen neuen Regen¬
2061 1860 3007 1933 schirm in der Hand hält... Und dennoch:
2058 1915 3009 1983 Anatol ist stets anders und steht in voller
2059 1963 2743 2032 Buntheit seiner Gefühle vor uns.
2178 2017 3006 2071 Die Szenen wurden mit einer stilgerechten
2061 2055 3006 2127 Beweglichkeit von den Herrn Gözon (Anatol)
2055 2115 3006 2174 und Ladányi (Mox) und von den Damen
2052 2162 3006 2221 Klementine Nemes (Cora), Julia Sandor
2067 2202 3004 2275 Gabrielle), Giza Gergely (Bianca), Jenay
2059 2254 3010 2315 Harmath (Annie und Ilona) auf die Bühne
2058 2305 3003 2371 gestellt. Béla Gözon personifizierte mit einer
2053 2355 3004 2428 virtuosen Gelassenheit Anatol und dennoch ließ
2049 2403 3009 2462 er mit fagettenartiger Reichhaltigkeit die kleinen
2049 2443 3003 2511 Stürme in seinem Innern durchglitzern. Dem
2053 2486 3000 2554 Max Ladányis mangelte es an genügender
2049 2549 3009 2605 Leichtigkeit. Diese Rolle darf nicht an den
2049 2604 2994 2664 abgelegten Kothurn erinnern. Ton und Be¬
2048 2647 3000 2719 wegung erheischen eine leichte und leichtfertige
2055 2690 2998 2768 Salonbonhomie. Von Holofernes bis zum Mox
2060 2738 3000 2811 führt nur ein — Rückweg ... Echte
2049 2794 2994 2858 Weiblichkeit zeigte und Frl. Jenny Harmath,
2048 2830 2997 2910 gegen Julia Sandor diese Weiblichkeit
2053 2891 2991 2950 (die ewig und süß ist) nur pointiert.
2043 2940 2997 2999 Die Fräuleins Klementine Nemes und Giza
2047 2988 2998 3071 Gergely hatten nur Gelegenheit — liebens¬
2037 3043 2785 3094 würdig zu sein. Und sie waren es
2166 3097 2994 3166 Der Nar Morgen Donnerstag tritt
2037 3140 2988 3208 Die Por in der melodienreichen
2041 3186 2164 3247 Oper
2245 3182 2985 3254 „Der er auf, welche zu seinen
2037 3242 2988 3308 besten Rollen zählt. Die Partnerin ist Frl.
2040 3284 2997 3365 Ferike Pastor Außerdem sind die besten
2029 3336 2717 3403 Kräfte des Ensembles beschäftigt.
2330 3388 2701 3472 Wochenrepertoir:
2035 3436 2982 3530 Samstag und Sonntag: „A buksi“ von Gil¬
2154 3512 2988 3579 bert, dem Komponisten der „Keuschen
2150 3564 2988 3643 Susanna, ständiges Repertoirstück des
2147 3608 2693 3694 Kiralnkin hat in Budapest.
