3436 4256
1210 203 2358 275 THE SATURDAY EVENING POST
1441 2671 2154 2768 Jesse L. Lasky presents
2026 2723 2705 2886 as
1972 2947 2660 3048 ornator
958 2951 1622 3083 Demille
1137 3109 2533 3220 With the greatest all star cast ever
1238 3211 2413 3328 assembled in one photo-play
1867 3328 2671 3391 bobbed-headed Jazz Girl; Theodore
1059 3316 1798 3404 fewer than a dozen stars in this
1864 3371 2679 3438 Roberts, the Man of Iron and Dough;
1022 3370 1619 3465 great Paramount Picture.
1867 3420 2672 3493 Agnes Ayres, who loves pretty clothes
1040 3441 1791 3504 Wallace Reid, the young husband a
1871 3472 2679 3524 more than her husband's good name;
989 3486 1791 3559 little out of sorts with a continual die
1871 3519 2664 3577 Theodore Kosloff, the Hindu Hypo¬
993 3551 1798 3599 ofkisses; Gloria Swanson, the cunning
1862 3561 2669 3631 tist; Polly Moran, in a riotous comedy
996 3585 1798 3648 little bride who tries in vain to nourish
1867 3601 2700 3664 rôle ; Raymond Hatton, as a quaint
996 3629 1796 3690 him on a sugar diet; Elliott Dexter,
1867 3651 2705 3705 old music instructor; and Julia Faye,
996 3671 1796 3738 friend and shock-absorber who tries
1867 3698 2679 3759 as the guardian of the leopard in the
996 3721 1801 3797 to prevent their matrimonial bark from
1871 3747 2664 3824 most exotic apartment you ever saw
996 3782 1796 3834 going on the rocks; Bebe Daniels, the
1925 3792 2686 3857 The gorgeousness of the settings and
1026 3815 1803 3881 wickedest woman in New York;
1883 3848 2681 3909 the luxury of the costumes will delight
1002 3858 1801 3921 Monte Blue, the farmer who spends all
1873 3898 2674 3966 you. The photoplay weaves enchant¬
996 3905 1803 3961 his money on the farm and none on his
1876 3945 2613 4027 ment in a new and sumptuous way.
1000 3950 1800 4039 pretty wife; Wanda Hawley, a
2933 188 3331 270 September 24,192
