3436 4320
265 165 779 265 4.9. Anatol
611 162 1187 276 Zyklus
405 944 1452 1065 Bitte Rückseite beachten!
1017 1038 1427 1139 Telephon 12.494.
928 1218 1264 1312 VER
396 1280 1461 1408 I. österr. behördl. konz. Unternehmen für
697 1360 1157 1431 Zeitungsausschnitte
411 1385 1454 1502 Wien, I., Konkordiaplatz 4.
805 1472 1066 1539 Vertretungen
393 1477 1454 1570 in Berlin, Basel, Budapest, Chicago, Cleveland, Christiania,
393 1564 1458 1610 Genf, Kopenhagen, London, Madrid, Mailand, Minneapolis,
400 1587 1452 1671 New-York, Paris, Rom, San Francisco, Stockholm, St. Peters¬
793 1634 1088 1699 burg, Toronto.
640 1689 1216 1776 (Quellenangabe ohne Gewähr).
393 1733 759 1820 Ausschnitt aus:
871 1738 958 1852 Est
1001 1758 1242 1875 Budapest
395 1845 530 1945 un
601 1909 1290 2019 very
514 1953 1298 2076 meget regnani samuna, logy
553 2049 1301 2108 Schnitzler Artur bepörölte a Modern
555 2089 1301 2158 Könyytär cimi fizetes vallalatot
553 2126 1301 2204 as Anatole-cikunak jogosulaan
546 2172 1303 2250 kiadasa matt. Erre a hradásunkra
551 2222 1294 2302 ma cafolatot kapunk a Modern
547 2259 1287 2321 Könytär szerkesztójetl, a kie
542 2313 1290 2362 nilatkoataban elimeri, og Schnitt¬
546 2348 1294 2419 ler tudia es beleegyerése nélkul adtak
540 2394 1287 2462 ki analolt, de est azzal menti,
537 2426 1285 2515 hogy a kiadas az Austria es Ma¬
546 2483 1278 2542 gyarország köötti szerzajogi, sze-
537 2533 1278 2595 zódés szerint teljesen jogos, s hogy
539 2563 1278 2629 Schnitzler igy hába próbálná biri
542 2613 1285 2670 forum clôt keresni a maga igazat.
537 2656 1274 2727 Erre a nyilatkozatra csak az a me-
539 2696 1276 2762 jeesink, hogy z Est ugy a
533 2744 1278 2805 Karin Michaelis, mint a Schnitzler¬
528 2784 1276 2858 afferral kapesolaban cupan annak
528 2832 1276 2899 a ténynek registrálására szoritko-
526 2865 1273 2947 zott, hoy külföldi rok prlik a
533 2913 1271 2995 Modern Köytär meine ele¬
524 2974 1262 3029 zetes beleegyezes nekul valo meg¬
531 3002 1269 3075 jelentetée és konvalaban valo
521 3054 1260 3104 kiadas mitt. Hogy czeknek a po-
524 3102 1253 3166 röknek kimenetele mi les, és og
515 3143 1257 3198 a brosag a maukat jogos érdekeik-
519 3175 1257 3253 ben serve erzo róknak ade gazat,
519 3231 1260 3294 vagy pedig a vállalatot igazolia:
519 3281 1258 3335 errol most korai volna beszelni.
521 3313 1273 3377 Maganogi per ez, a mely a nyily-
515 3352 1235 3434 nossagot mar nem igen erdekli.
555 3400 1257 3487 A Vigszinház szinszeket keres.
499 3445 1102 3543 Jelentettük mar a minor
1381 155 1724 249 box 8/7
2249 55 2641 149 nen
1863 116 2965 203 in Berlin, Budapest, Chicago, Christiania, Genf, Kopen¬
1881 181 2968 256 hagen, London, Madrid, Mailand, Minneapolis, New-York,
1939 199 2922 313 Paris, Rom, San Francisco, Stockholm, St. Petersburg.
2256 249 2627 340 langabe ohne Gewinn
1859 263 2311 393 Ausschnitt aus:
1833 350 2947 508 vom 1.5 Art. 1911 Revue de Hongrie
2570 460 2837 555 Budapest
1859 523 3265 651 On pessimisme non moins âpre, mais rehaussé par les couleurs
1847 597 3262 699 vives et alertes de l’esprit satirique, inspire aussi la comédie
1841 670 3258 761 Le génie que le Vigszinház nous a donnée. L'auteur, M. André Nagy,
1845 731 3260 821 déploie beaucoup de verve pour démontrer, une fois de plus, une
1847 787 3262 891 vérité que les moralistes ne nous ont révélée que trop souvent, qui
1838 848 3262 946 est celle-ci : dans ce monde mesquin, le mérite ne sert à autre
1836 898 3260 1011 chose à ceux qui en ont, que pour être exploités par d’autres qui
1840 972 3258 1054 en manquent, et les récompenses vont à ceux qui n'en sont pas dignes.
1841 1029 3258 1109 C’est vieux comme le monde et il vaudrait peut-être la peine que
1833 1084 3253 1170 l’inconvenance dont il s’agit fût traitée enfin par une philosophie
1841 1139 3255 1242 plus dégagée que celle dont on l'envisage ordinairement. Il faudrait
1838 1212 3256 1299 y voir, par conséquent, non seulement le sentiment de révolte que
1825 1260 3253 1340 réveille en nous l'injustice, mais aussi, par rapport à la logique des
1825 1303 3251 1406 infirmités humaines, cette loi fatale qui établit l'harmonie au
1827 1381 3242 1474 milieu du jeu des passions et des intérêts. Mais M. André Nagy
1825 1440 3244 1516 a préféré rester dans le conventionnel et il se contente d’un
1834 1482 3244 1580 persiflage léger et superficiel. Son héros est un jeune musicien de
1827 1548 3249 1644 grand talent qui a composé des symphonies remarquables, mais son
1829 1616 3237 1696 génie ne profite qu’à un sien cousin, qui s'est fait son protecteur,
1824 1673 3242 1767 son cornace et qui, au milieu des acclamations de la foule, joue
1854 1740 3244 1827 n personnage, lui prend sa fiancée, tandis que le véritable
1817 1779 3239 1888 maître reste méconnu et doit se résigner à n'être compris que par
1820 1843 3237 1969 une pauvre gouvernante. Il serait aisé de remarquer que le malheur
1795 1968 3198 2087 du compositeur ne consiste pas dans le fait d’avoir du talent, mais
1797 2019 3196 2151 plutôt de n'être pas assez sur ses gardes. Encore, ne faut-il pas regarder
1790 2081 3200 2195 de trop près comment les fils de la pièce sont noués ensemble. Mais
1788 2137 3198 2266 il y a une vérité qui l’emporté sur toutes les objections qu’on peut
1779 2183 3194 2334 formuler : c’est que l’auteur est très spirituel et qu’il a su faire une
1785 2256 2936 2371 pièce bien divertissante. En cela c’est lui qui a raison.
1859 2368 3182 2501 L'accueil favorable que trouva auprès du public la pièce du
1776 2423 3187 2547 Vigszinház, n’a pas fait défaut non plus à celle que le Magyar Szinház
1765 2492 3176 2611 a donnée comme nouveauté. C'est une série de scènes réunies par
1758 2538 2400 2647 l'écrivain viennois Arthur
2487 2581 3180 2672 tzler, sous le titre Anatole. Ces
1758 2611 3173 2732 scènes eurent d’abord un grand succès comme livre. Quand, l’année
1756 2661 3169 2784 passée, elles furent transportées sur les planchers d’un théâtre de
1767 2721 3166 2849 Vienne, elles ont été accueillies favorablement là aussi par le public.
1753 2778 3173 2894 Chez nous, on les a jugés aussi pleines de vie et de charmes. Anatole
1747 2835 3164 2976 est un jeune oisif, comme il y en a partout, et la pièce est composée
1740 2904 3159 3018 de scènes déliées qui racontent — telle une sorte d’Education sen¬
1735 2954 3162 3072 timentale — l’histoire de sa jeunesse amoureuse, trempée de couleurs
1740 3024 3160 3144 viennoises, mais au fond d'une vérité universelle. Il y a partout des
1744 3070 3152 3205 Anatole et dans leurs aventures se révèlent partout les mêmes en¬
1730 3127 3152 3239 antements passagers et les mêmes déceptions sans grande impor¬
1735 3205 3146 3313 cance. En traçant ces tableaux, M. Schnitzler unit une étude psycho¬
1731 3240 3141 3365 logique pénétrante avec une grâce parfaite de l'expression et beau¬
1730 3315 3143 3420 coup de gaîté avec un peu d'amertume propre aux esprits désillusionnés
1722 3367 3134 3480 et légèrement teints de mélancolie. C'est un mélange exquis où,
1715 3415 3146 3555 sous la surface riante, on retrouve un grain de tristesse et dans lequel
1714 3480 3136 3596 la couleur sombre du fond est le plus heureusement contre-balance
1717 3541 3132 3653 par la gaîté des détails. En tout cas, la pièce est plus forte qu’elle
1715 3608 2728 3699 n’en a l’air et plus aimable qu’elle ne le promet.
