3392 4256
800 34 1241 126 sen beachten
939 116 1340 221 Telephon 12.801.
446 177 579 368 „
595 267 1054 384 BSERVE
296 329 1356 475 I. österr. behördl. konz. Unternehmen für
598 414 1055 512 Zeitungsausschnitte
308 451 1344 581 Wien, I., Konkordiaplatz 4.
692 532 946 603 Vertretungen
283 549 1341 672 in Berlin, Basel, Budapest, Chicago, Cleveland, Christiania,
290 591 1336 713 Genf, Kopenhagen, London, Madrid, Mailand, Minneapolis,
286 624 1329 741 New-York, Paris, Rom, San Francisco, Stockholm, St. Peters¬
672 690 947 760 burg, Toronto.
521 729 1090 837 (Quellenangabe ohne Gewähr).
271 778 1320 923 Ausschnitt aus: The Morning Post, London
575 860 846 956 -
266 893 390 950 vom
357 1002 1247 1071 Loitus loppe, and in imitate, among others.
357 1046 647 1112 Miss Maud Allan.
636 1133 1010 1223 THE PAL
380 1213 1242 1264 For some reason, no doubt its popularity, "A Farewell
353 1255 1247 1304 Supper was not replaced last week, as at first arranged,
357 1289 1248 1341 by any other of the "Anatol dialogues. Monday
357 1325 1248 1373 however, did see a change of bill, in favour of A We¬
360 1370 1251 1414 ding Morning." "An Episode," which was to have been
350 1410 1243 1459 given last week, will now, one understands, not be given
353 1448 1247 1496 at all. It is, and it is not, to be regretted. It would not,
350 1484 1248 1538 perhaps, have played as well as it reads, but it is valuable
350 1525 1248 1565 to the series as a whole in that it shows the very best side
353 1561 1250 1617 that Anatols philandering can boast. That is the worst
345 1606 1250 1648 of these dialogues. They are complementary in so real a
350 1644 1248 1686 sense that your appréciation of any one of them largely
348 1676 1247 1723 depends on your knowledge of the others. It might almost
353 1718 1247 1768 be said, indeed, that your appréciation cannot be complete
353 1760 1247 1803 unless you have first a knowledge of them all. Each
350 1799 1252 1845 seems, it is true, to be self-contained enough, but until
360 1838 1247 1881 you know every side of the heros nature there are many
350 1871 1250 1918 touches that you are bound to miss. What a pity it seems
360 1915 1247 1960 that Mr. Granville Barker could not have taken, say,
360 1952 1247 2002 the Little Theatre, and given the whole seven every
362 1990 1247 2039 vening. That would have been a delightful enter¬
360 2031 1247 2072 inment, atoning by its wit and other graces
366 2070 1247 2112 or whatever it might, as a whole, have lacked
366 2104 1247 2152 ramatically. Still, one can at least be graeful for
366 2145 1247 2186 what he has actually done, and for the introduction to
360 2178 1247 2227 hat, had be done nothing, one would very probably not
357 2223 1248 2272 ave come across. What, though, of A Wedding
360 2254 1247 2305 Morning? Well, the wedding is Anatol's own. Strange
357 2301 1250 2341 but true, the butterfly has at last got caught caught, but
360 2336 1251 2383 scarcely, in this instance, captivated. And the night
353 2374 1247 2424 before it suddenly occurred to him that he would never
357 2418 1243 2462 be a gay bacholor again. So off he went, of course, to
350 2456 1250 2506 the ball at the Operato have his last fling. The end of
350 2490 1250 2547 it is that when Max calls to take him to the church he
353 2537 1244 2580 finds the incorrigible still in his smoking jacket, and
360 2574 1247 2616 Lona (oh, dear, a different girl again) sleeping off
360 2613 1244 2660 the effects of the dance on his sota. Lona is an old
357 2652 1243 2699 acquaintance, delighted to see him so delighted, in fact,
357 2689 1248 2734 that has had neither the heart or the courage to
357 2728 1248 2777 tell her that it is his wedding day. Sooner or later, of
360 2767 1247 2820 jourse, he has to tell her, with the result that she has
369 2801 1247 2850 mysteries and wrecks his room. That is all, except that
357 2846 1248 2888 when he finally leaves Max has to stay behind to see that
357 2884 1248 2925 he does not follow and make a scène. To appreciate this
357 2924 1238 2970 ramatically, of course, you must have speaking sympathy
360 2962 1247 3010 or the hero (as if you know him thoroughly, you do),
362 3002 1247 3055 otherwise all the anxiety that Lona causes him inevitably
366 3038 1251 3088 caves you rather cold. But there is, in any case, plenty
360 3081 1247 3126 physical action" in the incident, and it
366 3114 1244 3159 proved at least as effective as either of its predecessors.
362 3158 1243 3202 was capitally played better, one think, than either of
357 3198 1248 3239 the others and, except that the size of the house seems
357 3232 1242 3280 to lead all concerned to force their points, the perform¬
360 3273 1241 3317 ince could not easily have been bettered. It caused much
357 3312 1238 3353 laughter, Mr. Barker himself, Miss Alice Crawford, and
357 3350 1235 3390 Mr. Niger Playfair sparing the honours. Another ne¬
360 3390 1235 3431 it is just a Minute, a trife by John
360 3425 1229 3476 Raphael, which Introduces Madame Louise Balthy. T:
360 3466 1229 3517 theme is very slight, nothing more, in fact, than an in
362 3503 1223 3547 view between an actress and an impresario. It allo¬
357 3535 1217 3592 M. Henri Leon, however, to sing one or two son vi¬
360 3577 1218 3630 much cultivation and arm, and Madame Balthy not on
362 3621 1205 3667 to sing but to wear several dresses, to mimic, and
360 3659 1211 3700 entertain generally even to display a harem ski¬
360 3695 1211 3747 The dieses imitation of Madame Bernhardt had, in spi¬
360 3739 1202 3781 of its violently contrasted asides, almost some of
360 3774 1198 3826 beauty of the original, and the wonderful self-assert
350 3809 1198 3858 of her humour (of which the quality is delightfu
360 3851 1196 3899 gamin, secured her many calls and the warmest recepti
360 3895 1186 3936 Miss Maud Allan and Henry VIII." on the bioscopo
360 3930 1192 3982 only two of many other outstanding turns, and the ho¬
350 3968 1001 4015 needless to add, was as crowded as usual.
2506 140 2595 209 lu
1694 144 2149 237 4.9. Ana¬
2186 139 2378 246 -
2525 1550 2831 1647 de 12.
1964 1682 2585 1781 „OBSERVER
1754 1742 2818 1866 1. Betr. behördl. konz. Unternehmen für Zeitungs-Asschatte
1936 1812 2653 1910 Wien, I., Concordiaplatz 4.
2149 1875 2421 1941 Vortretungen
1748 1873 2798 2002 in Berlin, Basel, Budapest, Calcago, Cleveland, Christiania
1746 1952 2804 2043 Genf, Kopenhagen, London, Madrid, Mailand, Minneapolta,
1751 1988 2798 2092 New-York, Paris, Rom, San Francisco, Stockholm, St. Peters¬
2132 2043 2411 2104 burg, Toronto.
2066 2083 2492 2164 de des den
1738 2117 2088 2199 Ausschnitt aus:
2041 2198 2320 2310 S
2215 2190 2746 2329 Observer, London
1738 2261 1862 2314 vom
2420 2375 2686 2440 nas chosen
1984 2384 2682 2477 resident Miss Ellen Terry and
1881 2428 2678 2509 for its honorary secretary her daughter, Miss
1878 2461 2683 2551 Edith Craig. It will start operations some
1878 2501 2433 2574 time in April with a triple bill.
1883 2535 2671 2626 Miss Lillah Marthy will very shortly
1874 2583 2673 2658 enter into management at the Little Theatre,
1881 2619 2675 2695 which house has become available owing to
1871 2644 2667 2734 Miss Kingston's ill-health. Mies McCarthy,
1874 2690 2669 2757 who starts her season next Saturday, has
1871 2722 2669 2792 chosen as he opening programme a series of
1871 2752 2667 2829 five of the cleverly-amusing dialogues of
1871 2790 2664 2884 Arthur Schnitzler, with three of whien, Ask
1871 2822 2644 2895 No questions and You'll Hear No Stories,
1866 2862 2657 2931 The Farewell Supper, and "The Wed¬
1859 2894 2664 2981 ding Morn. Mr. Granville Barker has just
1862 2931 2661 3010 fulfilled a very successful engagement at the
1862 2962 2666 3036 Palace. In the five to be presented at the
1862 2999 2662 3068 Little Theatre Mr. Barker will, as at the
1857 3035 2654 3114 Palace, be seen as Anatol, the gay young
1853 3068 2657 3150 Viennes bacher, whose attachments land him
1848 3120 2669 3181 such delightful predicaments, while Mis¬
1848 3140 2632 3208 Marthy will play in "The Farewell Supper
1848 3179 2652 3257 and others. The "Anatol series will be
1850 3214 2653 3290 given for a fortnight only, the first play pro¬
1841 3249 2653 3329 duction of the season having been fixed for
1829 3273 2244 3357 Saturday, 25th instant.
2810 128 3159 220 box 8/7
