3484 4256
587 132 1121 274 „OBSER
433 257 1487 322 1. österr. beh. konz. Unternehmen für Zeitungs¬
632 304 1279 366 Ausschnitte und Bibliographie.
602 354 1327 450 Wien, I., Concordiaplatz 4.
829 432 1100 492 Vertretungen
427 444 1497 534 in Berlin, Brüssel, Budapest, Chicago, Cleveland, Christiania,
442 512 1491 564 Genf, Kopenhagen, London, Madrid, Mailand, Minneapolis,
439 551 1488 626 New-York, Paris, Rom, San Francisco, Stockholm, St. Peters¬
829 594 1100 647 burg, Toronto.
781 634 1145 695 (Quellenangabe ohne Gewähr.
528 650 1454 786 Tagesbote aus Mähren und Schlesien
436 700 798 769 Ausschnitt aus:
894 737 1079 838 Brünn.
614 774 840 843 17. 12. 191
427 783 1127 914 am
613 889 1338 1010 Wiener Schauspielbrief.
375 981 1237 1047 (Burgtheater: nochmals „Der junge Meardus
1312 987 1523 1055 Volksthea.
376 1038 1311 1100 „Anatol. — Neue Wiener Bühne: „Lady Frederick“,
1364 1043 1547 1096 Residenz¬
789 1075 1144 1139 bühne: „Ysbrand“.)
706 1114 1245 1207 Von Wilhelm v. Wymetal.
451 1159 1547 1263 Artur Schnitzlers dramatische Historie „Der junge
366 1242 1550 1311 Medardus“ ist der erste dauernde Erfolg geworden, den
367 1284 1549 1348 das Burgtheater seit jenem Tage, da Kainz auf Gastreisen
367 1326 1547 1395 ging, zu erringen vermochte. Für die zweite und dritte Vor¬
373 1385 1550 1455 stellung entwickelte sich in Wien eine beim Hofburgtheater
367 1436 1550 1503 schon lange nicht mehr übliche Agiotage, und für Sitze, wie
364 1482 1547 1544 für Logen, wurde das Drei- und Vierfache des Preises an
367 1531 1547 1592 Wiederverkäufer bezahlt. Auch die weiteren Vorstellungen
360 1570 1556 1651 waren bisher so begehrt, daß noch jedesmal Kartenwerber
358 1628 1543 1684 abgewiesen werden mußten. Die Hälfte der für das Jubi¬
364 1674 1544 1746 läum der fünfundzwanzigsten Aufführung nötigen Vorstel¬
358 1729 1537 1788 lungen ist erreicht, und man darf dem Burgtheater und dem
358 1779 1540 1842 Dichter aufrichtig Glück wünschen zu dem bedeutungsvollen
358 1818 1541 1896 Sieg. Inzwischen hat Artur Schnitzler, Arm in Arm mit
352 1866 1544 1941 dem Deutschen Volkstheater, einen zweiten, nicht weniger
354 1913 1543 1994 herzlichen Erfolg erlebt. Er hat nämlich den „Anatol“, den
361 1976 1541 2042 nun auch schon zwanzig Jahre alten Ursprung seines
358 2024 1540 2086 Ruhmes, wiederum hervorgesucht und ließ von den sieben
355 2071 1543 2134 Einaktern dieses anmut= und geistreichen Buches fünf am
354 2119 1540 2188 gleichen Tage in Wien am Volkstheater und in Berlin am
352 2173 1540 2229 Lessingtheater Otto Brahms aufführen. Die Auswahl, die
355 2223 1544 2274 Schnitzler getroffen hat, muß als sehr glücklich bezeichnet
355 2268 1540 2325 werden. Sie beginnt mit der „Frage an das Schick¬
348 2315 1540 2390 sal, die Anatol frei hat (indem es ihm offenstünde, seine
343 2361 1540 2425 hypnotisierte Geliebte Cora nach ihrer Treue oder ihrer
342 2411 1534 2485 Untreue zu fragen) und die er nach längerer Überlegung
340 2471 1537 2528 nicht stellt. Es folgen die wohl noch nie und nirgends in
349 2516 1510 2581 einem Theater gespielten „Weihnach seinkäufe
346 2562 1534 2623 die Anatol zusammen mit der schönen Mondaine Frau
348 2617 1534 2671 Gabriele macht, der er von seinem süßen Mädel“ erzählt
343 2667 1526 2729 und die ihm zum Schluß des Dialogs zu verstehen gibt, wie
339 2707 1528 2780 gerne sie an die Stelle des süßen Mädels träte, wenn sie
340 2765 1525 2811 nur den Mut der Konventionswidrigkeit hätte. Als Mittel¬
342 2810 1531 2875 punkt des Anatolabends ergötzt die bekannteste und öftest
346 2856 1531 2914 gespielte Sizze, das drollige „Abschieds souper der
346 2909 1528 2969 zwei Liebesleute, die ein jedes für sich schon neue Liebes¬
340 2960 1528 3015 fäden gesponnen haben, dem Partner aber den vermeint¬
334 3005 1525 3064 lichen Schmerz des Abschiedes anzutun sich nicht entschließen
333 3058 1525 3120 können Flüchtig huscht dann die „Episode“ vorüber, die
334 3100 1525 3160 Geschichte von Anatols Liebelei mit der Zirkusreiterin
331 3145 1522 3221 Bianka, die Anatol zertreten zu haben wähnt, während sie
333 3203 1522 3272 ihn zu seiner bitteren Enttäuschung bei einer Wiederbe¬
337 3252 1519 3300 gegnung nicht einmal mehr erkennt. Den amüsanten Ab¬
346 3302 1519 3361 schluß bildet „Anatols Hochzeitsmorgen" mit
328 3352 1516 3421 dem Wiederauftauchen einer sechs Wochen vor dem Hoch¬
330 3401 1516 3458 zeitstag taktvoll verlassenen Geliebten, die den tempera¬
328 3451 1513 3516 ment-drohenden Namen Ilona führt, mit der sich Anatol
330 3501 1516 3559 recht unheilig auf seinen Hochzeitstag vorbereitet und die,
325 3550 1507 3607 als sie die Wahrheit über Anatols bevorstehende Vermäh¬
322 3597 1513 3651 lung erfährt, nur mit Mühe davon abzuhalten ist, auch in
327 3647 1440 3698 die Kirche zu kommen und dort Skandal zu machen
328 3696 1503 3758 Die Auswahl muß, wie schon bemerkt, als überaus ge¬
328 3741 1510 3806 lungen anerkannt werden. Die zwei weggelassenen Einakter
334 3797 1507 3848 sind die schwächsten und bühnenunwirksamsten des Zyklus.
331 3844 1507 3893 Einer davon, „Denksteine“, setzt den sehr unwahrschein¬
334 3892 1510 3945 lichen Fall, daß Anatol beabsichtigt, ein Mädchen, das nicht
328 3942 1510 4005 nen Armen die Liebe kennen gelernt hat, zu hei¬
322 3987 1534 4082 raten. In zwölfter Stunde kommt er von diesen Plan
2378 182 2735 296 Zyklus
1786 190 2345 301 4.9. Anatol
1711 914 2885 1014 ab, nicht, weil das Mädchen nach Vernichtung aller übrigen
1713 989 2879 1058 Erinnerungen einen Rubin, den es am Tage seiner Weib¬
1717 1038 2885 1105 werdung in einem Medaillon trug, aufbewahrt hat, son¬
1714 1096 2893 1156 der weil sich die gute Emilie noch überdies aus ihrer
1713 1124 2894 1210 früheren Zeit her einen schwarzen Diamanten im Werte
1708 1184 2887 1243 von einer Viertelmillion aufgehoben hat; mit einem sehr
1723 1230 2893 1323 pathetisch herausgeschmetterten „Dirne“! tritt Anatol hier
1734 1281 2890 1347 om Schauplatz ab. Dramatisch noch undenkbarer wäre die
1740 1332 2896 1398 Agonie", deren Dialog im Auf und Nieder wechselnder
1732 1385 2891 1448 stimmungen das Verglimmen einer Leidenschaft Anatols
1737 1424 2891 1502 u einer verheirateten Frau wiedergibt. Das Deutsche
1743 1487 2890 1552 olkstheater hat in dem liebenswürdigen und geschmeidigen
1743 1532 2894 1600 Herrn Kramer einen ebenso unübertroffenen Vertreter
1735 1570 2891 1652 ür den ins Wienerische übersetzten Don Juan Anatol,
1734 1621 2897 1696 diesen Typus des leichtsinnigen Melancholikers, als den er
1726 1674 2894 1747 sich selbst deklariert, wie es in Herrn Lackner den rich¬
1723 1719 2900 1792 tigen Interpreten des Carlos=Mephisto Max hat, der
1726 1773 2903 1848 Ebbe und Flut in Anatols Gefühlsleben mit seiner kühlen
1726 1821 2903 1889 Skepsis als freundschaftlicher Ratgeber begleitet. Von
1720 1869 2906 1938 Max geht ein Hauch kalter, gesunder Heiterkeit aus, sagt
1726 1923 2905 1994 Anatol. Und wenn Anatol nach seinem Geständnis vom
1723 1958 2905 2059 Doppelverhältnis, das ihn dazu zwinge, vor zehn Uhr
1726 2014 2908 2087 abends im Vorstadtviertel Markersdorfer und nach zehn
1732 2056 2908 2134 Uhr beim Sacher Sekt zu trinken, tiefsinnig meditiert: „So
1734 2116 2908 2188 ist das Leben!“, so ist Max dazu da, sofort zu erwidern:
1729 2164 2911 2245 „Na ... entschuldige... das Leben ist nicht so, um
1734 2206 2912 2289 damit dem Publikum klarzulegen, daß sich Schnitzler mit
1737 2253 2908 2336 seinem Anatol, so lieb er ihn auch offenbar hat, doch nicht
1729 2304 2914 2378 völlig identifiziert. Für die von Anatol jeweils Erkorenen
1732 2358 2906 2428 besitzt das Volkstheater eine Frauengalerie voller Schönhei¬
1732 2417 2915 2482 und Anmut. Fräulein Hannemann war als Schneider¬
1732 2449 2917 2522 mädel Cora schlicht und natürlich, Fräulein Reinau als
1732 2501 2915 2578 Weltdame elegant und vornehm, Frau Glöckner als
1732 2540 2908 2632 Ballettratte frisch und ungezwungen, Fräulein Müller
1740 2596 2917 2667 als Zirkuskünstlerin graziös und biegsam, Frau Gala¬
1743 2650 2914 2726 fres brachte als Ilona die erforderliche, nicht unsympathische
1737 2697 2908 2777 Dreistigkeit auf; übrigens hätte dem Volkstheater auch
1737 2747 2911 2822 die Besetzung der denkstein-frohen Emilie (Fräulein Wal¬
1737 2813 2918 2873 dow) und der oberflächlichen Frau Else (Fräulein Mar¬
1738 2853 2914 2921 berg) keine Schwierigkeiten bereitet. Besonders hervorzu¬
1746 2897 2914 2972 heben ist diesmal Frau Glöckners Balletteuse Annie. Diese
1740 2944 2918 3018 Rolle verleitet leicht zu derber Drastik. „Einen Schwips
1744 2990 2914 3067 will ich kriegen... es ist so wie so der letzte," gesteht die
1746 3042 2917 3114 edle Seele. Aus diesen Worten und einigen Andeutungen
1752 3088 2920 3165 des Textes im Dialog haben die besten Darstellerinnen der
1749 3138 2912 3209 Annie, wie zum Exempel Frau Niese, stets die Berechti¬
1749 3189 2923 3258 gung genommen, eine regelrechte Berauschungsszene vorzu¬
1755 3233 2921 3313 führen. Frau Glöckner hat auf diesen Effekt verzichtet und
1756 3282 2917 3361 ihr Wiener Mädel resch und nüchtern bis zum burlesken
1752 3338 2921 3406 Abgang parlieren lassen; gleichwohl steht ihre Figur denen
1755 3382 2923 3465 ihrer Vorgängerinnen um nichts nach. Das Publikum,
1755 3433 2926 3510 unter dem sich, wie beim „Medardus, der Thronfolger mit
1761 3481 2923 3567 seiner Gemahlin befand, schlürfte die Feinheit des Schnitzler¬
1764 3529 2924 3612 schen Dialoges, der gar nicht veraltet ist, und sich mit franzö¬
1764 3582 2930 3663 sischen Vorbildern und Nebenbuhlern, wie Henri Monnier,
1767 3635 2933 3710 Gyp, Lavedan, Hervieux, Droz, Jeanne Marni, durchaus
1764 3677 2932 3766 messen kann, voll Behagen, und das Volkstheater wird vor¬
1779 3725 2930 3803 ussichtlich im alten „Anatol“ ein ebenso ergiebiges Zug¬
1797 3772 2936 3880 ick, wie das Burgtheater im jungen „Medardus haben.
2909 179 3264 280 box 8/4
