3436 4352
264 166 803 265 4.9. Anatol
896 142 989 277 2
1076 160 1176 259 lu
1378 136 1736 233 box 9/4
2320 239 2896 371 HEMSTREET
2352 320 2870 402 96 WARREN STREET
2403 373 2838 462 NEW YORK CITY
2361 559 2990 751 Doun in Front
2455 735 2913 824 By Robert Littell¬
2253 823 3129 880 To the handful of recent plays on Broadway that
2217 874 3128 936 are worth seeing must certainly be added Schnitzlers
2224 921 3128 990 Anatol," as revived at the Lyceum Theater by Bela
2217 981 3128 1050 Blau, And if one is to speak not only of the plays
2217 1032 3128 1096 themselves but of the way they are done, there are
2217 1094 3134 1149 two scenes in this new "Anatol" as beautifully set,
2210 1142 3125 1218 staged and acted as any scenes visible on the rest of
2213 1199 3117 1264 the theorical landscape namely, "Christmas Present
2213 1249 2617 1321 and "Farewell Supper."
2249 1304 3126 1364 These scenes are episodes in a play that achieves
2219 1360 3125 1415 unity, though it is built of fragments which, on the
2211 1412 3122 1471 surface, have little relation one with another. They
2211 1462 3129 1541 are pages from the album of love of a young man
2219 1525 3131 1582 whose whole life, so far as we can judge, is spent
2217 1575 3125 1634 adding chapters to that book, or rereading it. Each
2211 1631 3122 1693 one concerns a woman who with the fall of the
2211 1680 3125 1753 curtain disappears from us forever. She disappeare
2208 1743 3128 1801 from us, but for Anatol she is another jewel, rare
2208 1800 3127 1868 or semi-precious, in an unending necklace; another
2197 1847 3125 1913 memory, disturbing or carelessly tossed aside, to be
2211 1898 3131 1968 wrapped up with a crumbled flower, a packet of
2204 1947 2831 2032 letters, an identifying tog of verse.
2246 2036 3124 2120 They all are all so different, these women, that
2212 2115 3125 2192 the procession of them might go on forever, and
2213 2167 3113 2234 when they are brought to life as gracefully or freshly
2204 2226 3117 2285 as they are, in this instance by Patricia Collinge
2204 2276 3117 2344 and Miriam Hopins, one wishes that the procession
2208 2328 3122 2409 would never stop and that tomorrow one could see
2206 2388 3116 2455 Anatol and Max, in the persons of Joseph Schild¬
2203 2437 3119 2513 kraut and Walter Connolly, seated at another table,
2213 2496 3125 2544 waiting for yet another charmer, another scene in
2211 2539 3126 2598 which the mood, like life, never quite makes up its
2204 2591 3113 2646 mind whether to be lightly brooding or laughingly
2204 2623 2774 2684 tinged with sadness and regret.
2237 2656 3122 2721 Except in the scene before Anatole wedding, which
2208 2721 3113 2781 is almost pure farce, the threads of laughter and of
2208 2770 3122 2814 brooding are intertwined. The lines that smile have
2211 2814 3119 2863 a way of looking back into a past or forward into
2208 2857 3113 2912 a future that is not as smiling; words that are
2204 2899 3119 2959 melancholy are spoken so lightly, so fronically, that
2208 2942 3119 3009 they bring a smile. It is very hard, in the acting of
2208 2991 3122 3043 "Anatol," not to disentangle these two threads more
2204 3036 3117 3084 than they were meant to be, not to underline what
2204 3078 3118 3143 is funny and bear down upon or isolate what is not.
2198 3129 3113 3179 I suspect that in any playing of "Anatol it is the
2197 3175 3112 3231 more elusive and more serious side of it that will
2204 3220 3110 3269 suffer. Anything so sharply witty, so full of comi¬
2204 3265 3117 3322 surprises, will tempt the actors to play it for the
2204 3315 3117 3360 laugh. There is a tendency toward this in the
2203 3354 3113 3418 present production. Sometimes it goes even further
2208 3396 2778 3477 than a pardonable exaggeration.
2232 3489 3114 3546 In the character of Anatol there is now and then
2177 3535 3110 3594 a touch of the ridiculous which he himself acknow¬
2201 3592 3109 3646 edges. This "toy philosopher looks in the mirror
2197 3630 3117 3691 off and on and is amused, though what he sees there
2202 3675 3110 3718 is too personal for his amusement to be unalloyed.
2198 3721 3113 3773 Sometimes Mr. Schildkraut gets this admirably, as in
2203 3760 3107 3821 the scene called "Episode," where Anatol puts be¬
2198 3808 3113 3858 fore Max the collection of tiny parcels that are his
2208 3853 3113 3906 past. At other times, as in "Keepsakes," he seems
2204 3894 3113 3957 too much to be Mr. Schildkraut, the actor, making
2202 3950 3107 3994 fun, very obvious fun, of Anatol, the character
2202 3994 3110 4051 which, together with the way Miss Forrest insists on
2198 4039 3113 4093 crying, carries the scene away from Schnitzler to¬
2202 4087 3053 4127 ward the Hoboken manner of kidding revival.
