3344 4256
151 170 1111 287 4.9. Anatol - Zyklus
1270 181 1625 287 box 9/5
64 1433 3100 1629 , e per von
45 1576 1225 1648 serem vielge= ziergänger Daniel Spitzer. Sie sind dahin
1251 1606 2158 1675 mals weichlich und verletzt doch nicht, ist graziös
34 1618 129 1690 en
2189 1618 3103 1682 ist die Ernüchterung, die Einen dort erwartet, wo
302 1629 3103 1731 und andere Tüchtige sind verstummt oder alt ge= ohne Tändelei. Sogar etwas sehr Schwieriges ge¬ der rothe Abend am dämmerigen Abend steht
34 1667 125 1724 Erlag
189 1659 2158 1761 dies worden. Die anspruchsvoller und ernster gewor= lingt ihm: sentimental zu sein, ohne süßlich oder
45 1705 280 1784 cher erwähn
2181 1712 3103 1773 Denn meistens war der Weg umsonst. Und wenn
302 1709 1217 1788 dene Zeit verlangte gebieterisch eine Vertiefung des
1247 1735 2155 1799 langweilig zu werden. Allerdings, seine Traurig¬
2181 1761 3107 1822 man es wirklich erbeutet, das Staniol, dann sieht
45 1761 1221 1841 österreichische Genres, wollte es aus dem Unterhaltenden in
1244 1777 2151 1848 keit läßt uns nicht weinen, sondern feuchtet nur ein
2189 1807 3100 1875 man ein, es war nicht der Mühe werth, darauf aus¬
45 1807 2158 1894 end, daß die Künstlerische gerückt, heischte Gestalten. So ist die wenig die Augen. Sie gilt dem Leben, das die
2192 1852 3103 1909 zugehen.“ Diese bittere Erkenntniß bleibt auch
45 1852 1005 1909 pe diejenigen „Jung=Wiener Geschichte" entstanden.
1247 1867 2158 1932 Jugend und Liebe langsam und schmerzlich ausein¬
38 1886 280 1950 überhaupt
2181 1898 3096 1950 dem kleinen Paul nicht erspart. Kaum hat er den
344 1898 2158 1984 Man merkt ihre Abstammung im Guten wie im anderreißt, den lächerlichen Konventionen, die so
2177 1935 3096 2000 ersehnten Schatz, so genügt ihm das bloße An¬
38 1916 2155 2019 nen gehören Schlimmen klebt viel Feuilletonistisches an ihr. Im viel frisches Glück zerstören, den echten und starken
2189 1973 3096 2034 schauen nicht mehr, er will einen Genuß von seinem
45 1988 1221 2045 nbach, die Guten: sie ist meist anmuthig erzählt, allerlei
1240 2003 2155 2068 Gefühlen, die von der Zeit angefressen erden, bis
38 2019 272 2079 sene, und I
2181 2030 3096 2087 Staniol haben, und er findet keinen. Ach, es ist
299 2019 1210 2094 leichte, ironische oder sentimentale Betrachtungen
1247 2045 2158 2109 sie unwahr und eine quälende Seelenlast werden.
2181 2068 3096 2124 zwecklos, wie so vieles Schöne ... Noch einmal
38 2075 1210 2139 i, dessen Er= dominiren und werden in glänzende Worte umge¬
1236 2083 2151 2158 Am liebsten zeigt er uns das in heiteren Bildern,
38 2105 268 2166 ize sind; auch
2185 2113 3096 2170 flackert seine Liebe auf, da man es ihm als giftig
299 2113 2151 2196 prägt. Im Schlimmen: die Erfindung ist flüchtig, macht uns nie lachen, oft lächeln über die kleinen
38 2151 268 2204 durch über
2181 2162 3092 2230 verbietet: „Also giftig war es auch! Glänzend und
299 2166 1210 2215 fast leichtfertig, die Charakterisirung ist äußerlich
1236 2177 2147 2245 Heucheleien der Menschen. Besonders das Thema
2174 2192 3096 2260 theuer und giftig. Das sind die Dinge, denen man
38 2204 1213 2260 t die Freude geht niemals tief und begnügt sich mit einigen Fi¬
1240 2226 2147 2283 der bitteren, letzten Enttäuschung variirt er gerne
30 2238 276 2302 Ernsten und
2189 2238 3096 2306 sein Leben opfert." Aber schließlich wird es ihm
291 2253 1206 2317 guren, die bald so typisch geworden sind wie die
1236 2268 2143 2332 Da ist ein blasirter Mensch, angefüllt mit Bitterkei
2177 2287 3088 2347 langweilig und „nach ein paar Tagen hatte Pau
34 2279 1206 2355 kunst trübt. Masken des italienischen Lustspiels. Am deut¬
1240 2313 2147 2374 und Ekel. Aber er hat ein unbeflecktes Heiligthum
2189 2328 3084 2389 seine große Liebe vergessen, die in Träumen ge¬
34 2340 2139 2412 chen schwerlichsten sieht man den Uebergang vom Feuilleton zur in seiner Seele: ein altes Glück, eine reine Erinner
2174 2374 3096 2434 boren war, unter Sorgen und Thränen leuchten
34 2389 1206 2446 de Blasirtheit Wiener Geschichte in Schnitzlers „Anatol“
1232 2404 2143 2468 ung. Und plötzlich muß er erfahren, daß auch sie
57 2419 272 2480 genschaften,
2170 2419 2922 2476 geblüht und im Kohlenkübel geendet hat.
291 2419 2143 2506 Es sind drei Figuren, die wir kennen lernen: den eine Selbsttäuschung, Lüge ist. Vielleicht an
2219 2465 3088 2525 Man sieht, in den Stoffen, die dieses Buch be¬
45 2472 1202 2533 riffe „Jungarn und nach neuen Sensationen lüsterner
1225 2499 2143 2552 rührendsten faßt Auernheimer die Poesie der Ent¬
38 2502 261 2559 mit Unrecht
2174 2495 3096 2567 handelt, liegt keine Jugendlichkeit; sie liegt nur in
284 2514 1206 2574 Lebemann (bei den Jüngeren ist er meist noch Lebe¬
1228 2533 2143 2597 täuschung in eine kleine Skizze, die mir unter den
38 2544 268 2608 en viel tiefe¬
2170 2552 3081 2620 der gewinnenden Persönlichkeit des Verfassers, die
291 2555 1202 2616 jüngling), das warmblütig hingebende, meist sen¬
1225 2582 2147 2635 übrigens fast durchaus gleichwerthigen Geschichten
34 2589 257 2650 lächtiger Ge¬
2230 2604 3088 2646 ein allen Jung=Wienern gemeinsamer Zug —
284 2608 1210 2665 timentale süße Mädel und den Freund, der alle
1240 2620 2143 2676 doch die liebste ist; sie heißt „Staniol"; ihr Held ist
34 2638 261 2695 geprägt, ist
2170 2635 3081 2695 oft allzu stark hervortritt. Alle Erzählungen sind
287 2642 1194 2710 Klugheiten zu sprechen hat, eine lebendige Aphoris
1225 2665 2147 2722 der sechsjährige Paul, der seine erste Liebe und mit
57 2684 261 2740 Schnitzler,
2174 2680 3081 2744 so seltsam müde, keine einzige Geschichte endet mit
284 2695 1194 2752 mensammlung; er ist nichts als der wohlbekannt
1225 2706 2139 2767 ihr seine erste Enttäuschung erlebt. Man erschreck¬
30 2722 261 2782 Fehlt, obwohl
2170 2733 3084 2790 einer fröhlichen Auflehnung gegen das Leben, zeigt
291 2740 1198 2801 „Raisonneur“ der französischen Komödie. Schnitz¬
1225 2756 2136 2816 nicht; Paul liebt — Staniol. Macht er es ander¬
30 2767 257 2827 sen gilt, den
2162 2771 3084 2831 den trotzigen Willen, sich das Glück zu erobern; die
284 2782 3081 2873 ler hat später, als er ausgereift war, diese Figuren als die Großen? Sein Ideal ist glänzend und Menschen Auernheimers sprechen sehr feine und
30 2812 242 2873 ng=Wiener
276 2827 1198 2888 zu Menschen umgewandelt — wir erkennen sie
1225 2843 2139 2903 werthlos. Und nun spielt sich mit glücklicher Sym¬
2166 2858 3081 2926 kluge Dinge und — kapituliren. Das ist schwächlich
42 2869 1202 2926 z. B. dem wenn wir ganz genau hinsehen, noch im „Schleier
1225 2884 2132 2948 bolik diese ach! so gewöhnliche „Geschichte eine
38 2895 215 2964 berg
2166 2899 3084 2971 Der Leser wird sich freilich gerne mit der geschickten
272 2907 1198 2971 der Beatrice". Aber wie sind sie da vertieft und wie
1221 2933 3077 3013 Liebe ab. Der Dichter sagt dem Kinde: „Wenn und anmuthigen Erzählungskunst, mit der vor¬
57 2956 1191 3020 daß ihnen viele andere Menschen hat ihnen der Dichter späte
1221 2975 2128 3050 Du Staniol so gerne hat, kann man Dir ja ein paa-
2155 2998 3088 3054 nehmen Liebenswürdigkeit begnügen, die nur aus
34 2994 257 3050 dern auch die
280 3005 2132 3073 noch zur Gesellschaft gegeben! Die anderen „Jung=Bogen kaufen." — „Kaufen?" Mit großen Kinder¬
30 3032 253 3096 gibt keinen
2158 3032 3081 3096 einer gesättigten, alten, künstlerischen Kultur zu
276 3047 2109 3145 Wiener haben sich allzu häufig nur mit der Variir augen fragte er: „Kann man Staniol kaufen
2158 3084 3084 3137 erklären und daher einem Spreebarbaren ganz un¬
34 3092 881 3137 der Moderne ung dieser Gestalten begnügt...
1213 3107 2136 3168 Da erkennt der Dichter: „Ich hätte es nicht sagen
30 3126 242 3202 tändeln
2158 3126 3073 3183 erreichbar ist. Aber in dem einen Charakterisir¬
321 3115 1191 3190 Der Beste unter ihnen ist Raoul Auern¬
1232 3164 3081 3228 sollen. Es that mir leid, so wie es heraus war, ungsworte „Liebenswürdig liegt nicht nur Lob,
60 3171 2124 3255 Das weist heimer, den Münchnern aus der „Jugend“ und Kinder können nie spät genug erfahren, daß man
34 3205 246 3273 ist das ein
2170 3209 3077 3273 sondern auch Tadel. Es zeigt uns die Grenzen des
276 3228 2121 3296 auch aus dem „Simplicissimus wohlbekannt. Staniol auch kaufen kann. Es nimmt ihnen der
79 3251 249 3315 Das war
2166 3255 3081 3311 jungen Dichters. Er hat keine Leidenschaft, denn
276 3266 1187 3330 Nun ist die erste Sammlung seiner Geschichten er¬
1213 3277 3077 3368 Frieden und späterhin die Freude an ihrem Wunsch, er ist zu klug dazu: keine Begeisterung, denn er ist
30 3300 246 3360 rei, bei der
276 3311 1191 3379 schienen, die nach einer — nicht der werthvollsten
1221 3326 3077 3413 Denn Staniol muß vom Himmel fallen, wie die zu spöttisch; keine Tiefe, denn er kommt nie ganz
38 3345 249 3410 Hundertsten
333 3360 1191 3410 Novelle „Rosen, die wir nicht er¬
1217 3376 2124 3436 Sternschnuppen in den blauen Sommernächten
2151 3398 3073 3470 aus der Selbstbetrachtung heraus; keine Größe,
23 3398 1194 3466 in's Tau=reichen" heißt. Man kann den Eindruck, den die
1217 3417 1879 3470 Es darf keinen Marktwerth haben
1928 3425 2117 3485 Staniol.
2151 3428 3073 3489 denn er glaubt an nichts. Er ist ein Spezialist für
26 3428 246 3493 che als zu
272 3447 1179 3504 Skizzen auf den Leser machen, in ein Wort zu
1274 3459 2121 3519 Und nun ziehen sie aus, der Dichter und da¬
2143 3478 3073 3534 kleine Ernüchterungen ... Ob sich sein Beobacht¬
30 3478 249 3534 die scheinbar
280 3489 1183 3553 sammenfassen: Liebenswürdig. Ja, es ist wohl
1210 3504 3069 3576 Kind, um das Staniol zu kaufen. „Wir schritten ungskreis erweitern, ob er von der bloßen Liebens¬
34 3523 238 3580 ein über
280 3531 1179 3591 selten in der deutschen Sprache ein liebens¬
1206 3549 2117 3621 über das bleiche Gold der Abendsonne unseren
2147 3565 3069 3625 würdigkeit, die manchmal ein wenig altklug und
30 3565 242 3625 ten Meister
272 3583 1179 3636 würdigeres Buch geschrieben worden. Man hör
1210 3591 3069 3667 leuchtenden Ziele entgegen. Und ich dachte daran, knabenhaft scheint, zur kräftigen Männlichkeit em¬
42 3617 2124 3697 Ferdinand einen jungen Mann, der uns mit sanftem Lächeln wie oft ich selbst in ähnlichen Angelegenheiten durch
2147 3648 3073 3712 vorwachsen wird? Nicht nur für den Novellisten ist
30 3648 2998 3791 Diener Spa¬ die petites ornautés de la vie zeigt. Er ist nie¬ abendliche Straßen gezogen bin. Und wie traurig, die Frage entscheidend, denn käme zu den glän¬
