3248 4256
69 144 672 275 4.9. Anatol-
1176 100 1546 203 box 9/4
836 129 931 240 kl
1836 1034 1914 1106 677
1030 1025 1568 1104 REVUE DE LA QUINZAINE
683 1131 1919 1200 temps. Cela est si vrai que du moment qu'elles viennent de
677 1187 1923 1243 l'étranger, on peut nous donner pour nouveautés des œuvres
683 1242 1922 1301 âgées de plus de vingt ans, nous n'y prenons pas garde. En
683 1298 1919 1359 revanche, nous pourrions peut-être exporter à Vienne ou à
683 1349 1922 1413 Berlin des ouvrages de Jeanne Marni ou de Lavedan première
690 1406 1920 1471 manière. Fiacres, Comment elles se donnent, Leurs Sœurs,
693 1462 1927 1543 semblent très exactement apparentés aux compositions de
693 1513 1923 1580 Schnitzler, qu’il s’agisse de la Ronde ou qu’il s’agisse d'Ana¬
690 1565 1923 1641 tole. Cela rappelle très exactement cette bimbeloterie qui se
696 1621 1920 1691 vendait autrefois dans les magasins sous la dénomination d'ar¬
696 1675 1923 1733 ticles de Paris - et qui se manufacturait à Vienne. Cela
690 1728 1933 1808 n'était d'ailleurs pas désagréable du tout, et la Ronde non plus
693 1782 1927 1842 n'est pas chose désagréable. C'est un peu fabriqué peut-être,
690 1836 1920 1895 un peu artificiel, mais l'artificiel n'est pas nécessairement dé¬
707 1891 1931 1964 plaisant. Celui-ci moins qu'aucun autre. Assurément, lorsque
690 1953 1928 2014 l'on a vu un soldat quitter une fille et rencontrer une femme
690 1995 1930 2059 de chambre, puis quand la femme de chambre a cédé au fils
690 2055 1933 2120 de ses patrons, on a bien pensé que pour répondre à l'impul¬
696 2118 1936 2179 sion de ce premier mouvement, ce jeune homme porterait son
699 2164 1934 2231 désir ailleurs. Une femme mariée vient chez lui et le quitte
696 2220 1939 2292 pour rejoindre son mari. Le mari suit une midinette (en 1912,
696 2276 1938 2343 on disait encore grisette) et la midinette est emmenée par un
696 2338 1936 2396 homme de lettres (en 1912, on ne redoutait pas le mot poète).
694 2379 1938 2462 Le poète en conte à la comédienne, la comédienne reçoit le
696 2435 1942 2501 grand seigneur, et, pour fermer la ronde, non sans arbitraire,
705 2494 1938 2571 le grand seigneur retombe dans le bouge de la fille des rues.
746 2549 1938 2610 Cette donnée ne manque pas d'éternité. Il y a quelque
705 2604 1938 2663 chose d'analogue dans le Candide de Voltaire, mais accompa¬
705 2655 1938 2722 gné d'un sinistre péril, auquel des Esseintes aurait regretté
700 2703 1941 2783 de ne point voir d'allusion chez Schnitzler. Heine a bien du
705 2763 1942 2836 écrire dans l'Intermezzo quelques pièces qui font penser à
690 2816 1941 2900 cela et le charmant Chabaneix, son disciple, a écrit tout de
696 2878 860 2961 même :
964 2928 1426 3011 Le poète suit la catin
1050 2980 1633 3050 Aimant tout d'un cœur tendre,
972 3003 1521 3098 Et la catin suit son destin,
1047 3065 1638 3150 Monter pour mieux descendre,
699 3139 1947 3217 et il n'y a pas jusqu'à la populaire rengaine des Saltimbanques
700 3209 1317 3304 qui ne chante ce pareil amour
