3436 4352
1332 165 1683 265 box 9/5
214 173 696 255 4.9. Anato
934 178 1075 269 kl
491 1503 1558 1572 Eine junge Ehe in Humoresken, rechtzeitig für Weih¬
503 1572 789 1626 nachten heraus.
542 1582 1558 1658 Um eine Schwebung literarischer, mondainer ist der
500 1648 1568 1699 junge Verlag E. P. Tal u. Comp. Seine Haupttätigkeit
500 1681 1564 1737 sammelte sich bisher in der Herausgabe der Bücherreihe
500 1723 1570 1772 »Die 12 Bücher; es liegen davon vor: Romain
500 1764 1564 1815 Rolland »Die Zeit wird kommen, Drama, Uebertragung
496 1803 1572 1848 von Stephan Zweig; Hermann Hesse »Kleiner Garten,
496 1838 1562 1895 Dichtungen und Erlebnisse: Stephan Zweig Fahrten.
496 1879 1565 1927 Losgelöst von politischen, nationalen und überhaupt
506 1918 1554 1977 übermateriellen Gedanken wollen diese Bücher der Wieder
506 1954 1570 2012 erweckung dichterischer Kraft und menschlicher Reinheit
508 2008 1568 2056 gewidmet sein, wollen eine Gemeinschaft von Menschen
503 2037 1566 2088 und Büchern schaffen. Noch rechtzeitig zum Fest wird
503 2073 1566 2125 bei Tal der erste Band der großen zweibändigen Richard
508 2117 1380 2164 Strauß-Biographie von R. Specht erscheinen.
538 2140 1568 2206 Der rührige, ernststrebende Amalthea-Verlag hat ein
504 2198 1568 2246 literarisch-orientalisches Programm; er bringt bewußt das
506 2232 1564 2279 österreichische Kulturbuch. Das nun in diesem Verlage
508 2268 1566 2323 erscheinende Grillparzer-Jahrbuch, H. Bahrs Adalbert
506 2311 1570 2367 Stifter, Pyrkers kulturpolitische Schrift über alpenlän¬
506 2350 1570 2405 disches Oesterreichertum, Minors gesammelte Aufsätze
503 2390 1566 2440 über das Alte und Neue Burgtheater, Kobalds schönes
512 2433 1568 2485 Buch über altwiener Musikstätten sind die Richtzeiger
508 2468 1573 2539 dieses Verlages, sind kostbare Gaben für den aufrechten
512 2517 769 2583 Oesterreicher.
547 2596 1573 2666 Hofrats- und Anatol hatten die große Heerschau über
512 2647 1574 2706 den Wiener literarischen Weihnachtsmarkt 1920 erledigt;
508 2687 1573 2743 sie hatten soviel Wertvolles, Vortreffliches, Schönes
512 2735 1577 2783 gesehen, daß ihnen die Wahl erst recht schwer war. Ich
515 2766 1577 2822 glaube, sagte die Hofrätin, das Billigste von allen Ge¬
503 2807 1292 2866 schenken werden doch die Bücher sein!
550 2818 1573 2900 »Parfüm, Handschuhe, Seidenblusen, Leder und halt die
503 2884 1573 2928 anderen Sachen, ohne die ein Europäer nicht leben
508 2922 1564 2975 kann, sind um 20. bis 200 fache gestiegen; Bücher nur
508 2960 1573 3019 ums achtfache, — kalkulierte Anatol. So ging man denn
518 3003 1580 3075 und erstand als aller Weisheit Schluß zum Christkind
524 3039 1208 3115 1920 — Bücher, und wieder Bücher.
1189 3078 1543 3171 Rudolf Holzer
2180 1529 2758 1617 Bibliographie hierzu
1937 1597 3000 1665 GUSTAV KLIMT von Max Eisler. Ausg. A. Nr. 150
1974 1656 2997 1704 in schwarzem Leder mit Goldschmuck und Vorsatz aus
1979 1696 2996 1748 weicher Seide K 3000.—, M 1500.—. Ausg. B. Nr. 51—500
1977 1736 2795 1780 in schwarzem Pappband K 1200.—, M 600.-
1938 1757 2996 1826 ANZENGRUBER'S SAMTLICHE WERKE (Schroll), 15
1979 1812 2995 1878 Bände auf holzfreiem Papier in geschmackvollem Papp¬
1974 1852 2870 1899 band. 5 Bände liegen vor, je K 80.—, M 25.—.
2013 1886 2996 1939 TIETZE-CONRAT. Oesterreichische Barockplastik.
1977 1933 2996 2002 46 Seiten und 97 Bildertafeln, gebunden K 24.—,
1982 1973 2143 2020 M 12.—
1933 2005 3001 2068 PROF. DR. JUL. SCHLOSSER. Die Sammlung alter
1979 2050 2999 2095 Musikinstrumente. Mit 51 Abbildungen im Text und
1982 2086 2928 2135 57 Lichtdrucktafeln. Gebunden K 600.—, M 200.—.
1938 2125 3000 2183 SHAKESPEARE. Ein Sommernachtstraum. In Pappband
1977 2168 2999 2214 K 50.—, M 10.—, in Halbpergament K 75. M 15.—.
1935 2207 2999 2270 RAIMUND. Der Diamant des Geisterkönigs. In Pappband
1977 2244 2996 2298 K 175.—, M 35.—, in Halblederband K 250.—, M 50.—.
1938 2275 3000 2342 MUSSET. Die Nächte. M 30.—, in Halbleder K 250.—,
1982 2325 2148 2373 M 50.—.
1938 2358 3000 2424 E. T. A. HOFFMANN. Prinzessin Brambilla. In Halbleder
1974 2401 2519 2452 gebunden K 400.—, M 80.—.
1942 2428 2991 2500 VOLTAIRE. Prinzessin von Babylon. In Halbleder ge¬
1977 2478 2484 2528 bunden K 400.-, M 80.—.
1935 2498 2999 2569 EIN QUELL VON TRUG UND SELIGKEITEN. In
1970 2560 2993 2620 Pappband K 60.—, M 12.—, Halblederbd. K 100.—,
1970 2603 2149 2647 M 20.—.
1935 2623 2997 2690 MEISTERWERKE DER GRAPHIE DES 18. JAHR-
1979 2680 2995 2724 HUNDERTS. Aufl. 350 Exemplare. 5 Lieferungen in
1974 2718 2999 2771 Kassette mit 50 Tafeln. Bisher 3 Lieferungen (30 Tafeln,
1970 2761 3001 2811 erschienen, deren Preis zusammen K 4000.— beträgt.
1935 2797 3001 2848 CALLOT. Balli di Sfessania. Zyklus von 24 Kupferstichen
1974 2840 3003 2890 auf handgesch. Büttenpapier. In Mappe K 400.—,
1974 2876 2137 2925 M 80.—.
1942 2893 2993 2967 OESTERREICHISCHE KUNSTRUCHER (Schönbrunn,
1970 2953 2985 3003 Belvedere, Laxenburg, Hofburg u. a.) Preise von K 15.—
1970 2999 2613 3041 bis K 30.—, M 10.— bis M 20.—.
1942 3012 2991 3082 COLLECTION MANZ. Jeder Band gebunden etwa K 50.—
1966 3074 2999 3118 M 20., geheftet etwa K 40.—, M 10.—, Verzeichnisse
1973 3114 2167 3173 zu haben.
