3392 4256
1415 193 1754 301 box 8/5
277 204 1242 319 4.9. Anatol - Zyklus
552 1294 920 1407 OBSERVER
640 1354 972 1466 er behördl.
1131 1386 1825 1494 Berliner Neueste Nachrichten
687 1438 925 1518 ontes
673 1491 839 1569 et
1167 1541 1653 1652 4 DIEMERISTO
708 1597 853 1670 .
597 1618 944 1726 Kontoret.
894 1754 1509 1860 Theater und Musik.
1003 1839 1434 1926 Siehe auch 3. Beilage.)
1037 1901 1366 1978 Lessing=Theater.
717 1937 1785 2030 Zum ersten Mal: Anatol, 5 Einakter von Arthur
609 1990 906 2072 Schnitzler.
702 2050 1785 2115 Sie handeln alle dasselbe Thema ab, die Liebe oder rich¬
618 2112 1789 2156 tiger das Verhältnis. Denn von der Liebe im höchsten
618 2151 1789 2204 Sinne, der lebenverbindenden herzen zwingenden Liebe ist in
621 2189 1785 2248 den meist niedlichen Bagatellen nicht die Rede. Es sind Ein¬
627 2238 1783 2298 fälle, die in einen Alt gedehnt werden, Kaprizen, Stimmungen,
627 2283 1791 2339 Sentiments. Es ist, als ob Schnitzler selber vor den Vorhang
625 2328 1791 2375 träte und ein paar Kapitel aus seiner ars und vortrüge,
618 2366 1789 2418 in leichten, launigen Tone: manchmal ist seine Art pilant
618 2412 1780 2457 und gewagt, dann wieder klingen seine Sätze müde und ele¬
627 2451 1791 2506 gisch — kurzum er verblüfft durch ein stetes Auf und Ab von
627 2497 1792 2543 Gefühlswerten, die aber alle durch die Person des Dichters
627 2541 1795 2590 Anatol zusammengehalten werden. Die Einakter selber muten
624 2584 1783 2636 wie kleine Schattenbilder an, die nach einem Kapitel theoreti¬
636 2627 1786 2677 scher Darlegungen die Schnitzlersche ars amandi gleichsam illu¬
630 2671 1786 2724 cieren — Da ist der Zweifler Anatol, der über der Frage
627 2714 1791 2761 nicht zur Ruhe kommen kann, ob ihm seine (zeitweilige Ge¬
627 2755 1791 2801 liebte auch die Treue hält; der in dem Augenblick aber, da er
633 2798 1786 2845 die „Frage an das Schicksal, frei hat, zurückbeht, weil
630 2842 1786 2894 ihm die Illusion tausendmal mehr wert ist als die Gewißheit.
630 2885 1794 2934 Da ist der von sich und seiner Unwiderstehlichkeit überzeugte
627 2928 1791 2975 Anatol, der von einem Mädel, das ihm einmal eine „Epi¬
624 2974 1789 3028 sode war, felsen jest glaubt, er wäre für diese Arme das Er¬
621 3015 1786 3065 eignis des Lebens gewesen und der am Ende erfahren muß,
621 3053 1786 3109 daß er nicht einmal eine Erinnerung in dem Mädel zu hinter¬
627 3096 1791 3149 lassen verstanden het... Das „Abschieds souper" sieht
624 3145 1795 3199 den in tausend Aengsten und Nöten hangenden Anatol der es
621 3186 1789 3238 nicht über das Herz bringt, seiner Kleinen den Stuhl vor die
624 3229 1807 3297 Türe zu setzen aber in derselben Stunde erlebt, daß sich das
1836 1721 3000 1800 vice versa viel einfacher abwickelt... Weihnachtsein¬
1839 1792 3003 1847 käufe" ist ein anderer Einakter betitelt, der aber mehr die
1836 1836 3002 1888 Stimmungen einer verheirateten Frau ausdeutet, die wohl die
1836 1885 3010 1928 Sehnsucht nach einem (vermeintlichen) Nebenbeiglück plagt, die
1836 1925 3000 1975 aber nicht den Mut zur Sünde hat... „Anatols Hoch¬
1835 1975 2981 2025 zeitsmorgen" ist eine witzige Frechheit, die den „Helden
1836 2012 3000 2061 eine Stunde vor dem Standesamt noch in den Fängen einer
1848 2055 3005 2105 seiner Lieben zeigt — Wie man nach einer Sinfonie oder
1839 2094 2999 2145 Sonate gern einmal einen Chovinschen Walzer hört oder einen
1836 2140 3002 2195 Offenbachschen Rhythmus, so läßt man sich, als Zwischenstück
1836 2184 3000 2236 gewissermaßen zwischen ernster Kunst, auch einmal einen
1851 2226 3002 2283 solchen „Anatol“ gefallen — Nur darf er nicht zu prätentiös
1836 2267 3002 2317 auftreten, sich nicht zu aufdringlich in den Vordergrund
1848 2311 3002 2370 schieben — Gestern abend bedeuteten die fünf Einakter de¬
1842 2348 3008 2410 nahe ein Zuviel — Wenn immer derselbe Ton angeschlagen
1839 2401 2999 2448 wird, werden die Nerven leicht rebellisch —! Wie gesagt: wer
1851 2441 3000 2491 sich einmal gut unterhalten will, ohne gleich in die Tiefe zu
1851 2479 2999 2534 steigen, der stelle die „Frage an das Schicksal", koste die „Epi¬
1848 2534 3000 2583 sode", genieße das „Abschiedssouper usw. Er wird dabei die
1851 2572 3002 2624 Freude haben, Heinz Monnard in allen Stimmungen und
1845 2612 3002 2668 Verstimmungen seines Anatol als einen Schauspieler von
1836 2652 3002 2720 Laune und Geschmack zu bewundern, der es mit Glück ver¬
1839 2707 3005 2754 meidet, Karikaturen zu schneiden, wird in Reicher einen
1836 2736 3000 2797 limonadensanften Mephisto zu diesem Salonsaust belächeln und
1836 2780 3005 2836 in fünf Damen des Lessing=Theaters fünf verschiedene Blätter
1836 2826 2897 2878 aus dem Lebens= und Liebesbuche Anatols aussagen —
1836 2862 3002 2922 Blätter, von denen ein jedes in anderen Charakteren geschrieben
1836 2912 2996 2972 ist — die Damen Somary, Lossen, Sussin, Her¬
2832 2951 2962 3024 Bn.
1836 2959 2279 3037 terich und Friesch.
