3436 4352
258 246 808 336 4.9. Anatol
1369 240 1737 330 box 9/3
855 239 1208 333 Zyklus
809 564 1611 670 Deutsches Volk et
1071 659 1249 727 Nr. 12,
899 853 1706 966 Die Kreditanstalt der Deutsch
1074 954 1677 1016 Zweiganstalt Komotau-
1424 1013 1543 1111 über
1576 1011 1783 1114 der
896 1021 1202 1114 Fleischbank,
1043 1101 1644 1193 verzinst ab 1. Jänner 1923
986 1189 1692 1276 pareinlage
1009 1280 1684 1389 bei jederzeitiger
999 1333 1475 1393 Rückzahlung mit
1019 1384 1669 1442 1jähriger Kündigung mit 4
1602 1433 1737 1518 5
989 1442 1086 1512 1
1023 1617 1714 1711 Kunst, Musik, Literatur.
1071 1684 1610 1773 Komolauer Stadttheater.
1627 1730 1829 1803 niet von
933 1726 1560 1827 Anatol von Arthur Sch.
1563 1784 1827 1845 che waren
843 1793 1369 1851 Fred Hennig. Aus der be¬
852 1815 1826 1881 vier der besten ausgewählt von denen Anatols,
850 1867 1833 1920 des Frauenlieblings, Geschick am charakteristischesten vor
852 1900 1832 1956 unser Auge tritt. Anatols, des Lehenswürdigen Dan¬
855 1943 1829 1993 dys, des bloß den Schaum der Dinge abstreifenden, ihr
855 1985 1829 2038 Aroma einfangenden Findesiecle Menschen eines nun¬
855 2021 1836 2068 mehr verklungenen Wiens. Wie Achill in Homer, so
855 2060 1829 2115 sand dieser Typus seinen echten Herold nur in Schnitz¬
855 2097 1832 2153 ler. Aber in ihm mit der höchsten Vollendung. Das
858 2135 1832 2187 Wien der neunziger Jahre steigt auf, die alte seine
858 2174 1826 2233 Kultur dieser mit Paris in Geschmacksfragen rivalisie¬
852 2211 1829 2256 renden Stadt. Die heutigen jungen Wiener haben, ge¬
852 2260 1832 2305 trieben von Erwerbs= und Schiebergeist, nur noch äuße¬
850 2286 1827 2347 ren Schliff, nicht mehr jenes zärtliche sentimentale Strei¬
852 2329 1836 2374 cheln des Herzens. Die materiellen Grundbedingungen
858 2366 1838 2421 des Lebens haben den Charakter des jungen wohlge¬
858 2405 1838 2461 bildeten und wohlhabenden Genießers schon vor dem
855 2442 1834 2498 Kriege verändert. Die feminine Note in seinem Wesen
864 2482 1834 2536 ist nicht mehr so deutlich. In Anatol ist sie aufs stärkste
855 2521 1829 2569 bemerkbar. Sie tritt immer hervor, wenn eine Kultur
861 2548 1867 2610 Verfalls erscheinungen aufweist. Etwas vom Geiste Os¬
864 2596 1834 2651 kar Wildes schwingt mit in Anatols Seele, seine leicht¬
855 2645 1836 2687 füßige Dialektik, seine Neigung zu Aphorismen und
853 2675 1845 2727 Apercus. Manches interessante, seingeschiene Wort
855 2716 1845 2764 über Liebe, Treu und die Frauen flattert auf. Glitzernde
858 2756 1837 2805 Oberflächenphilosophie, denn von wahrer, tiefer, echter
861 2794 1839 2846 Liebe weiß Anatol nichts. Er ist der Wiener Don
861 2829 1834 2880 Juan ohne die Dämonie des spanischen. Etwas un¬
858 2870 1843 2925 endlich Liebeswürdiges, Bestricken es liegt in der Art
855 2913 1841 2961 dieses Frauenfeßlers. Sie verfallen ihm alle, wenn
858 2948 1834 2996 auch nicht immer für lange Zeit. Die Mittel seiner
855 2985 1838 3036 Verführungskunst leuchten in Makarin Farben,
858 3027 1842 3082 deren intensive Wirkung so bald verblaßte. Wißt ihr
858 3070 1839 3112 noch, was Anal est bedeutete? Jünglinge und
864 3103 1834 3154 Jungfrauen losen das Wort me heißen Augen und
864 3144 1841 3189 heißen, sehnsüchtigem Herzen. Schnitzler hatte mit
860 3178 1845 3241 seiner Schöpfung auf einen Typus hingewiesen und
864 3214 1841 3267 nun vermehrte sich dieser Typus mit Blitzesschnelle.
867 3259 1845 3309 Jeder junge Mann mit Manieren und erotischen Ge¬
861 3295 1845 3348 lüsten meinte schon ein Anatol zu sein und liebkoste sein
861 3337 1841 3378 von der Crotik stark in Erregung versetztes eigene¬
864 3378 1839 3428 Herz. Es war, in gebührendem Abstand genannt, wie
864 3410 1838 3464 einstens mit dem Wertherzummel im 18. Jahrhundert.
864 3449 1836 3503 Man wechselte die Mädchen wie die Hemden und be¬
870 3487 1847 3540 rief sich auf Anatol. Auernheimer hat dann diesen
861 3536 1842 3584 Typus literarisch sehr geschickt in weitere Pflege über¬
861 3567 1846 3620 nommen. Unserer Aufführung kann nur Gutes und
864 3617 1842 3663 stellenweise sehr Gutes nachgesagt werden. Direktor
864 3646 1841 3693 Hennig hat unverkennbar seine eigene Note und einige
864 3695 1855 3734 echte Partikel von Anatols Weltauffassung. Sein
861 3723 1847 3775 feierliches Entree in „Episode war besonders gelungen,
867 3766 1851 3810 die in Heine und Lord Byronschen Weltschmerz (aller¬
864 3808 1857 3857 dings in Verdünnung von 1:10) getauchte Stimmung
861 3835 1874 3895 nach den Absichten des Autors heraufbeschworen. Hen¬
870 3881 1841 3924 nig machte uns durch seine Darstellung Anarols tiefste
874 3921 1853 3974 Erkenntnis klar, da die Summe der Stimmungen, nicht
874 3959 1853 4000 der Erlebnisse, das Glück bedeutet. Er verführt, aber
874 3983 1884 4056 verführt mehr aus Stimmungsbedürfnissen, als aus
2174 638 2645 745 a
1879 735 2857 817 physischen. Dudek hatte die nüchterne, praktische, un¬
1882 802 2862 865 sentimentale Note zu vertreten. Es gelang ihm glän¬
1879 842 2875 901 zend, er schuf seinen Max nach den besten Vorbildern.
1885 884 2851 941 Frl. Nouska wurde bei ihren Erscheinen als Banka
1879 914 2865 976 mit herzlichem Applaus nach ihrem langen Fernfein
1879 957 2844 1014 willkommen geheißen. Ihre beiden Leistungen waren
1876 999 2842 1052 trefflich, vom Geiste Schnitzlers angehaucht. Ihre
1879 1037 2855 1095 Toiletten, besonders das fesche Pyama, wurden mit
1884 1073 2853 1127 stillem Entzücken bewundert. Als Ilona hätte sie die
1876 1110 2841 1165 Ungebärdigkeit des heißen Weiben noch etwas verstär¬
1879 1156 2848 1209 den können. Manche Ilona zerschlägt das ganze Tee¬
1882 1182 2853 1244 geschirr. Frl. Sußmann gab sehr schneidig die
1879 1226 2849 1283 Ballettrakte mit dem sentimentalen Magen. Ihre
1882 1264 2849 1322 Leistung verschwemmt, auch an der unvergleichlichen
1876 1305 2853 1367 Wiener Medelst gemessen, durchaus nicht in wesen¬
1870 1343 2847 1391 losem Scheine. Sie verstand es ganz ausnehmend gut,
1876 1380 2849 1437 die Gemeinheit mit Wiener Charme zu umkleiden. Die
1885 1427 2853 1495 fertige Schöpfung war sichtlich mit sehr viel Fleiß und
1884 1459 2847 1512 Gewissenhaftigkeit geformt werd von Stockungen
1876 1497 2855 1549 war nichts zu merken. Ueberhaupt lief in der ganzen
1882 1535 2849 1589 Aufführung der Apparat licherweise ziemlich laut¬
1885 1577 2855 1629 los. Das herzige Wiener Mädel Cora hatte Frl.
1876 1619 2857 1670 Schicketanz übernommen. Sie war überaus fesch
1879 1654 2858 1708 und nett und diesmal herraschend sicher und bühnen¬
1882 1692 2853 1747 gewandt. Die Rolle ist nur klein, da sie lange zu
1885 1736 2851 1788 schlafen hat, aber sie führte sie recht anmutig und her¬
1876 1766 2860 1831 Da durch. Die Regie ganze für würdige Ausstattung
1881 1818 2014 1896 gefor¬
