3484 4256
1431 152 1788 250 box 8/5
305 172 1271 268 4.9. Anatol - Zyklus
1205 1130 1568 1219 Telephon 12.801.
657 1201 1198 1376 OBSER
508 1357 1556 1440 1. österr. beh. konz. Unternehmen für Zeitungs¬
707 1413 1354 1486 Ausschnitte und Bibliographie.
678 1454 1402 1540 Wien, I., Concordiaplatz 4.
905 1543 1180 1602 Vertretungen
499 1565 1565 1639 in Berlin, Brüssel, Budapest, Chicago, Cleveland, Christiania,
511 1627 1562 1676 Genf, Kopenhagen, London, Madrid, Mailand, Minneapolis,
505 1668 1567 1721 New-York, Paris, Rom, San Francisco, Stockholm, St. Peters¬
902 1703 1176 1760 burg, Toronto.
850 1745 1222 1797 (Quellenangabe ohne Gewähr.)
501 1792 877 1885 Ausschnitt aus:
923 1785 1216 1879 n
721 1874 1182 1969 5
502 1914 654 1978 vom
779 2008 1223 2108 Theater und Musik.
841 2090 1162 2171 Lessingtheater.
487 2158 1593 2216 Arthur Schnitzlers in der Buchhausgabe wohlbekannter Ein¬
409 2201 1601 2256 akterzyklus nating am Sonnabend im Lessingtheater zum ersten
409 2241 1592 2283 Male im Zusammenhange auf der Bühne in Szene, auf der eines der
412 2278 1592 2323 fünf Stücke, das „Abschiedssouper, schon längst Heimatsrecht
418 2320 1598 2372 genießt, zumal da es reisenden Künstlerinnen eine Paraderolle bietet.
421 2360 1593 2408 Fast alle Schauspielerinnen von Ruf haben hier die Annie gespielt.
415 2399 1595 2440 Ihnen gesellte sich am Sonnabend Mathilde Sussin hinzu, sonst eine
410 2423 1599 2486 Darstellerin versonnener, ätherische Frauengestalten. Sie erbrachte
418 2473 1595 2519 den Beweis, daß sie ebenso natürlich den Ton des Uebermuts zu treffen weiß.
406 2515 1595 2564 Auch die „Frage an das Schicksal ist gelegentlich schon aufgeführt
404 2549 1593 2610 worden. Im Mittelpunkt aller fünf Stücke steht die Gestalt Anatols,
412 2595 1595 2644 eines Wiener Snobtyps, eines modernen dekadenten Don Juans
409 2626 1596 2675 ohne alle Dämonie, den der Zuschauer durch einige Liebesepisoden
406 2671 1589 2714 mit den sogenannten „süßen Mädels begleitet. Schnitzlers scharfe
406 2703 1589 2753 Beobachtungsgabe, die in seinen neueren Werken mehr in die Tiefe
418 2751 1586 2794 geht als hier in diesen oberflächlich hingeworfenen Skizzen, läßt auch
415 2787 1589 2837 diese Stückchen immer interessant erscheinen; man merkt, daß sie nach
406 2822 1589 2870 dem lebenden Modell gearbeitet sind und nur die Wirklichkeit ohne
406 2863 1589 2916 alle Nebenabsichten wiedergeben wollen. Am wirkungsvollsten sind
409 2903 1592 2950 wohl die beiden genannten Einakter, deren die Bühne sich schon
407 2944 1589 2993 bemächtigt hat; seine Züge enthält aber auch das Stücklein
421 2983 1593 3032 „Weihnachtseinkäufe, und auch der leise Spott, der durch die
406 3020 1589 3068 Episode hindurchklingt, ist unterhaltsam genug. Anatols
403 3063 1590 3114 Hochzeitsmorgen", das Schlußstück, ist derberen Schlags und
400 3097 1589 3151 überschreitet auch die Grenzen des guten Geschmacks. Die Darstellung
409 3139 1589 3184 konnte nicht besser sein, Herr Monnard zeichnete das weichliche Wesen
403 3182 1590 3225 des Anatol, dieser Wiener Sumpfpflanze, mit diskret andeutenden
409 3213 1586 3267 Strichen und wußte die Gestalt durch die nötige Dosis Gemüt davor
406 3256 1580 3301 zu bewahren, unsympathisch zu berühren. Seinen Freund und Ver¬
400 3295 1583 3335 trauten Max gab Herr Reicher mit feinem Humor. Unter den In¬
409 3332 1586 3390 habern der weiblichen Rollen sind noch Lina Lossen und Irene Triesch
400 3371 831 3438 besonders hervorzuheben.
1879 733 2212 849 „OBSERVER
1856 828 2207 901 I. österr. be¬
1898 875 2149 969 konz
1995 936 2182 1017 Bureau
2479 954 2978 1067 OLLEMORIS
1876 965 2277 1075 für Leitung schrichten
2003 1046 2162 1115 Wien, I.
1910 1085 2258 1173 Konkordiaplatz
2381 1158 3005 1277 Die
2317 1320 2556 1419 Theater.
1931 1394 3010 1506 Lessing=Theater. Zum ersten Male „Anatol“ von Arthur
1853 1451 2070 1528 Schnitzle
1871 1488 3010 1586 noch vor zehn Jahren hatte Otto Brahm das beste Personal,
1852 1567 3011 1632 wie es keine andere Berliner Bühne besaß. Nur wenige davon sind
1849 1614 3010 1684 jetzt noch bei ihm. Bequemlichkeit oder Rückgang seiner Urteils¬
1844 1660 3005 1724 kraft müssen schuld daran sein, daß er nur für unzulänglichen Ersatz
1855 1702 3010 1776 sorgt, denn es gibt an deutschen Bühnen genügenden Nachwuchs. In
1847 1752 3008 1818 den fünf „Anatol-Einaktern ließ er Herrn Monard die Titel¬
1843 1818 3004 1874 rolle spielen. Ganz abgesehen, daß dieser Darsteller von zu schwerer
1844 1847 3007 1914 Körperlichkeit für den graziösen und sensitiven jungen Herrn ist, hat
1847 1908 3001 1968 er auch zu stumpfe schauspielerische Instrumente, um die eleganten
1847 1946 3007 2026 Geisteskapriolen eines Wiener Gemüts mitmachen zu können. Mit
1843 1996 2998 2072 dem Operettendialekt, den sich Herr Monard zurechtgelegt hatte, ver¬
1844 2051 3011 2109 gröberte er die feinen Schnitzlerschen Zeichnungen dermaßen, daß wir
1841 2085 3001 2162 uns nach Matzner vom „Theater des Westens“ sehnten, der weit
1852 2139 3004 2219 feineren Humor für viel tiefer stehende Texte aufzubringen versteht.
1849 2182 2995 2261 Wenig Augenweide bietet dermalen die weibliche Garde des Lessing¬
1846 2232 2992 2316 Theaters. Die Frage drängt sich auf: Wie häßlich darf eigentlich
1838 2277 2998 2356 eine Schauspielerin sein? Müssen wir uns mit den Antworten ab¬
1844 2330 2998 2394 speisen lassen: Alle Frauenzimmer können nicht schön sein, und die
1844 2379 2996 2458 Schönen haben meist kein Talent. Die Wolter war eine Schönheit
1836 2436 2998 2501 ersten Ranges und zugleich ein Genie. Und auch unter den da¬
1838 2485 2995 2536 maligen Talenten hatte keine Schauspielerin ein anormales Aeußeres.
1838 2527 2998 2595 Soviele absonderliche Damen wie jetzt hat es niemals beim Theater
1840 2573 3001 2650 gegeben. Soll es soweit kommen, daß Eltern von einer Tochter sagen:
1837 2622 2992 2698 Sie ist so häßlich, daß wir sie nur zur Bühne gehen lassen können!
1837 2656 2999 2733 Wenigstens sollte im Lessing=Theater affigiert sein: Operngläser zu
1833 2715 2992 2793 benutzen, ist verboten. Diese Angelegenheit, so grausam es ist, muß
1837 2767 2984 2834 einmal energisch angeschnitten werden, zumal es sich im „Anatol¬
1838 2809 2983 2888 Zyklus um das typische „süße Mädel" handelt, das zwar keine regel¬
1836 2855 2983 2937 mäßige Wiener Schönheit, aber stets hübsch ist. Daß unter solchen
1838 2900 2986 2986 Darstellungsmodalitäten die feineren Wirkungen aus den Schnitzler¬
1838 2944 2989 3033 schen Jugendarbeiten nicht herausgeholt wurden, liegt auf der Hand.
1837 3005 2990 3075 Das Publikum belustigte sich über die Witze und Scherze, die an der
1833 3048 2984 3120 Oberfläche lagen, aber in die vom Dichter beabsichtigte Stimmung
1843 3115 3007 3198 wurde es nicht versetzt. Weit bessere Aufführungen von der
1856 3167 2995 3237 „Frage an das Schicksal und vom „Abschiedssouper
1853 3209 3005 3285 hat man schon vor Jahren in Berlin gesehen, und voraussichtlich
1853 3258 3005 3328 werden nun auch die „Weihnachtseinkäufe", „Episode
1862 3308 3007 3374 und „Anatols Hochzeitsmorgen" später einmal von ge¬
1865 3354 3011 3429 eigneteren Darstellern wieder aufgegriffen werden. Im Repertoire
1886 3405 3010 3499 Brahmschen „Lessing=Theaters werden sie nur ein ephemers
1914 3466 2113 3539 ein fristen.
