3296 4224
1218 202 1580 295 box 8/6
107 199 629 300 4.9. Anatol
592 208 1019 323 Zyklu-
17 494 297 595 achten!
20 581 295 679 Telephon 12.
22 836 432 949 Unternehmen für
22 915 149 979 nitte
17 932 443 1047 diaplatz 4.
39 1036 446 1120 Cleveland, Christiania,
31 1097 449 1159 , Mailand, Minneapolis,
20 1131 449 1215 to, Stockholm, St. Peters¬
25 1224 219 1308 Gewähr).
25 1305 516 1392 sche Landes Zeitun¬
25 1381 286 1465 Mannheim
331 1510 435 1614 5
589 1518 2840 1600 Aber der muß glücklich sein dabei und glücklich machen, sonst der Anatol, Herr Kökert der Max. Herrn Kökerts Heimat
587 1594 2846 1642 kann er nicht lieben. Unglückliche Liebe kennt er nicht. Denn war Mitteldeutschland, Herrn Rotmunds Wiege schien in
25 1586 199 1678 ton.
592 1619 2840 1678 jede Liebe bedeutet ihm ja etwas, wenn nicht mehr in der Königsberg gestanden zu haben. Herr Kökert war also
1720 1664 2840 1709 Wien bedeutend näher. Herr Normund kam an die Ge¬
606 1673 1698 1729 Wirklichkeit, so doch in der Erinnerung. Auch Enttäuschungen
1729 1706 2837 1754 stalt, die wir als Anatol kennen, erst heran, als sie zer¬
31 1687 348 1771 naltheater.
589 1715 1695 1765 bereichern, und haben sogar als Reminiscenzen einen größe¬
1720 1745 2840 1788 bröckelte, im „Hochzeitsmorgen". Vorher war er zu deut¬
578 1754 1692 1804 ren Stimmungswert als Beglückungen. Anatol, ob er von
39 1754 334 1824 thur Schnitzler.
1726 1779 2834 1835 lich, zu eruptiv, zu gemacht. Dieses letztere Wort stammt
587 1790 1692 1841 einem Mädel verlassen wird oder es selbst verlassen muß, hat
1720 1818 2843 1875 nicht von mir, sondern von einem meiner Nachbarn, der
34 1832 216 1894 uhrung.
581 1832 1703 1880 immer Mitleid mit sich. Er leidet unter dem Verlassen und
1726 1861 2840 1911 anerkennend schmunzelte: ein gemachter junger Mann. Ja¬
587 1872 1695 1919 Verlassenwerden gleichermaßen. Die Melancholie hängt über
36 1863 556 1948 gestern und heute die Liebe,
1729 1903 2834 1948 wohl, das war Rormunds Anatol! Herr Kökert bringt mehr
587 1908 1695 1967 seinen glücklichsten, leichtsinnigsten Stunden. Hinge sie nicht
62 1925 550 1984 Dichter. Gestern Ho¬
1731 1945 2832 1990 selbstverständliche Ruhe mit. Er bat ja auch mehr Kopf
587 1950 1698 1998 darüber, wären ihm die Stunden weniger wertvoll. Die
70 1962 564 2009 heute Schnitzlers „Ana¬
1729 1976 2837 2032 als Herz zu sein, darf also manch „machen", was der
584 1984 1698 2037 Liebe ist ihm alles, die Geliebte scheint ihm alles. Jede Frau
39 1990 556 2051 örtliche Grundstimmung hat
1729 2023 2077 2077 Anatol nicht darf.
581 2029 1701 2082 hält er für die letzte, solange und weil er von der nächsten
36 2043 556 2093 eines Landes, einer Stadt.
1807 2037 2834 2105 Und die Damen? Da war eine einzige, die mir ein
34 2068 1692 2133 hundert getrennt! Aber dieses noch nichts weiß. Er ist zu einem Teil ein Künstler der Liebe,
1726 2091 2840 2141 neues Bild einer alten Rolle gab: Frl. Orska als Bianca.
589 2110 1698 2158 denn er geht in ihr auf, und zum anderen Teil bleibt er in
36 2130 561 2172 nicht geändert, sondern nur
1729 2138 2840 2183 Die Künstlerin gab ein paar überraschende Bewegungen und
36 2147 1698 2203 auch Hofmannsthal im Jahre dieser seiner Kunst Dilettant, weil er ihre Mittel mehr liebt
1720 2172 2832 2231 auch ein Ganzes, das wirklich nach Liebe aus dem Zirkus
36 2189 1692 2245 nen Prolog dichten, der zur als ihren Zweck und daher ihre Mittel handhabt, ohne ihren
1720 2211 2832 2262 ausfah, allwo sie durch Reisen springt. Frl. Weißen¬
589 2234 1698 2293 Zweck zu erreichen. Er steht also zwischen Künstler= und
36 2237 286 2301 Rosenkavalier.
1720 2253 2840 2290 bacher betätigte sich wiederum als sympathische und ge¬
39 2267 1485 2318 ser Dichtung, die man lieben Dilettantentum, d. h. er ist der Aesthet der Liebe.
1720 2290 2834 2343 wandte Dilettantin. So wie Frl. Rub das Ballettmädel
674 2287 1695 2354 Neben ihm Max, der ältere Freund... Alfred Kerr
36 2318 556 2368 Strauß nur achtet, trat man
1729 2332 2834 2380 im „Abschiedssouper spielte, hat man es schon oft gesehen,
587 2340 1698 2397 hat diesen behäbigen, kugen Genießer endgiltig benamst:
36 2357 556 2405 lles klarer, aber auch kühler,
1720 2371 2840 2413 manchmal besser, manchmal schlechter, aber selten so breit
584 2385 1692 2430 der Betrachterich! Er sieht alles, erkennt einiges und be¬
36 2402 553 2453 Im „Rosenkavalier" erleben
1726 2408 2840 2455 und schwer. Auch Fr. Blankenfeld war mir als
587 2422 1695 2472 schwatzt vieles. Er hält sich zu sehr an die einzelne Frau.
34 2433 564 2484 „Anatole erkennen wir ihre
1729 2441 2837 2498 Ilona zu massiv und kämpferisch, zu wenig lieb und spiele¬
589 2461 1689 2514 Er ist der Nüchterne, denn er geht von dem Einzelfalle aus
36 2484 567 2531 er schildert die Liebe, der
1731 2484 2837 2537 risch. Fri. Hummel begann diskret und zart, wie es
589 2506 1698 2554 Er hat nicht die Kraft zur Deduktion. Die Liebe zerfällt ihm
39 2520 556 2571 Das ist der Unterschied
1729 2523 2837 2579 ihre Art ist, wurde aber ebenfalls zu deutlich. Die Stim¬
589 2542 1513 2599 in Gelegenheiten, die man suchen und nutzen muß.
36 2548 561 2604 keiner Frau, sondern allen
1729 2565 2556 2632 mung, die Stimmung des Ganzen fehlte.
671 2582 1692 2635 Um Max und Anatol die Frauen. Ueber sie ist
36 2590 556 2643 eine Frau mit lebemännischer
1816 2576 2837 2649 Die Inszenierung poussierie die Eleganz der 80er und
584 2624 1675 2683 nichts zu sagen. Sie gleichen sich alle oder gleichen sie
36 2635 553 2680 samtheit der Frauen wird er
1729 2632 2851 2708 90er Jahre. Die Szene der „Weihnachtseinkäufe" war sehr
28 2672 1630 2716 das immer wieder verloren und auch nicht, tun alle dasselbe oder tun auch nicht dasselbe
2666 2680 2809 2745 H. S.
1729 2680 2447 2753 glücklich im Bilde, aber zu belebt.
28 2705 1695 2756 jeder erobert wird. Der arme was weiß ich und was wißt ihr? Wir wissen alle nichts.
592 2747 1692 2812 Wir fühlen ihre Launen und vermuten dahinter einen Willen
20 2750 564 2801 te, die schnell fertig mit dem
589 2789 1698 2834 Wer weß, was von beidem das Wirkliche, das Existente ist.
31 2787 553 2840 der Jungen!) betrifft, nennen
668 2823 1684 2874 Um alle, um Anatol und Max, um Cora, Gabriele
34 2834 556 2888 er aber gar nicht. Der Don
584 2865 1695 2904 Bianca, Annie und Ilona webt die Luft der einen Stadt
25 2862 561 2927 Nachfahren in Dichtung und
587 2902 1692 2947 Wien, dieser Stadt mit den vielen idyllischen Vororten, die
0 2899 564 2975 s Weib, wie ein Jäger sein
1375 2944 1692 3003 — ohne Hast und
589 2944 1339 2989 aber selber nur ein idyllischer Vorort ist
14 2947 558 2997 uan liebt die Jagd — auf das
587 2980 1695 3025 Unrast, mit dem Gemüt und der Gemütlichkeit altfränkischer
14 2991 550 3036 Er ist zu sehr Aesthet, um ein
587 3022 1695 3070 Kleinstädte. Nur hier kann Anatol viele, viele lieben, ohne
11 3025 564 3078 Erobern und eine so hastige
581 3059 1692 3115 ein Schürzenjäger zu sein, nur hier kann er viele Herzen
11 3064 556 3123 sieht — ja, wen liebt er eigent¬
20 3095 1695 3146 kann nur eines, ein einziges beglücken, ohne eines zu brechen. Denn hier gibt es keine
584 3140 1698 3182 Katastrophen. Die Luft ist zu weich dazu und der Himmel
17 3146 550 3196 Nun denn er liebt die Liebe
581 3179 1687 3224 zu blau und das Wort zu kosend und sein Sinn zu flüch¬
17 3182 550 3233 als Lebensinhalt, als seelische
581 3210 1692 3272 tig... Diese untragische Stimmung ist das köstlichste an
14 3219 558 3269 seministenz, kurzum, als eine
581 3250 1692 3300 „Anatol“ und das feinste an der manchmal noch zu thea¬
8 3258 556 3314 atol liebt sich und darum die
584 3292 1692 3351 tralischen Kunst dieser Dialoge. Alles, alles vergeht. Aber
8 3300 561 3359 einem historischen Vorbild für
584 3331 1263 3393 das Vergehen ist schön, so schön.
14 3342 561 3404 Don Juan, sondern nur auf
671 3351 1695 3412 Der Aufführung im Hoftheater merkte man nicht an,
8 3379 553 3426 dar der Feind, Casanova der
28 3407 1695 3463 lebte als Philosoph und starb daß Herr Reiter, der die Regie führte, ein Wiener ist.
589 3446 1695 3499 Nichts von jener melancholischen Gelassenheit, die über die
25 3457 561 3502 Worte: J'ai vécu en philo¬
595 3488 1695 3536 sieben Dialoge fließt wie Sonnenglanz über den Fluß, war
14 3485 564 3558 kr beging tausend schöne Sün¬
14 3527 1695 3578 der sterben zu müssen. Er in der Darstellung. Man pointierte, man unterstrich, man
587 3564 1695 3612 war lustig, weil es der Dichter will, und man war schwer¬
11 3572 297 3626 sicht zu fürchten.
11 3586 1698 3696 blieben, sonst lebt er nicht fällig, trotzdem er es nicht will. Herr Rotmund war
