3436 4256
331 221 1282 322 4.9. Anatol - Zyklus
1446 229 1797 325 box 9/1
794 506 1254 587 (Quellenangabe ohne Gewähr.)
490 571 1673 672 Ausschnitt aus: DESE
749 669 1005 759 25 .. 191
560 717 1615 842 Albertheater. Erstaufführung: Anatol von Arthur
604 800 1614 886 Anatol ist ein Exot. Schon der Name kündigt
486 848 1615 920 das an. Er ist nicht auf herbem deutschem Boden gewachsen,
482 864 1614 959 sondern ein Produkt gewisser Kreise der Donaustadt Wien,
476 904 1614 996 die sich von östlichen Einflüssen nicht losmachen können.
479 943 1614 1036 Anatol ist ein Genußmensch. Er hat Geld zum Genießen
484 987 1608 1072 und genießt jedes Weib, das ihm in den Weg kommt. Da¬
481 1029 1604 1111 mit ist seine Lebensaufgabe erfüllt. Augenscheinlich um sich
490 1061 1603 1147 sympathisch zu machen, hängt er seine Seele, soweit über¬
476 1099 1595 1191 haupt davon die Rede sein kann, ein gefühlvolles Mäntel
475 1145 1606 1233 chen um. Aber die Träne, die ihm aus dem Auge rollt,
473 1183 1589 1257 wirkt widerlich, weil sie nur den Beginn einer neuen Be¬
464 1212 1595 1306 gierde ankündigt. Die Szeur, in der der schlappe, süßliche
473 1254 1601 1345 Dekadent sich den Armen einer Kokotte entwindet, um zum
467 1292 1601 1373 Standesamt zu eilen, muß in ihrer Brutalität jedes feinere
467 1334 1603 1410 Empfinden verletzen. Die fünf Stücke, die uns die Auf¬
464 1363 1604 1452 führung darbot, stellen wohl eine hier und da raffi¬
454 1410 1614 1499 niert gemachte Satire auf das drohenhafte Lehemänner¬
459 1443 1603 1528 um Wiens dar. Aber wie unendlich fern liegt uns dies
454 1494 1589 1570 alles! Selbst die Satire kann uns diese Welt künstlerisch
454 1519 1586 1609 nicht näherbringen, — auch nicht in einer Zeit, wo Prinz
456 1562 1583 1643 Karneval dazu auffordert, über die Stränge zu schlagen
451 1603 1583 1685 Denn Anatol ist ja auch nicht etwa das Produkt einer von
453 1645 1587 1720 allen modernen geistigen Strömungen übersättigten Über¬
454 1671 1583 1762 kultur, die menschliches Mitleid erwecken könnte, sondern
456 1724 1578 1799 einer bornierten Unkultur. Er gehört zu den fanten
448 1755 1580 1833 Blättern, die vom Baume des Lebens fallen, weil die reine
450 1793 1575 1875 Säfte nicht erreichten über sie kann der Fuß achtlos hin¬
447 1832 1578 1911 wegschreiten, und selbst ein Arthur Schnitzler gibt sich ver¬
444 1872 1576 1944 geblich Mühe, uns für Anatols Geilheiten und Feilheiten
448 1917 1570 1990 zu interessieren. Die Darstellung hielt sich vollkommen auf
445 1948 1575 2029 der Höhe. Die weichlichen, patschuldurchdränkten Lebens¬
444 1983 1575 2062 kreise Anatols fanden eine getreue Wiedergabe. Otto
436 2025 1562 2096 Groß gab den Anatol typisch, und Georg Schnel
437 2057 1575 2146 war ihm als kraftvollerer Freund Max ein würdiger
434 2106 1566 2177 Partner. Asta Bergen, Leontine Sagan, Else
448 2138 1578 2215 Saar-Millowitsch, Ide Drexler, Paula
478 2230 1580 2297 Ah — die Freundinnen Anatols, lieferten anerken¬
486 2272 1580 2366 erte Kabinettstücke guter Charakter darstellung, Ra¬
490 2502 896 2590 Ausschnitt aus:
669 2546 1455 2639 RESONER ANZEIGE¬
490 2616 649 2672 vom
781 2624 1040 2678 21. N. 1914
988 2666 1253 2720 6 Uhr.
426 2671 1572 2764 Alberttheater. Freitag den 23. Januar abends 8 Uhr
423 2723 1562 2801 Erstaufführung von Arthur Schnitzlers Anatol
439 2787 1569 2839 Die Dialogreihe Anatol erschien als Schütter erste Buch
437 2825 1562 2878 1893 mit einem Gedicht als Vorwort, das von Lori¬
437 2867 1566 2920 stammte, wie sich damals Hugo v. Hofmannsthal nannte.
442 2902 1562 2951 Als ein Klang aus der Jugendzeit der modernen Wiener
439 2940 1561 2993 Dichtung berührt uns heute der Reigen von Liebesszenen
437 2977 1566 3035 in dem der Dichter und Lebemann Anatol als „leichtsinniger
442 3014 1566 3063 Melancholiker, im Innern tief berührt und doch ohne das
442 3052 1573 3117 Bedürfnis der Treue, durch eine Schar von Mädchen und
456 3137 1586 3193 Frauen geht. An diese sieben Dialognovellen des Schnitz¬
454 3176 1583 3245 lerschen Erstlingswerkes haben sich die Bühnen nur zögernd
456 3206 1576 3271 herangewagt; 1806 führte das Theater der Literarischen Ge¬
468 3262 1583 3307 sellschaft zu Leipzig unter Regie von Karl Heine das Ab¬
453 3287 1583 3360 schiedssouper und den Hochzeitsmorgen auf, die danach
450 3329 1580 3400 öfter mit gutem Erfolge auf deutschen Bühnen erschienen
454 3360 1576 3435 sind. Das Alberttheater unternimmt es für Dresden zu
450 3405 1586 3467 erst, fünf der heiteren, die Stimmung des Wiener Lebens
442 3439 1580 3511 atmenden Stücke dieses Liebesreigens, nämlich: Die Frage
450 3477 1583 3540 an das Schicksal, Weihnachtseinkäufe, Episode, Abschieds¬
444 3520 1581 3600 souper und Anatols Hochzeitsmorgen, zusammenhängend
444 3553 828 3646 szenisch darzustellen.
2230 1309 2643 1398 allen und
2434 1343 3036 1477 wir ihren
1903 1390 2292 1480 Ausschnitt aus:
1902 1486 2190 1569 von
2566 1471 3010 1600 la
2614 1587 2997 1713 de
2350 1755 2621 1853 Kritiken.
1959 1824 3081 1927 Dresden. Alberttheater. „Anatol“ von
1894 1888 3080 1970 Arthur Schnitzlern gesetzt von Dr. Emil
1897 1933 3074 2020 York; fünf belanglose Einakter, Jugendwerke, die
1894 1975 3081 2073 zwar eines gewissen Reizes nicht entbehren, von denen
1886 2046 3070 2098 ein berauschender, stark parfümert-poetischer Duft aus¬
1894 2081 3070 2171 strahlt, denen eine bald derbere, bald sentimentale, bald
1882 2132 3133 2213 übermütige, bald sammetweiche Erotik anhaftet, die aber
1945 2219 3134 2351 letzten Endes tres, blendender Technik doch nur aphrodi¬
1952 2280 3131 2412 sischen Charakter haben. Von den 7 Stücken, aus denen
1941 2344 3128 2459 diese Einakterfolge besteht, hat das Albertiheater fünf
1938 2387 3102 2502 ausgewählt, und zwar „Die Frage an das Schicksal
1931 2437 3125 2560 „Weihnachtseinkäufe", „Episode, „Abschiedssouper und
1930 2488 3122 2600 „Anatols Hochzeitsmorgen". Die beste Wirkung erzielte
1927 2537 3106 2657 „Weihnachtseinkäufe, vielleicht auch infolge des glänzen¬
1924 2572 3109 2694 den Spiels von Leontine Sagan und Otto Groß.
1922 2624 3102 2741 Sonst waren beteiligt Asta Bergen, Else Stassar, Ida
1924 2669 3097 2793 Drexler, Paula Wirth, Georg Schnell. Dekorativ wirkte
1916 2739 3095 2845 „Weihnachtseinkäufe auch am besten, die Zimmer waren
1911 2787 3095 2904 etwas nüchtern. Die Krise wirft ihre finsteren Schatten
1913 2814 3092 2941 schon weit in den Zuhörerraum hinein; denn die zweite
1903 2868 3083 2999 Vorstellung dieser fünf Einakter war erschreckend gering
1896 2909 3086 3052 besucht. Das ist bedauerlich; denn das Alberttheater
1892 2958 3081 3088 hatte sich schon das größte Interesse erobert, und
1892 3007 3083 3147 schließlich muß dann auch noch die Lust der Darsteller
1885 3063 3103 3204 sche, wenn die von der Bühne die nae ghe
1886 3100 2323 3217 Leere blicken müssen.
2568 3161 3033 3257 Otto Hollstein,
