3484 4256
425 178 761 300 4.9. An
786 191 1096 310 tol-
1130 194 1353 308 ku
1549 211 1900 315 box 8/5
1265 995 2475 1110 Das Nebeneinand kriegerisch=unsentimentaler und schwelgerisch¬
1178 1104 2483 1173 empfindsamer Stimmungen wirkt als appetitreizender Kontrast; ebenso
1185 1152 2486 1221 das harte Nebeneinander der bürgerlichen und der hocharistokratischen
1186 1191 2481 1264 Welt, der hemmungslos expansiven, nach außen schlagenden und der
1186 1241 2479 1318 hösisch-gebundenen, nach innen brennenden Temperamente. Höchst
1181 1282 2484 1366 bemerkenswert auch die Geschicklichkeit, mit der das Drama abwechselnd
1186 1338 2484 1414 Einzel=Schicksale und Schicksale der Allgemeinheit in den Mittelpunkt
1189 1386 2488 1465 des Interesses lanciert: Wo der Dichter unbedeutend wird, tritt irgend
1188 1445 2486 1532 eine weltgeschichtliche Bedeutung, die Szene füllend, in den Vorder¬
1189 1499 1735 1595 grund und deckt den Dichter.
1280 1529 2484 1615 Kriegerisch=prunkstrotzende, förmlich schmetternde Kostüme und die
1203 1583 2493 1671 steif-lyrischen Trachten des Jahrhundertanfangs, prangend in zartesten
1206 1638 2493 1727 sentimentalen Farben, erfreuen das Auge. Auch das Ohr kommt nicht
1193 1679 2498 1771 zu kurz. Man schießt mit Kanonen, mit Flinten, mit Revolvern. Man
1203 1727 2501 1817 schießt rechts und links, Granätlein explodieren zierlich, und zwischen
1203 1788 2498 1867 Feuer und Schall verstreicht eine höchst naturalistische kleine Pause.
1208 1834 2503 1926 Für die Aufführung des „Medardus hat das Burgtheater wirklich sein
1208 1896 1690 1975 ganzes Pulver verschossen
1287 1929 2498 2007 Auch schauspielerisch. Aus der Fülle der Gestalten bewahrt man
1199 1972 2498 2061 im Gedächtnis: Hartmanns edlen Thronprätendenten, Balajthys tref¬
1203 2025 2499 2106 lichen, saftigen Eschenbacher, der Frau Bleibtreu starke, unzaghafte
1208 2073 2503 2155 Mütterlichkeit, der Frau Medelsky rührendes Agathchen, Straßnis
1198 2122 2506 2211 gespenstisch-frohen uralten Herrn, Heines meisterhaft kühlen und klugen,
1185 2175 2511 2267 Schicksal spielenden Arzt, Treßlers empfindungstiefen, in Ton und
1214 2216 2512 2306 Gebärde so nobel sparsamen Freund des Medardus (für mein Empfin¬
1206 2267 2511 2348 den eine ganz leere, verunglückte, zu Recht hinkende Figur), Arndts
1204 2316 2507 2400 bitter ironischen Arzt, Fräulein Hofteufels leichtfüßige, immer wie von
1211 2389 2127 2466 Lebenslust gekitzelte, in den Unfug verliebte Zofe.
1305 2399 2517 2504 Protagonisten: Herr Gerasch und Fräulein Wolgemuth. Ich
1211 2463 2514 2554 glaube, man hat diesmal beiden ein bischen unrecht getan. Flamme,
1209 2512 2512 2601 an der man sich wärmen könnte, war nie Herrn Geraschs Sache.
1222 2559 2516 2649 Aber er hat als Medardus doch ein sehr schönes Tempo, hat Schwung
1218 2621 2512 2712 und Leidenschaft und manchmal, wie auf der schönbrunner Treppe,
1216 2661 2512 2750 einen großen Augenblick, in dem man aus seinen Erregungen das
1229 2720 2524 2796 Sturm=Trommeln eines revoltierenden Herzens zu hören meint.
1226 2768 2521 2857 Fräulein Wolgemuth, imponierend durch den Adel ihrer Erscheinung,
1221 2806 2521 2903 wird vielleicht ein wenig überschätzt. Noblesse, Kühle, Unnahbarkeit,
1226 2863 2521 2962 Verachtung mit sie unübertrefflich gut. Wo es auf mehr ankommt,
1229 2911 2524 2995 auf das Durchschimmern der innern, nur gedrosselten, nicht verlöschten
1226 2951 2524 3050 Flammen, auf Botschaft aus den Tiefen dieser spiegelglatten Prinzes¬
1236 3002 2522 3101 sinnen=Seele, da fehlten die rechten Lichter und Klänge. Ob Fräulein
1239 3053 2527 3147 Wolgemuth eine wirklich bedeutende Künstlerin ist, wird sich noch er¬
1231 3114 2531 3195 weisen. Im „Jungen Medardus merkte man nur, daß sie über die
1234 3157 2278 3251 schönsten Mittel verfügt, um Bedeutung zu markieren.
1221 3288 1353 3366 1268
