3484 4224
1405 165 1763 255 box 8/5
291 177 677 285 4.9. Ana
973 180 1139 274 k
793 187 926 282 .
1271 1317 1636 1399 Telephon 12.801.
725 1445 1443 1543 „OBSERVER
565 1537 1620 1619 1. österr. beh. konz. Unternehmen für Zeitungs
771 1587 1420 1641 Ausschnitte und Bibliographie.
741 1635 1473 1727 Wien, I., Concordiaplatz 4.
970 1711 1242 1777 Vertretungen
562 1733 1625 1818 in Berlin, Brüssel, Budapest, Chicago, Cleveland, Christiania,
571 1801 1625 1861 Genf, Kopenhagen, London, Madrid, Mailand, Minneapolis,
567 1834 1617 1893 New-York, Paris, Rom, San Francisco, Stockholm, St. Peters
959 1878 1228 1932 burg, Toronto.
913 1910 1283 1978 (Quellenangabe eine Gewähr.)
562 1954 934 2048 Ausschnitt aus:
1163 1956 1457 2065 C. 1910
850 2037 1733 2128 Königsberger Hartung sche Zeit
557 2079 706 2144 vom
1105 2111 1564 2208 Königsberg i. Pr.
722 2317 1302 2415 Berliner Allerlei.
462 2404 1643 2467 Im Lessingtheater hat Artur Schnitzlers Einakter=
380 2447 1639 2515 quintett „Anatol“ eine freundliche Buchplaude=
383 2497 1643 2548 reien des Geistreichen und Ergrauenden erlebt. Vielleicht waren diese
385 2540 1643 2595 lässig unablässigen Bekenntnisse eines Wiener Lebekünstlers, bis hart an
391 2583 1647 2643 seinen Hochzeitswagen heran, nicht für die Bühne gemeint, ihre saloppe
383 2624 1643 2692 Anmut, ihre weiche, gleitende Eleganz (Melancholie mit Nebenluft er¬
385 2668 1625 2730 reicht uns sicherer vom Buch her — zudem sind das „Abschiedssouper
385 2712 1649 2768 und zwei andere Felder der dramatischen Kabarettschüssel nicht gar selten
383 2755 1652 2828 bereits serviert worden. Immerhin, Anatol mit seinen diversen Lieben
385 2799 1646 2855 und den sich in ihrer trauten Nähe ganz von selbst einstellenden Losgebun¬
385 2844 1641 2901 denheiten, und sein witziger Freund Max schufen sich neue Bewunderer.
373 2885 1643 2959 Heinz Monnard, Emanuel Reicher, Irene Triesch,
388 2929 1646 2993 Lina Lossen nebst andern Kolleginnen schufen dem empfänglichen
383 2974 1652 3040 Publikum einen heiter feinen Genuß, der seine Kraft nicht eigentlich aus
386 3015 1644 3087 einer Dichtgabe zog, vielmehr ästhetische Anregungen zu einer wohlig¬
381 3070 938 3149 müßigen Stimmung verdichtete.
2735 650 3049 747 den 22.
2746 728 2856 813 44
2192 793 2799 881 „OBSERVER
1978 883 3046 950 1. Beterr. behördl. konz. Unternehmen für Zeitungs-Ausschnitte
2170 929 2874 1011 Wien, I., Concordiaplatz 4.
2375 984 2652 1056 Vertretungen
1977 1030 3040 1097 in Berlin, Basel, Budapest, Chicago, Cleveland, Christiania,
1986 1079 3042 1136 Genf, Kopenhagen, London, Madrid, Mailand, Minneapolis,
1983 1114 3042 1173 New-York, Paris, Rom, San Francisco, Stockholm, St. Peters¬
2371 1155 2654 1209 burg, Toronto.
2301 1184 2727 1269 legte den und
1970 1250 2309 1331 Ausschnitt aus
2304 1272 2757 1364 Freie Deutsche Presse
2173 1334 2861 1442 Freisinnige Zeitung, er
2540 1416 2720 1494 7
2401 1438 2866 1540 1910
2003 1578 2915 1695 Kunst und Wissenschaft
2288 1666 2633 1739 Lessing=Theater
1951 1695 3057 1793 Schnitzlers heitermelancholische Anatol-Szenen haben wir
1872 1757 3049 1837 Denn (mit Ausnahme von zwei Gängen) genießen
1874 1801 3053 1875 können; es hat vortrefflich gemundet. Brot allerdings gab es nicht
1867 1839 3048 1907 und Fleisch auch nicht, nur Leckereien und Champagner, doch in
1882 1886 3048 1945 einer deliziösen Art zubereitet und von weichen gepflegten Händen
1880 1916 3051 1996 serviert, beinahe als wäre Schnitzler kein Mann. Anatol ist längst
1866 1967 3049 2034 als Wiener Typus anerkannt, der Typus des reichen Wiener Jung¬
1878 1994 3043 2065 gesellen, der nichts zu tun hat, die Not des Lebens nicht kennt und
1875 2037 3046 2113 dem das Weib im Mittelpunkt des Lebens steht. Dies Weib ist
1871 2075 3037 2149 das liebe süße Mädel“ aus der Vorstadt. Eine melancholische
1872 2108 3046 2182 Stimmung liegt über den witzigen Szenen; hinter dem funkelnden
1869 2147 3046 2228 Dialog gahnt zuweilen die Schalheit und die zwecklose Spielerei
1871 2197 3043 2263 eines solchen Nichtstuers. Dennoch hat man Anatol lieb.
1869 2227 3042 2295 Nur darf man ihn nicht zuviel genießen, und zuweilen
1869 2271 3037 2333 schien es am Sonnabend auch, als ob während der fünf
1871 2314 3030 2375 Szenen eine kleine Ermüdung eintrat, man sehnte sich fast nach
1874 2344 3030 2416 einem herzhaften Schrei. Da gab das Abschiedssouper" in der
1863 2388 3034 2462 Mitte eine gute Auffrischung, jene Szene, die für sich einen richtigen
1861 2426 3034 2502 Einakter darstellt, die Szene mit dem Ballettmädel, das sich zum
1856 2458 3034 2532 letzten Mal einen kleinen Rausch antrinkt, weil sie nun einen
1852 2505 3029 2573 „Kollegen“ liebt, der ihr kein Souper mehr geben kann. Obgleich
1856 2537 3027 2614 das Abschiedssouper den stärksten Beifall fand, hat mir die kurze
1856 2587 3027 2646 Straßenszene „Weihnachtseinkäufe am besten gefallen.
1859 2617 3027 2695 Hier wurde leise an die Tragik der Dame von Weit gerührt, hier
1850 2665 3029 2722 war mehr als Spielerei. Und Lina Lossen verstand es, mit
1858 2704 3023 2769 ein paar weich herben Akzenten in die Nacht der schimmernden be¬
1853 2742 3027 2807 neideten reichen Dame blicken zu lassen: Sie möchte auch gar zu
1863 2773 3026 2861 gern einmal ein liebes süßes Mädel sein, aber sie hat nicht den
1855 2812 2040 2867 Mut dazu.
1929 2841 3023 2920 Heinz Monnard zeichnete den Anatol in den verschiedensten
1853 2890 3019 2956 Phasen, die er äußerlich schon durch seine Haare andeutete; im
1853 2934 3016 3002 Anfang ein üppiger Wald, am Schluß waren die Haare fast ganz
1844 2978 3023 3045 weg amüsiert. Monnard war etwas zu schwer und zu massig, sein
1847 3011 3019 3073 Organ zu hämmern; aber er interessierte. Auch Emanuel
1842 3048 3023 3125 Reicher war nicht das Ideal des klugen, blasierten Freundes
1845 3087 3026 3151 Max; nicht wienerisch fesch genug, mehr ein ironischer Philister.
1850 3125 3016 3192 Die vier verschiedenen „Mädels" wurden in buntem Reigen von
1853 3165 3018 3235 Paula Somary, Hilde Herterich, Irene Triesch und Mathilde Sussin
1847 3211 3019 3265 dargestellt, von denen sich die letzte in der Schwipsszene des Ab¬
1852 3246 3015 3315 schiedssoupers einen Extraapplaus holte, obwohl sie wenig von der
1850 3285 3013 3352 Weichheit des süßen Mädels hatte und eher etwas berlinisch war.
1848 3320 3013 3407 Der Erfolg der fünf, schon achtzehn Jahre alten Kleinigkeiten (Regie
1847 3361 2361 3420 Emil Lessing) war sehr groß.
2817 3377 2936 3447 Schk.
