3344 4256
158 43 355 118 ron de
165 104 344 147 ou can al
2553 108 3289 165 dom. Because you'd grown a pretty woman
158 136 359 197 den across
2561 143 3274 190 by now, and really, he's a precious fool
1836 118 2069 208 Arthur
2561 179 3278 222 So you learned to flirt, harmlessly enough
176 183 351 255 of great
2553 208 3278 255 no doubt! You tell me l'm the only man
1937 194 2267 280 Schnitzler
158 233 334 283 spring.
2557 247 3281 290 you've ever really loved. I can't prove it
158 269 362 326 y now and
2557 276 3274 341 but let's say that's so. It flatters met
2059 262 2166 341 the
165 308 273 359 now
2553 316 2729 359 believe it
169 319 380 398 the
2600 319 2912 387 You call me a flirt.
1865 330 2148 412 Austrian
2593 344 3289 445 told you ever inde in that venu
183 377 351 445 Shall we
2535 387 2751 466 hypocris
2041 380 2457 502 Marg.
165 423 351 484 something
2589 416 2901 484 Oh, you're unjust
165 470 348 527 wallpaper
2589 452 3278 527 Am 12 Then real temptation came. You
2360 377 2464 552 )
2550 495 3271 567 played with it, you were longing for a ro
2553 549 3285 592 mance. For you grew pretter than ever
154 556 348 631 furnish the
2546 574 3281 624 and your husband more of a fool. He was
366 581 975 656 Max Was she so very impudent:
1097 613 3281 660 think of it will days later, no idea where Anatol is there in a private room accom¬ getting at too and ugly. So at last your
391 631 1072 703 Anatol-When I found her out. Thron
2561 649 3278 689 conscience yielded. You coolly looked
1101 646 1384 706 you put it down
351 653 542 714 her away.
1818 660 2532 710 panied by Mar. They are waiting the
158 649 298 721 et, and
2553 678 3285 742 round for a lover and chanced to hit upon
1122 660 1700 739 Fare the well, my lost umbre la
387 671 854 746 Maximpudent little liar
1825 703 2539 742 arrival of a lady. It becomes evident
158 710 344 767 ws what
391 692 2543 789 Anatol-No, you mustn't insult her eighth label.) What's this one? Sweet that Anatol means to impart to this lady
2582 721 2923 800 Chance to it upon¬
1094 764 1539 807 and dear you were to me.
158 753 1051 828 have held her in my arms. She is sacred.
1818 778 2535 825 the sad news that he loves another. It
2593 760 3281 828 Yes, if it hadn't been me it would have
384 803 1069 871 Max How stupid of me! Who's next
1133 800 2532 868 Girl with roughened finger tips. Pastees, however, that the lady herself
2557 803 3285 875 been the next man. You thought you were
366 821 656 879 (A third packet.
158 825 316 904 ou now.
2553 857 3285 900 unhappily married, or at least not happily
1811 850 2528 904 has suffered a change of heart. She come
369 850 1011 914 When sad, my child, and sick of earth.
1126 850 1467 907 Oh, that was Hilda.
2553 889 3285 932 married enough. You wanted to be, one
1133 886 1495 943 You remember Hilda
380 900 1072 965 My thought to your Young Man fly far
1815 889 3285 961 from the ballet of the Vienna Opera House, as it loved. Of course, it was just
165 893 330 968 when yo
355 922 918 979 And then I laugh for all I'm worth
1811 940 2532 983 the charming Mimi, and when Anato
1130 940 1492 979 What became of her
2557 958 3281 997 flirtation between us at first. We skated
384 943 1029 1033 Oh, dear, how funny some things are!
1122 972 1528 1029 She married a milkman
1811 975 3278 1029 begins to admit his cooling affections quite skifully over thin ice. Till one fine
394 1004 767 1051 Anatole they were
1122 1008 1356 1047 Did she now
1807 1011 3278 1076 she is ready. The interview between day, what was it? One of your friends
158 993 334 1083 ep on the
394 1036 742 1083 Max What's inside¬
1119 1018 2503 1105 That's what happens. I love a girl I'm them on this delicate points runs thus
2546 1054 3278 1105 looking happier than usual, the sight of
384 1076 1797 1119 Anatola photograph. She and the all the world to her, and then she marries
2550 1094 3285 1140 some merry little bagage in a box at the
348 1090 574 1158 Young Man.
1847 1094 2525 1169 Anatol-Well, now, who's the lucky fel
1087 1108 1793 1176 a milkman. A der child. I hope it's been
2550 1130 3281 1169 theatre. Well, and why shouldn't I said
1807 1108 1897 1183 low
380 1122 886 1198 Max Did you know him too?
1079 1140 1356 1205 good for trade.
2553 1158 3274 1201 you. And you took the plunge. Leaving
1843 1158 2521 1237 Mimi If I told you you wouldn't be an
158 1169 344 1244 ound your
2546 1194 3281 1259 our fine phrases, that's the story of this little
1822 1201 1926 1255 wiser
2546 1230 2740 1284 adventure.
1843 1216 2525 1280 Anatol-But what sort of a chap Ho¬
1811 1255 2528 1341 did you come across him? What does he
2575 1255 3278 1323 In vain Anatolendeavors to add a note
1807 1305 1980 1366 look like
2539 1313 3274 1363 of new passion to their affair by begging
154 1302 337 1384 to say
1847 1320 2500 1391 Mimi He's a perfect picture of a man.
2539 1359 3278 1406 her to elope with him to Sicilly. It is quite
1843 1381 2467 1424 Anatol-Oh, that's enough, of course
2539 1399 3271 1442 impossible for her to see the necessity
158 1384 337 1452 peated.
1843 1413 3267 1474 Mimi-It's got to be (She restarts her that since she is able to see him over
1807 1442 2503 1513 chant of self-sacrifice). No more oysters
154 1434 341 1531 el me the
2543 1470 3274 1517 day as it is. So they part again and again
1847 1485 2299 1524 Anatoles, you said that.
2539 1513 3271 1549 she promises to return to him at the
1836 1513 2320 1560 Mimino more champagne
158 1510 334 1599 ack again
1847 1524 3271 1596 Anatolam it, is that his only next day, Anato see his only triumph
2543 1585 3267 1635 in the fact that she had to be for a kiss
1811 1585 2525 1639 for existence, not being able to stand you
1807 1628 2209 1678 oystes and champagne
2539 1621 3271 1689 The humor of this episode is a little les
2539 1660 3059 1721 telling than that of the others.
1843 1639 2360 1711 Max He couldn't live by that.
2575 1678 3271 1754 Perhaps The Wedding Day, which
154 1682 344 1772 one von
1843 1686 2521 1747 Mimi What's the odd as long as I love
1807 1743 2521 1786 hil I'm going to try throwing myself
2539 1736 3278 1793 ende this jolly little series of miniatures
158 1754 373 1836 he has no
1807 1779 3263 1851 away for once; I've never felt like this about of the gay life is about the most musi¬
1811 1811 2069 1861 any one before.
2539 1822 3271 1865 of them all. It is after the dinner at the
172 1822 348 1904 world to
1836 1829 3271 1904 Max with a tento could have use of Anton. They have al¬
1811 1883 3267 1965 given you an eighteen penny supper, you been boring one another with their at
161 1890 337 1972 die heu¬
1807 1926 1922 1983 knew.
2539 1940 3260 1983 tempts at gayety under auch forma
1836 1940 3274 2044 Anatole he a oleks le he a chimney circumstances. After it is over Anato
1800 1987 2381 2051 seen? Ja he candlestick maker
2535 2019 3278 2062 in the search for some gayety goes to the
158 1994 337 2062 ting cold
1836 2044 2317 2102 Mimi Don't you insult him.
154 2051 351 2116 seem to be
2535 2059 3274 2105 opera ball, which happens to be on that
1840 2080 2076 2119 Max Tollus
2539 2094 3274 2141 night. It is not long before he meets
1840 2087 2195 2152 Mimmi He's an artist.
151 2098 344 2177 dn't have
2535 2127 3274 2191 in Lond an old friend. They have been
1847 2134 2274 2191 Anatol-Music hall artist?
2539 2173 3263 2216 parted for some time. Both the pleasure
1843 2155 2514 2227 Mimi (with dignity as a fellow arti¬
161 2170 341 2249 detine
2539 2213 3274 2256 out of the meeting. They order a bottle
1800 2202 1947 2263 of mine
2539 2241 3253 2292 of champagne and sit so long sippin,
1833 2227 2510 2295 Anatol-Oh, an old friend You've been
161 2227 337 2313 na some¬
1800 2284 3267 2335 seeing a lot of him? Now then how to it that it is in the more the
1804 2324 2302 2378 have you been deceiving me?
2535 2313 3278 2363 reach Anatole rooms. it goes
151 2299 341 2385 ed to help
1836 2360 3260 2417 Mimi should be teliin, you had to sleep and only awakens when
154 2367 258 2439 Puble.
1804 2392 2894 2439 I'm taking you at your word and speaking has begun to dress
151 2421 330 2464 are when
1807 2424 2184 2485 out before it's too late¬
2568 2414 3263 2485 Then there comes the dificulty of ge¬
158 2460 334 2510 see that
1829 2435 3267 2521 Anatol-How long have you been in love in Lond away. He does not tell ber
154 2496 334 2557 There¬
1804 2496 3274 2571 with him? You've been thinking things hat die
1800 2528 2037 2582 haven't you
2532 2553 3263 2600 suspects after a while that it really is
1829 2539 2374 2607 Mimi Well, I couldn't help that
2532 2593 3267 2654 Anatole marriage. In spite of her deter¬
1836 2568 2467 2661 Anatol this temper rising fast ni¬
154 2607 330 2679 catur.
1836 2632 2066 2679 Max Anato
2528 2636 3253 2683 mination Anato escapes in time for the
1840 2643 2338 2708 Anatole I know the fellow
154 2665 323 2726 send
2539 2668 3256 2718 wedding, after Max has gone had to
1840 2675 3246 2758 Mimi dont suppose you've ever noticed prepare the queste for any possible de
1797 2715 3249 2794 him. He's in the chorus. He'll come to the part of the bridegroom Oes¬
1793 2772 1972 2830 the front.
2528 2783 3267 2833 quet is smashed, but the white flowers
1829 2783 2435 2862 Anatol-When did this affair start?
154 2787 330 2862 tell the
2532 2819 3263 2869 intended for the bride are saved. In spite
1829 2840 2116 2887 Mimo nicht.
154 2844 330 2898 are from
2521 2862 3263 2905 of her tantum Anat is half sorry for the
1840 2851 2234 2930 Anatol-That's not true
154 2887 323 2948 as happy
1829 2901 3260 2951 Mimit is. To-night I knew it was my young woman who displays so much real
154 2926 301 2977 pourage.
1800 2923 1894 3002 fate.
2532 2941 3228 2998 effection for him, although he runs way
154 2962 330 3016 ore com¬
1836 2959 2424 3038 Anatol-Your fate Max, her fate
2561 2980 3246 3030 Perhaps after a while he also will
147 3002 323 3052 ment of
1829 3012 2363 3066 Mimies, my fate. Why not
2528 3012 3263 3066 write another cycle showing the love affai¬
154 3041 323 3099 puhtal
1833 3027 2500 3088 Anatol-Now, I want the whole story
2532 3063 3249 3102 of his hero during married life, Of course
147 3077 326 3134 de affairs.
1790 3070 2503 3138 I've a right to it. You still belong to me
2525 3102 3256 3142 everybody knows that Anatol is bound
1790 3116 2507 3159 remember. How long has this been goin¬
158 3124 323 3177 and so
1797 3142 3124 3213 on: how did it begin when had be the have them in every incarnation
154 3156 326 3213 be easily
1797 3188 1998 3242 impudence
151 3199 319 3246 a new
1825 3195 2521 3285 Max Yes, I think you ought to tell us
154 3231 323 3281 ble until
427 3220 1187 3299 John Marmore to be the
2557 3231 3246 3307 The principal entertaines at Proctor¬
1793 3249 1886 3307 that
158 3278 319 3332 timental
1825 3289 3249 3335 Mimi impatient for the first time. Fift Avenue Theatre this weck will be
516 3289 1205 3371 i American Anatol
151 3317 326 3367 during
1800 3321 3249 3367 Oh, this is all the thanks I get for doing the Emma Carus, the musical comédienne,
147 3350 316 3403 en Ma¬
1793 3364 3260 3400 straight thing. Suppose I'd gone like and Jessie Busley, the actress, Mire Carus
147 3389 323 3436 take out
1793 3396 3246 3439 Florre with Von Glen. He hasn't found will present a half our combination of
2521 3428 3253 3475 nengs and patter. Miss Busley will make her
1790 3425 2324 3479 out yet about her and Hubert.
154 3432 319 3489 conver¬
355 3428 1054 3504 Anatol-That's what was so funny, He
1094 3425 1775 3497 It is when one of the subjects of his
2521 3464 3246 3504 vaudeville début in a satire of depart¬
1829 3468 2116 3507 Anatole will.
326 3471 950 3532 really was quite an exceptional fool.
1065 3475 1772 3536 memories who was most sentimentally
1825 3493 3246 3540 Mimi Well, he may. And then again ment store life by Rupert Hughes, en¬
362 3515 3246 3608 Max Hugh she has held him in her described by Anatol comes to call on Max he mayt. But you wouldn't have. I title "Miss 318." Another strong fee¬
143 3525 649 3611 I though arms, he la sacred
2521 3572 3246 3611 ture, Trovat, the ecentric violinist, and
1062 3565 2482 3611 and finds Anatol there that the clima know a thing or two more than you do.
362 3565 703 3636 Anatolyou shut up
1833 3593 3235 3644 (For proper emphasis she pours qui serious interest will be added by the
1062 3604 1775 3662 of this scene is reached. Although Anato
359 3615 1036 3669 Max Stand down, my child, with you
136 3604 316 3683 nothing
2525 3629 3242 3676 production of Harrison Armstrongs play¬
1062 3629 2195 3683 had spoken with the most passionate another glass of wine.
326 3640 1040 3705 exceptionally foolish and mirth provokin,
2521 3665 3246 3712 let of police doings, "Hushed up. Others
1829 3647 2406 3719 Anatol-Haven't you had enough
1062 3683 1775 3726 eloquence about her, it seems that she has
140 3669 290 3744 Matilda
2532 3697 3249 3744 to appear are Charles and Fannie Van in
1829 3690 2507 3769 Mimi What, when it's the last I shal
334 3701 1775 3798 young man. (With a fourth package.) altogether forgotten him. She quite
147 3719 542 3776 e, but I'd What's this:
2539 3737 3246 3780 "A Case of Emergency"; the Four Har¬
1062 3755 1779 3801 fails, to recognize Anatol and when told
147 3762 308 3805 man
362 3737 617 3805 Anatol-What
2521 3766 3246 3812 monie Maids," Gordon and Marx, come¬
1825 3751 2453 3816 Max (with a nod For a week or so,
1054 3794 1779 3844 that he is an old friend confuses him with
366 3783 814 3848 Max A box on the ears.
147 3794 330 3859 kies her
1825 3801 3246 3862 Mimi (with a winkon't you think it. dians; Van Cleve, Denton and Pete," and
366 3823 875 3895 Anatolb, oh yes, yes, yes
1040 3830 3163 3895 la new acquaintance in St. Petersburg I'm going to stick to Carl. I love him for Delmore and Les, premier acrobats
