3344 4256
203 166 472 266 4.9.
605 183 699 249 to
605 226 695 289 .
1317 166 1673 266 box 9/11
845 160 1081 283 Zykle
1730 1081 3243 1181 großer Zahl und aus begrüßte ihn mit herbeigeführt werden
1660 1131 3263 1211 als Vetter. Der liebenswürdige Greis aber wandte wird die gleiche Wirkung
675 1144 1640 1241 Regierung und Arnauten. Die Regierung ist
1663 1197 3266 1257 sich ab, verließ die zärtlichen Verwandten und zog lung hervorgerufen und de
605 1217 3246 1287 ernstlich bemüht, die Arnauten in der Gegend von laut „Baul. B. nach Würzburg, wo er ein einsames macht. Und last not least,
599 1264 3276 1344 Ipek davon zu überzeugen, daß sie den guten Wil= Leben führt und bereits manche Stiftung zu wohltä= Erfolge bei Behandlung mit
609 1307 1637 1357 len hat, Reformen einzuführen und den Be¬
1663 1321 3280 1370 tigen Zwecken gemacht hat. In die Heimatgemeinde halationszwecken. Die Erfah¬
609 1347 3270 1437 dürfnissen der Arnauten gerecht zu werden. Der desselben wird von seinem Gelde wohl wenig binierten Behandlung stam¬
605 1384 1833 1444 Mutessariff von Jpek ist beauftragt worden, unver= sommen.
2698 1404 3263 1454 In unserem Vaterlande hab
1653 1493 3256 1550 mals von seinen Zweifeln befreien kann. So huschen daß dies das letzte Souper
1653 1540 3263 1597 sie durch sein Zimmer: das süße Mädel aus der Anatol das Gefühl des betr
805 1510 1424 1643 Stadt-Theater.
1646 1583 2684 1650 Vorstadt, die verheiratete Frau, die Zirkusdame und
2708 1593 3263 1650 sieht sich in eine Rolle gedrä
935 1610 1597 1716 Heidelberg, 17. Juni 1912.
1646 1633 2678 1690 das Theatermädel. Und jede läßt irgend einen
2704 1643 3270 1696 mag: in die Rolle eines Lieb¬
1038 1676 1207 1750 Anatol.
1653 1683 2674 1740 Schmerz in der Erinnerung zurück. Jede bleib¬
2701 1686 3266 1756 wird. Und da gesteht er de
615 1703 1627 1803 Einakter=Zyklus von Arthur Schnitzler
1656 1733 3236 1793 ihm, trotzdem sie nun irgendwo ein anderes Glück eine andere Geliebte habe.
1653 1773 3266 1856 gefunden hat, mit tausend Fäden verbunden. Und davon, der Treulosen den T.
665 1783 1627 1846 In diesen Tagen hat er seinen fünfzigsten Ge¬
1656 1836 3260 1886 dieser Duft wehmutsvoller Erinnerung, dieser Hauch heißer Zorn steigt in ihm
602 1846 1623 1906 burtstag gefeiert: der Arthur Schnitzler. Und wie
1656 1886 3266 1946 von zerflossenen Träumen und erloschenen Liebes¬ Rache. In Worten gegense
602 1889 1623 1946 alle haben in diesen Tagen wieder aufs neue gefühlt
1656 1929 3260 1989 stunden umweht uns und es geschieht, daß sich da gegenseitigen Hasses enthüllt
599 1943 1627 2002 was für ein wundervoller Mensch dieser Wiener ist
1653 1982 2671 2046 unsere eigenen Schicksale mit den Schicksalen dieser
2698 1989 3270 2042 schen für einen Augenblick ein
602 1992 1630 2042 Alle Menschen, die er geschildert hat, sind da wieder
1650 2029 2312 2092 Menschen phantastisch vermischen.
2704 2036 3273 2089 sucht und so etwas wie Brut
605 2046 1623 2096 vor uns lebendig geworden: diese Menschen, die
1716 2042 2671 2159 Als erstes Stück spielte man gestern „Weih¬
2698 2076 3266 2149 mit der Liebe so traulich unt
612 2089 1623 2149 durch die weiche Atmosphäre der Wienerstadt ihr
1646 2125 2684 2182 nachtseinkäufe, einen Dialog, in dem eine
2751 2132 3263 2185 Zum Schluß: „Anato
609 2135 1623 2202 leises Glück und ihr leises Weh tragen, deren Leben
1653 2175 3266 2239 stille Liebe von melancholischen Lichtern umglimmt gen“. Auch hier ein Abschi
602 2185 1630 2239 von einem entzückenden Leichtsinn und zugleich von
2698 2232 3263 2282 vom Junggesellenleben, den
605 2225 2671 2292 der Melancholie eines sterbenden Herbsttages erfüllt ist. Auf der Straße treffen sie sich: Anatol und Ga
1680 2272 2674 2328 briele, die verheiratete Frau. Am Weihnachtsabend
2704 2275 3270 2332 jenem Leben, das so voller
602 2288 1623 2345 und deren Dasein auf so vielfältige Weise von selt
1650 2318 3276 2388 Zwischen Ironie und melancholischer Heiterkeit, wäh¬ Es ist der Abschied von der
615 2335 1214 2412 samen Schicksalen umstellt ist.
1646 2375 2674 2425 rend Anatol von seiner Geliebten spricht, die de
2701 2378 3270 2431 ner, von verschwiegenen Zim¬
1650 2415 2671 2471 draußen wohnt in den kleinen Gassen der Vorstadt
2698 2425 3263 2485 Abschied ist nicht leicht, weil
675 2425 1623 2511 Gestern gabs in unserem Stadttheater eine
1660 2471 2664 2525 fühlt Gabriele, daß eigentlich sie selbst Anatol.
2701 2475 3273 2551 an die Hochzeitskomödie gla¬
609 2475 1620 2551 Schnitzler-Feier. Die Stuttgarter Gäste spiel
1660 2511 2674 2581 Geliebte ist, daß das Glück greifbar vor ihr steht
2701 2518 3080 2588 für sich reklamiert.
602 2545 1623 2611 ten drei Stücke aus dem „Anatol“=Zyklus und sie
1650 2568 2671 2651 und daß sie es nicht nehmen kann, weil sie nicht der
2757 2541 3270 2628 Alle diese kleinen Szenen
615 2598 1627 2671 haben uns damit einen Abend geschenkt, für den wir
1650 2611 1946 2681 Mut dazu hat.
2701 2621 3266 2684 aber ihren höchsten Reiz erst
615 2648 1347 2704 hnen eigentlich dankbar sein müssen
1716 2631 2668 2724 Das „Abschiedssouper" ist ein Kabi¬
2698 2674 3260 2724 gen des Dialogs, durch die
662 2688 1623 2767 Das ist nämlich das Entzückendste, was Schnitz
1646 2718 2671 2777 nettsstück Schnitzlerscher Psychologie. Anatol feier¬
2698 2721 3263 2777 denen die Atmosphäre von
602 2767 3280 2824 er geschrieben hat: dieser „Anatol“. Hier hat er Abschied. Er ist der Liebelei mit Annie müde, weil sinn der jungen Jahre ame
612 2804 1627 2864 die Gestalt des Wiener jungen Mannes geschildert,
1660 2811 3273 2891 sein Herz längst wieder einer anderen gehört. Scho-Schnitzlerische. Das erst me
615 2857 2674 2914 der mit lässiger Grazie von einer Liebe zur andern nend will er ihr sagen, daß es aus ist zwischen
2698 2864 2970 2940 Einakter aus.
609 2907 1620 2960 geht. Hier hat er den leichtsinnigen Melancholiken
1653 2907 2664 2967 ihnen; so schmerzlos wie möglich soll der Abschie¬
2757 2897 3253 2970 Aber diesen Zauber, der
619 2954 2668 3017 gezeichnet, der in jedem Glück schon düster die sein. Da tritt nun aber der Fall ein, daß auch Anni¬
2698 2934 3270 3034 strömt, haben die Stuttgart
615 2994 2668 3063 Sterbestunde der Liebe ahnt, der jede Liebe mit einer der Episode müde ist, weil auch ihre Liebe bereits
2698 3017 3266 3077 vermocht. Was der Auffüh¬
615 3050 1617 3110 neuen Illusion beginnt und jede Liebe langsam er
1643 3050 2275 3110 anderswo vor Anker ging.
2345 3057 2674 3123 Es wäre also
2701 3053 3273 3117 leichte Wienertum. Der Leich
615 3093 1627 3157 natten sieht, weil er Skeptiker ist, weil er seine Ge¬
1653 3107 2664 3160 alles in bester Ordnung und es könnte ein recht ver
2694 3113 3273 3173 und ihm fehlte die Melanchol
615 3147 3246 3243 fühle mißtrauisch kontrolliert und weil er sich nie- gnügter Abschied sein. Aber als Annie davon spricht, stellung, die sich durch die
652 3197 1437 3369 Derved that
888 3323 1404 3493 16
