3436 4224
1388 163 1758 276 box 8/5
628 170 798 261 al
268 170 537 291 4.9.
624 170 1195 287 Zyklu-
1146 503 1505 628 Telephon 12.801.
597 571 1153 786 OBSER
435 749 1505 855 1. österr. beh. konz. Unternehmen für Zeitungs¬
643 809 1305 881 Ausschnitte und Bibliographie.
613 843 1350 960 Wien, I., Concordiaplatz 4.
839 926 1131 987 Vertretungen
442 926 1505 1047 in Berlin, Brüssel, Budapest, Chicago, Cleveland. Christiania
446 1017 1516 1074 Genf, Kopenhagen, London, Madrid, Mailand, Minneapolis,
446 1055 1509 1153 New-York, Paris, Rom, San Francisco, Stockholm, St. Peters
839 1097 1123 1153 burg, Toronto.
798 1127 1172 1206 (Quellenangabe ohne Gewähr.
957 1134 1456 1293 Helena Salon
450 1191 832 1297 Ausschnitt aus:
1100 1248 1339 1357 Garten
454 1301 938 1437 41
431 1426 1754 1543 Direktor Brahm hat mit dem Schnitzler=Abend im Lessing¬
318 1497 1754 1584 Theater sein Publikum in die angeregte erkeit versetzt. Die
329 1565 1747 1634 fünf Anatol-Einakter, von denen das „Abschiedssouper der bekannteste
329 1615 1751 1694 und auch wirkungskräftigste ist, weckten die wohligste und behaglichste
333 1660 1751 1728 Stimmung. Heinz Monnard, Emanuel Reicher, sowie die Damen
329 1705 1751 1789 Triesch, Herterich, Sussin, Lossen und Somary spielten die liebens¬
321 1754 1134 1819 würdigen Plaudereien in bester Laune.
420 1773 1747 1879 Mit Nestroys alter Posse „Der Zerrissene" hat das Neue
321 1849 1747 1936 Schauspielhaus einen so fröhlichen Erfolg errungen, daß Direktor
318 1894 1751 1978 Halm davon wohl selbst überrascht gewesen sein mag. Das aus¬
329 1959 1747 2023 gelassen lustige und dabei doch auch nachdenkliche Werk wurde be¬
321 2023 1751 2099 sonders von Ida Wüst, Emil Lind und Eugen Burg ganz aus¬
310 2046 703 2133 gezeichnet gespielt.
2333 2280 3241 2371 Episode als die Zirkusdame Bianca, die
1293 2273 2299 2386 Anatols Hochzeitsmorgen. Die
1293 2337 3210 2424 niedliche Szene: „Die Frageandas Schick ihre Verehrer ein so kurzes Gedächtnis hat.
2318 2394 3305 2465 „Anatols Hochzeitsmorgen endlich verkörper¬
389 2242 1134 2488 Feuilleton.
1297 2412 2280 2473 sal konnte trotz des mageren dramatischen Ge¬
2318 2450 3320 2515 Irene Triesch die temperamentvolle Ilona, die
1293 2458 2280 2522 halts als Ouvertüre zum ganzen Zyklus angehen
2310 2496 3309 2571 dem hoffnungsvollen Bräutigam vor seiner Trau¬
1297 2511 2280 2575 so daß eigentlich nur der vierte der fünf Einakter
2310 2549 3316 2628 ung mit Skandal droht und sich erst beim Ge¬
1297 2567 2008 2628 die „Episode", wirklich abfiel.
499 2541 1184 2673 Berliner Theater.
2310 2594 3316 2662 danken an ihren künftigen Triumph über die
1354 2602 2284 2677 Den echt wienerischen Helden dieser fün
2318 2647 3309 2711 Gattin Anatols beruhigt. Aber selbst dieser an¬
355 2628 1267 2711 Berlin, 5. Dez. Austern und Kaviar sin
1297 2651 2284 2722 Stücke, den „leichtsinnigen Melancholiker Anatol
2318 2688 3305 2760 mutige Frauenreigen der verschiedenen „Einzig
276 2704 1263 2772 gewiß schöne Dinge; aber in fünf Gängen hinter
1305 2707 2299 2779 gab Heinz Monnard, trotzdem ihn seine äußere
2322 2745 3320 2809 geliebten Anatols vermochte den Eindruck nicht
1305 2745 2288 2817 Erscheinung wenig zu dieser Rolle prädestinierte
272 2753 1274 2836 einander serviert, werden sie denn doch zu einen
1301 2791 3320 2859 recht glaubwürdig in seinem trottelhaften und wesentlich abzuschwächen, daß diese geistreichen
276 2802 866 2885 etwas fragwürdigen Genuß.
1297 2836 3320 2908 doch nie unliebenswürdigen Weiberheldentum. Variationen über das Thema „Weib etwas mit
344 2844 1274 2912 Diese Betrachtung drängte sich gestern den
2325 2881 3324 2953 Vorsicht genossen sein wollen, wenn sie sich nicht
272 2889 2299 2968 Besucher des Lessing=Theaters auf, wo Sein Gegenstück, der skeptische Freund Max, fand
1297 2930 3320 3036 in Emanuel Reicher eine bis auf wenige Züge gegenseitig in der Wirkung beeinträchtigen
276 2946 1274 3025 Artur Schnitzlers bekannter Einakterzyklus
2329 2995 2458 3059 sollen.
276 2987 2288 3074 „Anar verhältnismäßig späten entsprechende Verkörperung. In den Damen
2382 2991 3312 3089 Liegt nicht eine tiefere Bedeutung in dem Um¬
1301 3036 2299 3101 rollen hatten fast sämtliche weiblichen Hauptkräfte
276 3048 1274 3123 Erstaufführung — das Werk ist nämlich bereit¬
1301 3055 3320 3150 des Lessing=Theaters Gelegenheit, irgend einen stand, daß im Neuen Schauspielhaus am
276 3101 1274 3169 17 Jahre alt — dem Berliner Publikum vorge
2322 3123 3320 3195 Nollendorf=Platz, wo vor einer Woche die Neu¬
280 3135 2295 3229 führt wurde. Aber nicht das Alter hat diesen Sondertypus des Wiener „Süßen Mädels" au
2322 3172 3331 3237 einstudierung von Hebbels „Genoveva“ kühl ab¬
1305 3191 2299 3244 die Bühne zu stellen. So war Paula Somar
276 3191 1282 3278 graziösen Stücken geschadet — sie wirken vielmehr
2325 3222 3324 3290 gelehnt worden ist, acht Tage später die vieraktige
1301 3237 2299 3301 im ersten Stück eine so allerliebste Cora, daß man
284 3244 1282 3309 heute noch so frisch wie am ersten Tag —, sondern
2318 3271 3320 3328 Posse „Der Zerrissene von Johann
280 3278 2299 3354 ihr eigener delikater Gehalt, der gewissermaßen es dem verliebten Anatol beinahe nachfühlen
2325 3324 3328 3396 Nestroy einen großen Heiterkeitserfolg erlebte
1301 3328 2299 3396 konnte, wenn er es nicht wagt, seiner hypnotisier¬
280 3343 1278 3403 löffelweise genossen werden will und in der An¬
2341 3369 3324 3422 — von demselben Nestroy, der schon zu Lebzeiten
287 3377 2299 3456 häufung nur abgeschwächt wird. Dazu kommt, ten Geliebten gegenüber „die Frage an das Schick¬
2325 3418 3324 3486 Hebbels auf dessen Kosten die Lacher auf seiner
1312 3422 2299 3490 sal", das heißt die Frage nach ihrer Treue, zu
284 3437 1286 3505 daß einzelne dieser Einakter, vor allem die etwas
1312 3467 3324 3539 stellen. Lina Lossen gab in den „Weihnachtsein¬ Seite hatte. Da es nun aber einmal so ist und
287 3483 1286 3551 stilleren „Weihnachtseinkäufe, sich am
1308 3509 3320 3585 käufen die elegante Mondäne Gabriele, die nicht wohl auch so bleiben wird, daß das Publikum
287 3532 1278 3600 besten zur Lektüre eignen und durch eine Verkör
2329 3554 3320 3630 lieber lacht, als daß es zum ernsten Denken an¬
1308 3566 2307 3630 den Mut hat, so zu lieben wie ihre Geschlechts¬
287 3573 1286 3649 perung auf der Bühne, selbst bei einer so dezenten
2333 3611 3324 3672 geregt wird, so kann man der Direktion des Neuen
1312 3619 2303 3687 genossinnen in der kleinen Welt, von der Anato
280 3626 1282 3698 Darstellung, wie sie ihnen im Lessing=Theater zu
287 3656 3320 3747 teil wurde, nicht gewinnen können, sondern eher ihr vorschwärmt. Die dankbare Rolle der Annie Schauspielhauses bei dem jetzigen Stand der
2329 3702 3320 3766 Lustspiel- und Schwankliteratur gewiß keine
1308 3713 2299 3774 vom Ballett im „Abschiedsfouper, das un¬
280 3732 1282 3785 vergröbert werden. Uniso stärker wirkten andere
2329 3751 3320 3815 Vorwurf daraus machen, wenn es zu diesem alten
287 3759 2299 3838 wie das „Abschieds souper, das der Dar¬ Anatol so köstlich in der Situation des betrogener
1308 3796 3320 3868 Betrügers zeigt, fiel Mathilde Sussin zu, die man Stück zurückgreift, das seine Zugkraft bereits vor
291 3815 1278 3895 stellerin der Heldin die dankbare Gelegenheit gibt
287 3849 3320 3940 auf graziöse Art einen Schwips zu mimen, und bisher hauptsächlich als Darstellerin schwerblütiger ein paar Jahren wieder in Berlin bewährt hat
2333 3891 3320 3955 Und es scheint auch diesmal in seiner neuen Aus
1312 3910 2299 3978 Ibsenscher Frauentypen gekannt hat. Eine weni
295 3917 1286 3989 deshalb sehr beliebt ist, oder das bei der Auffüh¬
287 3944 3123 4076 run getwas aufs Derbe gestimmte Schlußstück: ger lohnende Aufgabe hatte Hilde Herterich in der staffierung das Neue Schauspielhaus
