<?xml version="1.0" encoding="UTF-8" standalone="yes"?>
<PcGts xmlns="http://schema.primaresearch.org/PAGE/gts/pagecontent/2013-07-15" xmlns:xsi="http://www.w3.org/2001/XMLSchema-instance" xsi:schemaLocation="http://schema.primaresearch.org/PAGE/gts/pagecontent/2013-07-15 http://schema.primaresearch.org/PAGE/gts/pagecontent/2013-07-15/pagecontent.xsd">
    <Metadata>
        <Creator>prov=READ-COOP:name=PyLaia@TranskribusPlatform:version=2.12.1:model_id=39995:lm=provided:date=29_03_2024_01:46</Creator>
        <Created>2019-10-07T11:49:40.839+02:00</Created>
        <LastChange>2024-03-29T01:46:46.910+01:00</LastChange>
        <TranskribusMetadata docId="223994" pageId="9504407" pageNr="92" tsid="156430130" status="IN_PROGRESS" userId="40391" imgUrl="https://files.transkribus.eu/Get?id=ERUVGEKFGTFGGSFARJLUKSQZ&amp;fileType=view" xmlUrl="https://files.transkribus.eu/Get?id=VNRITBEHGJXLELHZBDZQKHBB" imageId="6194621"/>
    </Metadata>
    <Page imageFilename="223994_0092.jpeg" imageWidth="3436" imageHeight="4256">
        <ReadingOrder>
            <OrderedGroup id="ro_1712662515974" caption="Regions reading order">
                <RegionRefIndexed index="0" regionRef="tr_1"/>
                <RegionRefIndexed index="1" regionRef="tr_2"/>
            </OrderedGroup>
        </ReadingOrder>
        <TextRegion orientation="0.0" id="tr_1" custom="readingOrder {index:0;}">
            <Coords points="322,211 322,3719 1805,3719 1805,211"/>
            <TextLine id="tr_1_tl_1" custom="readingOrder {index:0;}">
                <Coords points="1436,256 1476,250 1502,263 1617,236 1646,254 1731,254 1744,242 1801,256 1801,172 1643,177 1613,191 1565,180 1521,191 1472,174 1436,184"/>
                <Baseline points="1444,232 1469,234 1495,235 1521,235 1547,235 1572,235 1598,236 1624,238 1650,236 1676,235 1701,235 1727,234 1753,232 1779,232 1805,232"/>
                <TextEquiv>
                    <Unicode>box 8/6</Unicode>
                </TextEquiv>
            </TextLine>
            <TextLine id="tr_1_tl_2" custom="readingOrder {index:1;}">
                <Coords points="1057,254 1080,246 1128,252 1137,242 1157,250 1184,243 1212,250 1242,244 1242,208 1179,197 1149,178 1121,194 1107,181 1057,177"/>
                <Baseline points="1065,242 1090,241 1116,241 1141,242 1167,241 1192,239 1218,242 1244,249"/>
                <TextEquiv>
                    <Unicode>yklu-</Unicode>
                </TextEquiv>
            </TextLine>
            <TextLine id="tr_1_tl_3" custom="readingOrder {index:2;}">
                <Coords points="315,256 512,259 546,237 574,256 834,253 835,184 749,197 707,178 657,203 595,191 553,211 354,187 315,208"/>
                <Baseline points="322,241 347,244 373,247 399,247 425,247 451,247 476,250 502,253 528,251 554,249 580,248 605,247 631,247 657,246 683,244 709,244 734,243 760,242 786,241 812,241 838,241"/>
                <TextEquiv>
                    <Unicode>4.9. Anatol</Unicode>
                </TextEquiv>
            </TextLine>
            <TextLine id="tr_1_tl_4" custom="readingOrder {index:3;}">
                <Coords points="1055,290 1097,290 1118,277 1137,292 1150,285 1163,295 1184,277 1200,285 1239,277 1241,242 1232,240 1196,250 1184,243 1159,250 1138,242 1117,252 1058,246"/>
                <Baseline points="1065,258 1090,260 1116,262 1141,259 1167,258 1192,259 1218,254 1244,249"/>
                <TextEquiv>
                    <Unicode></Unicode>
                </TextEquiv>
            </TextLine>
            <TextLine id="tr_1_tl_5" custom="readingOrder {index:4;}">
                <Coords points="812,275 874,270 901,290 926,288 954,269 1026,275 1026,250 1000,252 949,234 929,243 893,234 854,250 812,249"/>
                <Baseline points="820,265 846,262 872,262 898,262 924,262 950,262 976,262 1002,262 1029,261"/>
                <TextEquiv>
                    <Unicode>.</Unicode>
                </TextEquiv>
            </TextLine>
            <TextLine id="tr_1_tl_6" custom="readingOrder {index:5;}">
                <Coords points="1274,796 1322,809 1413,796 1466,809 1496,799 1576,805 1573,693 1522,710 1509,700 1432,702 1381,727 1356,719 1322,735 1305,720 1272,726"/>
                <Baseline points="1280,767 1307,767 1334,768 1361,769 1388,770 1415,770 1442,770 1469,771 1496,772 1523,773 1550,773 1578,775"/>
                <TextEquiv>
                    <Unicode>Telephon 12301.</Unicode>
                </TextEquiv>
            </TextLine>
            <TextLine id="tr_1_tl_7" custom="readingOrder {index:6;}">
                <Coords points="1295,877 1308,874 1330,891 1341,887 1353,891 1368,884 1380,884 1383,811 1370,812 1356,822 1350,819 1344,822 1318,805 1312,811 1308,806 1298,805"/>
                <Baseline points="1304,859 1330,857 1357,856 1384,856"/>
                <TextEquiv>
                    <Unicode></Unicode>
                </TextEquiv>
            </TextLine>
            <TextLine id="tr_1_tl_8" custom="readingOrder {index:7;}">
                <Coords points="776,933 1322,947 1308,874 1254,874 1222,901 1049,857 1026,871 950,852 906,880 834,841 775,844"/>
                <Baseline points="784,913 811,911 838,910 865,910 892,912 919,916 946,916 973,916 1000,916 1027,917 1054,919 1081,921 1108,921 1135,920 1162,919 1189,919 1216,921 1243,923 1270,925 1297,926 1325,925"/>
                <TextEquiv>
                    <Unicode>OBSERVER</Unicode>
                </TextEquiv>
            </TextLine>
            <TextLine id="tr_1_tl_9" custom="readingOrder {index:8;}">
                <Coords points="507,986 1568,1024 1567,947 506,927"/>
                <Baseline points="516,969 568,972 621,972 674,974 727,975 780,975 832,978 885,979 938,981 991,983 1044,984 1096,984 1149,987 1202,988 1255,990 1308,992 1360,993 1413,996 1466,997 1519,1000 1572,1002"/>
                <TextEquiv>
                    <Unicode>1. österr. behördl. konz. Unternehmen für Zeitungs-Ausschnitte</Unicode>
                </TextEquiv>
            </TextLine>
            <TextLine id="tr_1_tl_10" custom="readingOrder {index:9;}">
                <Coords points="687,1062 888,1071 942,1044 1080,1074 1400,1072 1399,1018 1367,1009 686,993"/>
                <Baseline points="695,1029 730,1029 765,1031 801,1033 836,1035 871,1035 907,1035 942,1035 977,1036 1013,1038 1048,1041 1083,1041 1119,1041 1154,1042 1189,1044 1225,1044 1260,1044 1295,1045 1331,1048 1366,1050 1402,1050"/>
                <TextEquiv>
                    <Unicode>Wien, I., Concordiaplatz 4.</Unicode>
                </TextEquiv>
            </TextLine>
            <TextLine id="tr_1_tl_11" custom="readingOrder {index:10;}">
                <Coords points="903,1092 976,1101 989,1114 1013,1097 1051,1117 1097,1103 1117,1113 1166,1111 1186,1104 1186,1071 1143,1062 1080,1074 1034,1057 980,1064 943,1045 901,1059"/>
                <Baseline points="910,1089 935,1089 960,1089 986,1089 1011,1089 1037,1089 1062,1091 1088,1095 1113,1095 1139,1095 1164,1095 1190,1095"/>
                <TextEquiv>
                    <Unicode>Vortretungen</Unicode>
                </TextEquiv>
            </TextLine>
            <TextLine id="tr_1_tl_12" custom="readingOrder {index:11;}">
                <Coords points="502,1140 1558,1169 1558,1116 500,1091"/>
                <Baseline points="510,1128 562,1128 615,1129 667,1133 720,1134 773,1134 825,1134 878,1135 931,1137 983,1139 1036,1140 1089,1140 1141,1143 1194,1144 1247,1146 1299,1148 1352,1149 1405,1152 1457,1152 1510,1156 1563,1160"/>
                <TextEquiv>
                    <Unicode>in Berlin, Basel, Budapest, Chicago, Cleveland, Christiania,</Unicode>
                </TextEquiv>
            </TextLine>
            <TextLine id="tr_1_tl_13" custom="readingOrder {index:12;}">
                <Coords points="507,1172 1554,1219 1563,1172 506,1137"/>
                <Baseline points="516,1163 568,1166 621,1169 673,1169 726,1171 778,1172 831,1172 883,1175 936,1175 988,1177 1041,1180 1093,1181 1146,1181 1198,1182 1251,1184 1303,1184 1356,1186 1408,1190 1461,1193 1513,1194 1566,1196"/>
                <TextEquiv>
                    <Unicode>Genf, Kopenhagen, London, Madrid, Mailand, Minneapolis,</Unicode>
                </TextEquiv>
            </TextLine>
            <TextLine id="tr_1_tl_14" custom="readingOrder {index:13;}">
                <Coords points="509,1220 1505,1265 1560,1254 1560,1216 507,1172"/>
                <Baseline points="516,1205 568,1205 620,1206 673,1210 725,1211 777,1214 830,1214 882,1217 934,1217 987,1217 1039,1217 1091,1220 1144,1220 1196,1223 1248,1224 1301,1226 1353,1228 1405,1229 1458,1232 1510,1235 1563,1232"/>
                <TextEquiv>
                    <Unicode>New-York, Paris, Rom, San Francisco, Stockholm, St. Peters¬</Unicode>
                </TextEquiv>
            </TextLine>
            <TextLine id="tr_1_tl_15" custom="readingOrder {index:14;}">
                <Coords points="897,1269 1177,1276 1176,1243 1131,1225 1077,1238 1044,1223 982,1232 962,1223 949,1233 911,1223 896,1232"/>
                <Baseline points="904,1256 929,1256 954,1256 979,1258 1004,1259 1029,1259 1055,1259 1080,1259 1105,1259 1130,1259 1155,1261 1181,1262"/>
                <TextEquiv>
                    <Unicode>burg, Toronto.</Unicode>
                </TextEquiv>
            </TextLine>
            <TextLine id="tr_1_tl_16" custom="readingOrder {index:15;}">
                <Coords points="819,1327 983,1353 1012,1330 1085,1350 1219,1344 1242,1338 1241,1271 818,1275"/>
                <Baseline points="826,1298 852,1298 878,1298 904,1298 930,1299 956,1301 982,1301 1008,1301 1035,1303 1061,1304 1087,1304 1113,1304 1139,1304 1165,1304 1191,1304 1217,1306 1244,1313"/>
                <TextEquiv>
                    <Unicode>me des der</Unicode>
                </TextEquiv>
            </TextLine>
            <TextLine id="tr_1_tl_17" custom="readingOrder {index:16;}">
                <Coords points="500,1376 571,1367 666,1384 735,1377 755,1393 854,1389 852,1325 798,1292 673,1304 657,1294 611,1328 497,1302"/>
                <Baseline points="507,1363 533,1363 560,1363 587,1363 614,1363 641,1363 668,1363 694,1364 721,1365 748,1367 775,1369 802,1369 829,1369 856,1369"/>
                <TextEquiv>
                    <Unicode>Ausschnitt aus:</Unicode>
                </TextEquiv>
            </TextLine>
            <TextLine id="tr_1_tl_18" custom="readingOrder {index:17;}">
                <Coords points="684,1450 933,1468 1031,1414 1190,1406 1259,1440 1527,1443 1538,1344 1098,1363 1012,1330 848,1390 686,1379"/>
                <Baseline points="692,1423 734,1426 776,1429 819,1429 861,1424 904,1421 946,1416 988,1410 1031,1406 1073,1405 1116,1405 1158,1404 1200,1402 1243,1402 1285,1402 1328,1403 1370,1405 1412,1405 1455,1405 1497,1405 1540,1411"/>
                <TextEquiv>
                    <Unicode>Morgens</Unicode>
                </TextEquiv>
            </TextLine>
            <TextLine id="tr_1_tl_19" custom="readingOrder {index:18;}">
                <Coords points="499,1494 512,1491 523,1495 530,1489 559,1499 617,1496 617,1446 594,1458 569,1458 555,1448 545,1456 536,1449 499,1455"/>
                <Baseline points="507,1489 535,1491 563,1492 591,1492 620,1489"/>
                <TextEquiv>
                    <Unicode>vom</Unicode>
                </TextEquiv>
            </TextLine>
            <TextLine id="tr_1_tl_20" custom="readingOrder {index:19;}">
                <Coords points="515,1642 1368,1650 1368,1574 1070,1560 1039,1584 914,1555 804,1587 515,1550"/>
                <Baseline points="522,1608 564,1614 607,1619 649,1620 692,1622 734,1623 777,1625 819,1626 862,1624 904,1623 947,1622 989,1621 1032,1624 1074,1625 1117,1623 1159,1623 1202,1624 1244,1626 1287,1626 1329,1626 1372,1626"/>
                <TextEquiv>
                    <Unicode>Theater, Kunst und Literatur.</Unicode>
                </TextEquiv>
            </TextLine>
            <TextLine id="tr_1_tl_21" custom="readingOrder {index:20;}">
                <Coords points="985,1698 1029,1680 1070,1701 1095,1685 1206,1703 1274,1683 1324,1702 1452,1695 1450,1613 1328,1656 1220,1626 1159,1656 983,1632"/>
                <Baseline points="993,1677 1018,1679 1044,1680 1070,1680 1095,1680 1121,1680 1147,1681 1173,1683 1198,1681 1224,1680 1250,1680 1275,1681 1301,1683 1327,1683 1353,1683 1378,1681 1404,1681 1430,1682 1456,1686"/>
                <TextEquiv>
                    <Unicode>Brünn, 20. Dezember.</Unicode>
                </TextEquiv>
            </TextLine>
            <TextLine id="tr_1_tl_22" custom="readingOrder {index:21;}">
                <Coords points="562,1735 1495,1739 1484,1688 561,1685"/>
                <Baseline points="570,1722 616,1725 662,1728 709,1728 755,1728 802,1728 848,1729 894,1731 941,1731 987,1731 1034,1731 1080,1731 1126,1731 1173,1731 1219,1731 1266,1731 1312,1731 1358,1731 1405,1731 1451,1731 1498,1731"/>
                <TextEquiv>
                    <Unicode>(Brünner Stadttheater.) Artur Schnitzler</Unicode>
                </TextEquiv>
            </TextLine>
            <TextLine id="tr_1_tl_23" custom="readingOrder {index:22;}">
                <Coords points="469,1772 1438,1793 1488,1791 1486,1736 956,1758 467,1721"/>
                <Baseline points="477,1769 527,1769 578,1772 629,1772 680,1772 730,1772 781,1772 832,1772 883,1774 933,1775 984,1775 1035,1775 1086,1775 1136,1774 1187,1772 1238,1772 1289,1774 1339,1775 1390,1775 1441,1775 1492,1772"/>
                <TextEquiv>
                    <Unicode>ist ein liebenswürdiger Causeur; er verse¬</Unicode>
                </TextEquiv>
            </TextLine>
            <TextLine id="tr_1_tl_24" custom="readingOrder {index:23;}">
                <Coords points="466,1817 1495,1836 1462,1782 466,1780"/>
                <Baseline points="474,1811 525,1811 576,1815 627,1816 678,1816 730,1817 781,1814 832,1817 883,1820 934,1820 986,1820 1037,1820 1088,1822 1139,1820 1190,1820 1242,1820 1293,1820 1344,1820 1395,1820 1446,1822 1498,1823"/>
                <TextEquiv>
                    <Unicode>sterhaft zu plaudern, sein Dialog ist leicht und macht</Unicode>
                </TextEquiv>
            </TextLine>
            <TextLine id="tr_1_tl_25" custom="readingOrder {index:24;}">
                <Coords points="469,1863 1495,1873 1458,1827 469,1820"/>
                <Baseline points="477,1856 528,1856 579,1857 630,1859 681,1859 732,1859 783,1862 834,1859 885,1862 936,1862 987,1862 1038,1862 1089,1862 1140,1862 1191,1862 1242,1862 1293,1863 1344,1865 1395,1867 1446,1866 1498,1865"/>
                <TextEquiv>
                    <Unicode>den Eindruck einer geistreichen Improvisation, in</Unicode>
                </TextEquiv>
            </TextLine>
            <TextLine id="tr_1_tl_26" custom="readingOrder {index:25;}">
                <Coords points="463,1908 1489,1912 1478,1869 463,1862"/>
                <Baseline points="471,1898 522,1901 573,1901 624,1901 675,1901 726,1903 777,1904 828,1904 879,1904 930,1905 981,1907 1032,1907 1083,1907 1134,1907 1185,1907 1236,1907 1287,1907 1338,1908 1389,1910 1440,1908 1492,1904"/>
                <TextEquiv>
                    <Unicode>der sich Ironie, Laune und Rührung mischen und</Unicode>
                </TextEquiv>
            </TextLine>
            <TextLine id="tr_1_tl_27" custom="readingOrder {index:26;}">
                <Coords points="463,1952 1496,1956 1485,1912 463,1906"/>
                <Baseline points="471,1942 522,1942 573,1942 625,1942 676,1944 727,1945 779,1945 830,1948 881,1948 933,1948 984,1948 1035,1948 1087,1948 1138,1948 1189,1951 1241,1951 1292,1951 1343,1951 1395,1953 1446,1952 1498,1948"/>
                <TextEquiv>
                    <Unicode>den Hörer in eine wohlige, wenn auch nicht tief</Unicode>
                </TextEquiv>
            </TextLine>
            <TextLine id="tr_1_tl_28" custom="readingOrder {index:27;}">
                <Coords points="457,2001 1492,2002 1465,1956 457,1954"/>
                <Baseline points="465,1981 516,1984 568,1987 619,1987 671,1987 722,1989 774,1990 825,1990 877,1990 928,1991 980,1993 1031,1993 1083,1993 1134,1993 1186,1993 1237,1993 1289,1993 1340,1995 1392,1996 1443,1996 1495,1996"/>
                <TextEquiv>
                    <Unicode>erregte Stimmung versetzen. Den ersten Erfolg als</Unicode>
                </TextEquiv>
            </TextLine>
            <TextLine id="tr_1_tl_29" custom="readingOrder {index:28;}">
                <Coords points="443,2050 1465,2053 1488,2010 441,1994"/>
                <Baseline points="450,2023 502,2029 554,2029 606,2029 658,2031 710,2032 762,2035 814,2035 866,2036 918,2038 971,2036 1023,2035 1075,2038 1127,2038 1179,2035 1231,2035 1283,2037 1335,2038 1387,2038 1439,2038 1492,2035"/>
                <TextEquiv>
                    <Unicode>Dramatiker errang sich itzler 1893 mit seiner</Unicode>
                </TextEquiv>
            </TextLine>
            <TextLine id="tr_1_tl_30" custom="readingOrder {index:29;}">
                <Coords points="463,2077 1496,2083 1393,2043 463,2043"/>
                <Baseline points="471,2068 522,2074 573,2074 625,2074 676,2076 727,2077 779,2077 830,2077 881,2077 933,2078 984,2080 1035,2080 1087,2080 1138,2080 1189,2080 1241,2081 1292,2083 1343,2083 1395,2083 1446,2083 1498,2077"/>
                <TextEquiv>
                    <Unicode>Einakterfolge „Analol. von der fünf Abteilun¬</Unicode>
                </TextEquiv>
            </TextLine>
            <TextLine id="tr_1_tl_31" custom="readingOrder {index:30;}">
                <Coords points="460,2129 1495,2138 1485,2093 460,2080"/>
                <Baseline points="468,2116 519,2116 571,2117 622,2119 674,2119 725,2121 777,2122 828,2122 880,2123 931,2125 983,2124 1034,2124 1086,2125 1137,2125 1189,2125 1240,2127 1292,2125 1343,2127 1395,2126 1446,2128 1498,2128"/>
                <TextEquiv>
                    <Unicode>gen Samstag auf unserer Bühne zur Aufführung</Unicode>
                </TextEquiv>
            </TextLine>
            <TextLine id="tr_1_tl_32" custom="readingOrder {index:31;}">
                <Coords points="466,2165 1492,2178 1492,2138 1417,2130 466,2142"/>
                <Baseline points="474,2160 525,2160 576,2160 627,2160 678,2162 729,2163 780,2163 831,2166 882,2166 933,2166 984,2165 1035,2165 1086,2168 1137,2169 1188,2169 1239,2169 1290,2169 1341,2169 1392,2171 1443,2170 1495,2169"/>
                <TextEquiv>
                    <Unicode>gelangten. Diese zierliche Sächelchen zeigen jene</Unicode>
                </TextEquiv>
            </TextLine>
            <TextLine id="tr_1_tl_33" custom="readingOrder {index:32;}">
                <Coords points="457,2209 1489,2222 1468,2174 457,2159"/>
                <Baseline points="465,2202 516,2202 567,2205 619,2205 670,2205 721,2205 773,2205 824,2208 875,2208 927,2210 978,2208 1029,2208 1081,2210 1132,2211 1183,2211 1235,2211 1286,2212 1337,2214 1389,2214 1440,2214 1492,2211"/>
                <TextEquiv>
                    <Unicode>zarten Konturen der Bühnentechnik, die uns bei al¬</Unicode>
                </TextEquiv>
            </TextLine>
            <TextLine id="tr_1_tl_34" custom="readingOrder {index:33;}">
                <Coords points="457,2254 1482,2266 1466,2222 457,2208"/>
                <Baseline points="465,2241 516,2244 567,2245 618,2247 669,2249 720,2250 771,2250 822,2253 873,2253 924,2253 975,2253 1026,2253 1077,2255 1128,2256 1179,2253 1230,2256 1281,2256 1332,2256 1383,2256 1434,2256 1486,2253"/>
                <TextEquiv>
                    <Unicode>len Schöpfungen Schnitzlers begegnen: der drama¬</Unicode>
                </TextEquiv>
            </TextLine>
            <TextLine id="tr_1_tl_35" custom="readingOrder {index:34;}">
                <Coords points="454,2290 1482,2317 1481,2271 1412,2261 454,2254"/>
                <Baseline points="462,2289 513,2289 564,2292 615,2292 666,2294 718,2295 769,2295 820,2295 871,2295 922,2297 974,2296 1025,2298 1076,2300 1127,2298 1178,2298 1230,2298 1281,2299 1332,2302 1383,2304 1434,2304 1486,2298"/>
                <TextEquiv>
                    <Unicode>tische Zug ist nicht bedeutend, die Handlung gering¬</Unicode>
                </TextEquiv>
            </TextLine>
            <TextLine id="tr_1_tl_36" custom="readingOrder {index:35;}">
                <Coords points="460,2345 1450,2365 1486,2309 459,2291"/>
                <Baseline points="468,2330 519,2333 570,2333 621,2333 672,2335 723,2336 774,2336 825,2336 876,2339 927,2339 978,2339 1029,2339 1080,2339 1131,2339 1182,2342 1233,2342 1284,2343 1335,2345 1386,2345 1437,2345 1489,2342"/>
                <TextEquiv>
                    <Unicode>fügig, ja wie z. B. in dem Stückchen „Weihnachts¬</Unicode>
                </TextEquiv>
            </TextLine>
            <TextLine id="tr_1_tl_37" custom="readingOrder {index:36;}">
                <Coords points="454,2379 1479,2396 1478,2355 454,2342"/>
                <Baseline points="462,2372 513,2375 564,2375 615,2376 666,2378 717,2378 768,2381 819,2381 870,2381 921,2384 972,2384 1023,2384 1074,2386 1125,2387 1176,2387 1227,2387 1278,2387 1329,2388 1380,2390 1431,2390 1483,2387"/>
                <TextEquiv>
                    <Unicode>einkäufe" geradezu dürftig, die ganze Kraft des</Unicode>
                </TextEquiv>
            </TextLine>
            <TextLine id="tr_1_tl_38" custom="readingOrder {index:37;}">
                <Coords points="457,2429 1348,2455 1485,2442 1485,2398 456,2379"/>
                <Baseline points="465,2417 516,2417 567,2420 618,2421 669,2421 721,2422 772,2423 823,2426 874,2426 925,2428 977,2426 1028,2428 1079,2429 1130,2429 1181,2429 1233,2429 1284,2430 1335,2433 1386,2435 1437,2435 1489,2435"/>
                <TextEquiv>
                    <Unicode>Fichters sammelt sich im Dialoa, der denn auch</Unicode>
                </TextEquiv>
            </TextLine>
            <TextLine id="tr_1_tl_39" custom="readingOrder {index:38;}">
                <Coords points="454,2475 1482,2490 1463,2439 454,2425"/>
                <Baseline points="462,2465 513,2465 564,2464 615,2462 666,2464 718,2467 769,2468 820,2468 871,2468 922,2471 974,2471 1025,2471 1076,2471 1127,2471 1178,2474 1230,2474 1281,2475 1332,2477 1383,2477 1434,2477 1486,2474"/>
                <TextEquiv>
                    <Unicode>von einer schillernden Pracht und graziösem Wohl¬</Unicode>
                </TextEquiv>
            </TextLine>
            <TextLine id="tr_1_tl_40" custom="readingOrder {index:39;}">
                <Coords points="451,2514 1486,2524 1432,2485 1058,2468 451,2493"/>
                <Baseline points="459,2504 510,2507 562,2507 613,2507 665,2507 716,2509 768,2510 819,2510 871,2513 922,2513 974,2513 1025,2513 1077,2515 1128,2515 1180,2515 1231,2518 1283,2518 1334,2518 1386,2520 1437,2518 1489,2518"/>
                <TextEquiv>
                    <Unicode>laut ist. Eine erfrischende Heiterkeit geht durch den</Unicode>
                </TextEquiv>
            </TextLine>
            <TextLine id="tr_1_tl_41" custom="readingOrder {index:40;}">
                <Coords points="457,2552 1485,2576 1484,2527 457,2514"/>
                <Baseline points="465,2545 516,2548 567,2549 618,2551 669,2551 720,2553 771,2554 822,2554 873,2554 924,2557 975,2557 1026,2559 1077,2560 1128,2560 1179,2560 1230,2560 1281,2560 1332,2561 1383,2565 1434,2564 1486,2560"/>
                <TextEquiv>
                    <Unicode>Einakter „Abschiedssouper", subtil und poetisch ge¬</Unicode>
                </TextEquiv>
            </TextLine>
            <TextLine id="tr_1_tl_42" custom="readingOrder {index:41;}">
                <Coords points="460,2598 1479,2622 1479,2577 1420,2567 460,2557"/>
                <Baseline points="468,2590 518,2590 569,2592 620,2595 671,2596 721,2597 772,2598 823,2596 874,2599 924,2600 975,2600 1026,2599 1077,2602 1127,2602 1178,2602 1229,2602 1280,2605 1330,2606 1381,2608 1432,2608 1483,2608"/>
                <TextEquiv>
                    <Unicode>schaffen ist die „Episode", und eine übermütige</Unicode>
                </TextEquiv>
            </TextLine>
            <TextLine id="tr_1_tl_43" custom="readingOrder {index:42;}">
                <Coords points="454,2638 1468,2671 1485,2622 453,2590"/>
                <Baseline points="462,2635 513,2635 564,2636 616,2638 667,2638 718,2638 770,2641 821,2644 872,2644 924,2646 975,2644 1026,2644 1078,2646 1129,2647 1180,2647 1232,2650 1283,2650 1334,2651 1386,2653 1437,2653 1489,2653"/>
                <TextEquiv>
                    <Unicode>Laune herrscht durch das Schlußstück „Anatols Hoch¬</Unicode>
                </TextEquiv>
            </TextLine>
            <TextLine id="tr_1_tl_44" custom="readingOrder {index:43;}">
                <Coords points="451,2692 1440,2715 1482,2708 1482,2665 450,2639"/>
                <Baseline points="459,2677 510,2680 561,2680 613,2680 664,2680 715,2682 767,2683 818,2683 869,2686 921,2688 972,2687 1023,2691 1075,2692 1126,2692 1177,2689 1229,2693 1280,2695 1331,2696 1383,2696 1434,2697 1486,2701"/>
                <TextEquiv>
                    <Unicode>zeitsmorgen". Der einleitende Einakter „Die Frage</Unicode>
                </TextEquiv>
            </TextLine>
            <TextLine id="tr_1_tl_45" custom="readingOrder {index:44;}">
                <Coords points="451,2730 1478,2748 1478,2708 1397,2701 451,2692"/>
                <Baseline points="459,2721 510,2724 561,2724 612,2724 663,2724 714,2726 765,2725 816,2727 867,2730 918,2733 969,2733 1020,2733 1071,2733 1122,2733 1173,2733 1224,2733 1275,2736 1326,2737 1377,2739 1428,2739 1480,2742"/>
                <TextEquiv>
                    <Unicode>an das Schicksal“ ist eine glänzende Probe seiner</Unicode>
                </TextEquiv>
            </TextLine>
            <TextLine id="tr_1_tl_46" custom="readingOrder {index:45;}">
                <Coords points="454,2777 965,2774 1088,2809 1465,2797 1476,2756 453,2733"/>
                <Baseline points="462,2763 512,2766 563,2766 614,2767 665,2769 716,2771 767,2772 818,2772 869,2772 920,2773 971,2775 1021,2776 1072,2778 1123,2778 1174,2778 1225,2778 1276,2781 1327,2782 1378,2784 1429,2784 1480,2784"/>
                <TextEquiv>
                    <Unicode>Dialektik, hier stoßen wir auf die Verwendung eines</Unicode>
                </TextEquiv>
            </TextLine>
            <TextLine id="tr_1_tl_47" custom="readingOrder {index:46;}">
                <Coords points="453,2830 1452,2846 1472,2797 451,2782"/>
                <Baseline points="459,2808 509,2808 560,2811 611,2811 662,2811 713,2813 764,2814 815,2814 866,2814 917,2818 968,2820 1018,2820 1069,2822 1120,2823 1171,2826 1222,2826 1273,2828 1324,2827 1375,2829 1426,2829 1477,2829"/>
                <TextEquiv>
                    <Unicode>Lieblingsproblems Schnitzlers, auf das auch im</Unicode>
                </TextEquiv>
            </TextLine>
            <TextLine id="tr_1_tl_48" custom="readingOrder {index:47;}">
                <Coords points="448,2864 1235,2866 1422,2905 1475,2902 1475,2839 447,2833"/>
                <Baseline points="456,2853 507,2853 558,2856 609,2856 660,2858 711,2859 762,2859 813,2862 864,2862 915,2862 966,2862 1017,2864 1068,2865 1119,2865 1170,2865 1221,2865 1272,2868 1323,2868 1374,2870 1425,2871 1477,2871"/>
                <TextEquiv>
                    <Unicode>„Paracelsus" angewendete Experiment der Hyp¬</Unicode>
                </TextEquiv>
            </TextLine>
            <TextLine id="tr_1_tl_49" custom="readingOrder {index:48;}">
                <Coords points="529,2981 1537,2971 1538,2905 1481,2899 926,2945 837,2911 530,2917"/>
                <Baseline points="537,2972 587,2972 637,2972 687,2972 737,2969 787,2969 837,2969 888,2970 938,2972 988,2970 1038,2969 1088,2969 1138,2969 1188,2969 1239,2968 1289,2966 1339,2966 1389,2966 1439,2966 1489,2966 1540,2963"/>
                <TextEquiv>
                    <Unicode>dose. Die Darstellung dieser fünf Stücke, von denen</Unicode>
                </TextEquiv>
            </TextLine>
            <TextLine id="tr_1_tl_50" custom="readingOrder {index:49;}">
                <Coords points="518,3026 1544,3017 1530,2971 518,2984"/>
                <Baseline points="525,3017 576,3018 627,3019 678,3015 729,3014 780,3017 831,3014 882,3014 933,3014 984,3014 1035,3014 1086,3014 1137,3014 1188,3014 1239,3011 1290,3011 1341,3011 1392,3011 1443,3011 1494,3011 1546,3011"/>
                <TextEquiv>
                    <Unicode>nur „Anatols Hochzeitsmorgen" auf unserer Bühne</Unicode>
                </TextEquiv>
            </TextLine>
            <TextLine id="tr_1_tl_51" custom="readingOrder {index:50;}">
                <Coords points="515,3066 1542,3062 1531,3017 515,3024"/>
                <Baseline points="522,3059 573,3062 624,3061 675,3059 726,3059 778,3056 829,3059 880,3059 931,3059 982,3058 1034,3056 1085,3056 1136,3056 1187,3056 1238,3056 1290,3058 1341,3055 1392,3055 1443,3056 1494,3056 1546,3053"/>
                <TextEquiv>
                    <Unicode>bei einer Wohltätigkeitsvorstellung aufgeführt</Unicode>
                </TextEquiv>
            </TextLine>
            <TextLine id="tr_1_tl_52" custom="readingOrder {index:51;}">
                <Coords points="518,3112 1537,3106 1538,3063 1482,3060 519,3069"/>
                <Baseline points="525,3103 575,3103 626,3103 677,3103 728,3106 778,3103 829,3103 880,3103 931,3103 981,3103 1032,3103 1083,3103 1134,3097 1184,3097 1235,3099 1286,3097 1337,3097 1387,3097 1438,3097 1489,3097 1540,3100"/>
                <TextEquiv>
                    <Unicode>wurde, war glänzend. Herr Kramer gab das</Unicode>
                </TextEquiv>
            </TextLine>
            <TextLine id="tr_1_tl_53" custom="readingOrder {index:52;}">
                <Coords points="515,3152 1541,3154 1541,3106 1453,3096 515,3109"/>
                <Baseline points="522,3145 573,3145 624,3145 675,3145 726,3145 777,3145 828,3145 879,3146 930,3147 981,3145 1032,3147 1083,3146 1134,3142 1185,3142 1236,3142 1287,3142 1338,3141 1389,3141 1440,3140 1491,3139 1543,3142"/>
                <TextEquiv>
                    <Unicode>Wechselnde, Schwankende „Anatols“, dieses Langen</Unicode>
                </TextEquiv>
            </TextLine>
            <TextLine id="tr_1_tl_54" custom="readingOrder {index:53;}">
                <Coords points="520,3196 1541,3194 1501,3147 522,3161"/>
                <Baseline points="528,3187 578,3189 629,3187 680,3189 731,3190 782,3190 833,3190 884,3189 935,3187 986,3187 1037,3187 1087,3187 1138,3187 1189,3187 1240,3186 1291,3184 1342,3184 1393,3184 1444,3184 1495,3184 1546,3184"/>
                <TextEquiv>
                    <Unicode>und Bangen in schwebender Pein, dieses Gemisch</Unicode>
                </TextEquiv>
            </TextLine>
            <TextLine id="tr_1_tl_55" custom="readingOrder {index:54;}">
                <Coords points="515,3243 1537,3239 1537,3197 1384,3181 515,3198"/>
                <Baseline points="522,3229 572,3232 623,3232 674,3232 725,3232 776,3232 827,3232 878,3232 929,3232 980,3232 1031,3232 1081,3232 1132,3229 1183,3229 1234,3229 1285,3229 1336,3229 1387,3229 1438,3227 1489,3226 1540,3223"/>
                <TextEquiv>
                    <Unicode>von Leidenschaft. Blasiertheit Leichtsinn und Gut¬</Unicode>
                </TextEquiv>
            </TextLine>
            <TextLine id="tr_1_tl_56" custom="readingOrder {index:55;}">
                <Coords points="520,3285 1435,3293 1537,3285 1538,3240 520,3246"/>
                <Baseline points="528,3274 578,3277 629,3277 679,3277 730,3280 781,3277 831,3277 882,3277 932,3276 983,3274 1034,3274 1084,3274 1135,3274 1185,3271 1236,3271 1287,3271 1337,3270 1388,3268 1438,3270 1489,3268 1540,3268"/>
                <TextEquiv>
                    <Unicode>mütigkeit in vortrefflicher Weise, nur zum Schlusse</Unicode>
                </TextEquiv>
            </TextLine>
            <TextLine id="tr_1_tl_57" custom="readingOrder {index:56;}">
                <Coords points="520,3322 1542,3325 1544,3280 1390,3269 522,3288"/>
                <Baseline points="528,3315 578,3319 629,3321 680,3319 731,3320 782,3318 833,3318 884,3317 935,3315 986,3316 1037,3318 1087,3316 1138,3315 1189,3315 1240,3314 1291,3313 1342,3314 1393,3312 1444,3312 1495,3312 1546,3309"/>
                <TextEquiv>
                    <Unicode>von „Anatols Hochzeitsmorgen" ließ er sich zu einer</Unicode>
                </TextEquiv>
            </TextLine>
            <TextLine id="tr_1_tl_58" custom="readingOrder {index:57;}">
                <Coords points="515,3364 1537,3355 1537,3319 1440,3313 515,3322"/>
                <Baseline points="522,3360 572,3360 623,3362 674,3363 725,3363 776,3360 827,3360 878,3360 929,3360 980,3360 1031,3362 1081,3361 1132,3357 1183,3354 1234,3357 1285,3356 1336,3354 1387,3354 1438,3354 1489,3354 1540,3351"/>
                <TextEquiv>
                    <Unicode>Übertreibung hinreißen. Frau Glöckner=Kra¬</Unicode>
                </TextEquiv>
            </TextLine>
            <TextLine id="tr_1_tl_59" custom="readingOrder {index:58;}">
                <Coords points="513,3405 1541,3405 1541,3364 1412,3357 515,3380"/>
                <Baseline points="522,3405 573,3408 624,3408 675,3406 726,3405 777,3405 828,3405 879,3403 930,3404 981,3403 1032,3405 1083,3405 1134,3402 1185,3402 1236,3402 1287,3399 1338,3400 1389,3400 1440,3399 1491,3399 1543,3399"/>
                <TextEquiv>
                    <Unicode>mer stellte fünf Frauengestalten fünf verschiedene</Unicode>
                </TextEquiv>
            </TextLine>
            <TextLine id="tr_1_tl_60" custom="readingOrder {index:59;}">
                <Coords points="523,3454 1540,3454 1530,3405 523,3414"/>
                <Baseline points="531,3450 581,3450 632,3450 682,3450 733,3450 784,3447 834,3447 885,3447 935,3447 986,3447 1037,3447 1087,3447 1138,3444 1188,3444 1239,3447 1290,3447 1340,3447 1391,3445 1441,3446 1492,3444 1543,3444"/>
                <TextEquiv>
                    <Unicode>und in einem Punkte doch wieder sehr ähnliche</Unicode>
                </TextEquiv>
            </TextLine>
            <TextLine id="tr_1_tl_61" custom="readingOrder {index:60;}">
                <Coords points="532,3503 1540,3505 1541,3454 532,3459"/>
                <Baseline points="540,3491 590,3492 640,3491 690,3491 740,3491 790,3487 840,3487 891,3491 941,3489 991,3486 1041,3487 1091,3488 1141,3488 1191,3485 1242,3485 1292,3485 1342,3485 1392,3485 1442,3485 1492,3485 1543,3488"/>
                <TextEquiv>
                    <Unicode>Frauencharaktere dar (Cora, Gabriele, Annie,</Unicode>
                </TextEquiv>
            </TextLine>
            <TextLine id="tr_1_tl_62" custom="readingOrder {index:61;}">
                <Coords points="520,3541 1534,3539 1518,3497 1389,3484 520,3500"/>
                <Baseline points="528,3533 578,3536 628,3538 679,3539 729,3536 780,3536 830,3534 881,3535 931,3533 982,3531 1032,3530 1082,3533 1133,3530 1183,3530 1234,3533 1284,3532 1335,3530 1385,3530 1436,3530 1486,3527 1537,3527"/>
                <TextEquiv>
                    <Unicode>Bianka und Ilona). Sie charakterisierte die Freun¬</Unicode>
                </TextEquiv>
            </TextLine>
            <TextLine id="tr_1_tl_63" custom="readingOrder {index:62;}">
                <Coords points="515,3587 1541,3584 1531,3529 515,3541"/>
                <Baseline points="522,3581 573,3581 624,3581 675,3581 726,3579 777,3578 828,3578 879,3577 930,3575 981,3575 1032,3575 1083,3575 1134,3572 1185,3572 1236,3574 1287,3569 1338,3570 1389,3572 1440,3572 1491,3572 1543,3572"/>
                <TextEquiv>
                    <Unicode>dinnen Anatols sehr geschickt. Herr Lackner schuf</Unicode>
                </TextEquiv>
            </TextLine>
            <TextLine id="tr_1_tl_64" custom="readingOrder {index:63;}">
                <Coords points="515,3631 1541,3627 1541,3584 1379,3571 515,3600"/>
                <Baseline points="522,3623 573,3624 624,3625 675,3623 726,3623 777,3620 828,3620 879,3622 930,3619 981,3617 1032,3619 1083,3620 1134,3620 1185,3617 1236,3620 1287,3617 1338,3617 1389,3617 1440,3617 1491,3617 1543,3617"/>
                <TextEquiv>
                    <Unicode>mit dem ruhigen, den Überschuß von Anatols Feuer</Unicode>
                </TextEquiv>
            </TextLine>
            <TextLine id="tr_1_tl_65" custom="readingOrder {index:64;}">
                <Coords points="523,3676 1540,3676 1541,3622 525,3630"/>
                <Baseline points="531,3668 581,3667 632,3668 682,3666 733,3665 784,3665 834,3665 885,3665 935,3664 986,3662 1037,3662 1087,3664 1138,3659 1188,3659 1239,3659 1290,3660 1340,3661 1391,3659 1441,3659 1492,3659 1543,3659"/>
                <TextEquiv>
                    <Unicode>stets kalmierenden Freund „Mar“ eine prächtige</Unicode>
                </TextEquiv>
            </TextLine>
            <TextLine id="tr_1_tl_66" custom="readingOrder {index:65;}">
                <Coords points="548,3720 791,3742 886,3709 1067,3746 1542,3714 1542,3677 1488,3664 548,3677"/>
                <Baseline points="555,3709 604,3709 654,3709 703,3708 753,3706 802,3706 852,3706 901,3706 951,3708 1000,3707 1050,3706 1100,3706 1149,3706 1199,3703 1248,3703 1298,3702 1347,3702 1397,3703 1446,3701 1496,3700 1546,3706"/>
                <TextEquiv>
                    <Unicode>taur. Sämtliche Darsteller erhielten stürmischen</Unicode>
                </TextEquiv>
            </TextLine>
            <TextEquiv>
                <Unicode></Unicode>
            </TextEquiv>
        </TextRegion>
        <TextRegion orientation="0.0" id="tr_2" custom="readingOrder {index:1;}">
            <Coords points="1963,1234 1963,3239 3127,3239 3127,1234"/>
            <TextLine id="tr_2_tl_1" custom="readingOrder {index:0;}">
                <Coords points="2704,1297 2783,1291 2796,1302 2865,1285 2905,1304 2945,1291 2964,1305 3006,1284 3043,1300 3045,1199 3004,1213 2941,1195 2895,1209 2878,1196 2809,1222 2763,1200 2734,1215 2705,1195"/>
                <Baseline points="2712,1268 2737,1265 2763,1265 2789,1264 2815,1263 2840,1262 2866,1262 2892,1262 2918,1262 2943,1262 2969,1262 2995,1262 3021,1261 3047,1259"/>
                <TextEquiv>
                    <Unicode>Telephon 12.801.</Unicode>
                </TextEquiv>
            </TextLine>
            <TextLine id="tr_2_tl_2" custom="readingOrder {index:1;}">
                <Coords points="2782,1432 2802,1436 2807,1430 2819,1430 2828,1423 2853,1439 2862,1439 2862,1368 2849,1370 2838,1360 2826,1360 2813,1347 2802,1357 2793,1351 2782,1351"/>
                <Baseline points="2790,1405 2815,1407 2840,1408 2865,1405"/>
                <TextEquiv>
                    <Unicode></Unicode>
                </TextEquiv>
            </TextLine>
            <TextLine id="tr_2_tl_3" custom="readingOrder {index:2;}">
                <Coords points="2224,1443 2448,1426 2498,1442 2605,1423 2667,1445 2682,1439 2685,1315 2626,1292 2506,1308 2480,1289 2362,1315 2227,1310"/>
                <Baseline points="2232,1417 2257,1417 2282,1417 2307,1415 2332,1414 2358,1414 2383,1414 2408,1414 2433,1414 2459,1414 2484,1415 2509,1417 2534,1415 2559,1413 2585,1412 2610,1409 2635,1406 2660,1404 2686,1402"/>
                <TextEquiv>
                    <Unicode>OBSERV</Unicode>
                </TextEquiv>
            </TextLine>
            <TextLine id="tr_2_tl_4" custom="readingOrder {index:3;}">
                <Coords points="1995,1508 3045,1508 3046,1443 2888,1430 1997,1459"/>
                <Baseline points="2005,1495 2057,1493 2109,1492 2161,1492 2214,1491 2266,1488 2318,1486 2370,1486 2423,1486 2475,1486 2527,1486 2579,1485 2632,1483 2684,1483 2736,1483 2788,1483 2841,1482 2893,1482 2945,1483 2997,1483 3050,1477"/>
                <TextEquiv>
                    <Unicode>1. österr. beh. konz. Unternehmen für Zeitungs¬</Unicode>
                </TextEquiv>
            </TextLine>
            <TextLine id="tr_2_tl_5" custom="readingOrder {index:4;}">
                <Coords points="2196,1540 2846,1545 2835,1491 2198,1498"/>
                <Baseline points="2205,1528 2237,1529 2269,1531 2301,1529 2334,1528 2366,1527 2398,1525 2430,1525 2463,1525 2495,1525 2527,1525 2559,1525 2592,1525 2624,1525 2656,1527 2688,1527 2721,1525 2753,1522 2785,1522 2817,1523 2850,1525"/>
                <TextEquiv>
                    <Unicode>Ausschnitte und Bibliographie.</Unicode>
                </TextEquiv>
            </TextLine>
            <TextLine id="tr_2_tl_6" custom="readingOrder {index:5;}">
                <Coords points="2161,1604 2899,1607 2899,1555 2822,1564 2769,1531 2690,1558 2161,1548"/>
                <Baseline points="2169,1593 2205,1593 2242,1593 2278,1593 2315,1593 2352,1593 2388,1591 2425,1590 2461,1590 2498,1590 2535,1590 2571,1590 2608,1590 2644,1590 2681,1590 2718,1590 2754,1588 2791,1587 2827,1587 2864,1588 2901,1590"/>
                <TextEquiv>
                    <Unicode>Wien, I., Concordiaplatz 4.</Unicode>
                </TextEquiv>
            </TextLine>
            <TextLine id="tr_2_tl_7" custom="readingOrder {index:6;}">
                <Coords points="2388,1668 2448,1676 2531,1663 2606,1675 2674,1665 2674,1609 2655,1616 2639,1607 2596,1626 2537,1616 2508,1633 2448,1614 2388,1620"/>
                <Baseline points="2396,1656 2421,1656 2447,1656 2472,1658 2498,1659 2523,1659 2549,1659 2574,1659 2600,1659 2625,1659 2651,1657 2677,1656"/>
                <TextEquiv>
                    <Unicode>Vertretungen</Unicode>
                </TextEquiv>
            </TextLine>
            <TextLine id="tr_2_tl_8" custom="readingOrder {index:7;}">
                <Coords points="1991,1714 3043,1712 3055,1655 1991,1669"/>
                <Baseline points="1999,1707 2051,1705 2104,1704 2157,1704 2210,1704 2263,1703 2316,1701 2368,1701 2421,1699 2474,1698 2527,1698 2580,1698 2633,1698 2686,1698 2738,1698 2791,1695 2844,1695 2897,1695 2950,1695 3003,1693 3056,1695"/>
                <TextEquiv>
                    <Unicode>in Berlin, Brüssel, Budapest, Chicago, Cleveland, Christiania,</Unicode>
                </TextEquiv>
            </TextLine>
            <TextLine id="tr_2_tl_9" custom="readingOrder {index:8;}">
                <Coords points="2000,1748 3052,1744 3023,1698 2000,1721"/>
                <Baseline points="2008,1745 2060,1745 2112,1742 2165,1742 2217,1740 2270,1740 2322,1741 2374,1740 2427,1740 2479,1737 2532,1737 2584,1737 2636,1737 2689,1735 2741,1734 2794,1734 2846,1734 2898,1734 2951,1732 3003,1731 3056,1734"/>
                <TextEquiv>
                    <Unicode>Genf, Kopenhagen, London, Madrid, Mailand, Minneapolis,</Unicode>
                </TextEquiv>
            </TextLine>
            <TextLine id="tr_2_tl_10" custom="readingOrder {index:9;}">
                <Coords points="1997,1804 3052,1784 2986,1738 1997,1747"/>
                <Baseline points="2005,1787 2057,1784 2110,1784 2162,1781 2215,1781 2267,1781 2320,1781 2372,1779 2425,1775 2477,1775 2530,1775 2583,1775 2635,1775 2688,1775 2740,1775 2793,1775 2845,1775 2898,1774 2950,1772 3003,1772 3056,1766"/>
                <TextEquiv>
                    <Unicode>New-York, Paris, Rom, San Francisco, Stockholm, St. Peters¬</Unicode>
                </TextEquiv>
            </TextLine>
            <TextLine id="tr_2_tl_11" custom="readingOrder {index:10;}">
                <Coords points="2393,1818 2477,1836 2510,1820 2573,1828 2661,1820 2661,1788 2625,1780 2603,1791 2585,1781 2516,1778 2426,1794 2411,1782 2393,1790"/>
                <Baseline points="2402,1814 2428,1814 2454,1814 2480,1816 2507,1816 2533,1814 2559,1814 2586,1814 2612,1814 2638,1814 2665,1814"/>
                <TextEquiv>
                    <Unicode>burg, Toronto.</Unicode>
                </TextEquiv>
            </TextLine>
            <TextLine id="tr_2_tl_12" custom="readingOrder {index:11;}">
                <Coords points="2346,1877 2419,1883 2518,1856 2539,1873 2600,1859 2619,1876 2708,1863 2708,1828 2684,1816 2635,1831 2560,1823 2531,1839 2511,1821 2478,1836 2450,1824 2346,1826"/>
                <Baseline points="2354,1856 2379,1854 2405,1853 2430,1851 2456,1851 2481,1852 2507,1853 2533,1853 2558,1851 2584,1850 2609,1850 2635,1850 2660,1850 2686,1850 2712,1850"/>
                <TextEquiv>
                    <Unicode>(Quellenangabe ohne Gewähr.)</Unicode>
                </TextEquiv>
            </TextLine>
            <TextLine id="tr_2_tl_13" custom="readingOrder {index:12;}">
                <Coords points="1992,1946 2125,1936 2205,1969 2600,1920 2842,1945 2823,1837 2481,1882 2248,1859 2087,1902 1995,1872"/>
                <Baseline points="2002,1934 2044,1931 2086,1931 2128,1931 2171,1928 2213,1928 2255,1928 2297,1928 2340,1926 2382,1923 2424,1922 2466,1921 2509,1919 2551,1918 2593,1915 2635,1913 2678,1912 2720,1909 2762,1907 2804,1907 2847,1907"/>
                <TextEquiv>
                    <Unicode>Ausschlussund, Brünn, Mähr.</Unicode>
                </TextEquiv>
            </TextLine>
            <TextLine id="tr_2_tl_14" custom="readingOrder {index:13;}">
                <Coords points="2573,2031 2641,2037 2669,2057 2757,2031 2800,2050 2849,2038 2851,1966 2819,1975 2772,1955 2747,1965 2726,1951 2675,1977 2575,1985"/>
                <Baseline points="2581,2020 2608,2022 2635,2023 2662,2023 2689,2022 2717,2020 2744,2018 2771,2016 2798,2015 2825,2015 2853,2017"/>
                <TextEquiv>
                    <Unicode>22 12. 1070</Unicode>
                </TextEquiv>
            </TextLine>
            <TextLine id="tr_2_tl_15" custom="readingOrder {index:14;}">
                <Coords points="2002,2056 2135,2054 2139,1998 2122,1998 2087,2010 2077,2005 2050,2020 2034,2017 2017,2001 2007,2000"/>
                <Baseline points="2011,2056 2036,2054 2062,2052 2087,2051 2113,2049 2139,2047"/>
                <TextEquiv>
                    <Unicode>vom</Unicode>
                </TextEquiv>
            </TextLine>
            <TextLine id="tr_2_tl_16" custom="readingOrder {index:15;}">
                <Coords points="2220,2175 2404,2165 2609,2195 2667,2162 2792,2205 2908,2189 2907,2112 2217,2092"/>
                <Baseline points="2226,2148 2260,2150 2294,2153 2328,2154 2363,2154 2397,2156 2431,2157 2466,2158 2500,2160 2534,2160 2569,2160 2603,2161 2637,2164 2671,2166 2706,2166 2740,2167 2774,2169 2809,2169 2843,2169 2877,2172 2912,2172"/>
                <TextEquiv>
                    <Unicode>Theater und Kunst.</Unicode>
                </TextEquiv>
            </TextLine>
            <TextLine id="tr_2_tl_17" custom="readingOrder {index:16;}">
                <Coords points="2102,2245 3111,2270 3109,2209 2977,2174 2710,2214 2188,2168 2100,2202"/>
                <Baseline points="2110,2232 2160,2229 2210,2229 2260,2229 2311,2230 2361,2230 2411,2231 2461,2232 2512,2235 2562,2238 2612,2238 2662,2239 2713,2242 2763,2244 2813,2244 2863,2246 2914,2250 2964,2250 3014,2253 3064,2254 3115,2256"/>
                <TextEquiv>
                    <Unicode>„Anatol." (Fünf Einakter von Arthur Schnitter.)</Unicode>
                </TextEquiv>
            </TextLine>
            <TextLine id="tr_2_tl_18" custom="readingOrder {index:17;}">
                <Coords points="1992,2288 3042,2324 3115,2316 3115,2271 1990,2221"/>
                <Baseline points="1999,2274 2057,2274 2116,2274 2175,2274 2234,2277 2293,2279 2352,2280 2411,2282 2470,2282 2529,2286 2587,2286 2646,2289 2705,2292 2764,2292 2823,2295 2882,2295 2941,2298 3000,2298 3059,2300 3118,2307"/>
                <TextEquiv>
                    <Unicode>Heute mag man darüber taunen, daß diese kleinen,</Unicode>
                </TextEquiv>
            </TextLine>
            <TextLine id="tr_2_tl_19" custom="readingOrder {index:18;}">
                <Coords points="1991,2337 2960,2368 3102,2360 3101,2312 1990,2291"/>
                <Baseline points="1999,2324 2054,2322 2109,2324 2165,2326 2220,2327 2275,2327 2331,2328 2386,2330 2441,2330 2497,2330 2552,2334 2607,2336 2663,2338 2718,2339 2773,2340 2829,2342 2884,2344 2939,2348 2995,2348 3050,2348 3106,2351"/>
                <TextEquiv>
                    <Unicode>graziösen, französisch beeinflußten Causerien einmal beinahe</Unicode>
                </TextEquiv>
            </TextLine>
            <TextLine id="tr_2_tl_20" custom="readingOrder {index:19;}">
                <Coords points="1991,2376 3105,2411 3065,2356 1991,2336"/>
                <Baseline points="1999,2369 2054,2369 2110,2370 2165,2372 2221,2375 2276,2375 2332,2376 2387,2378 2443,2378 2498,2378 2554,2382 2609,2384 2665,2387 2720,2385 2776,2390 2831,2390 2887,2392 2942,2396 2998,2395 3053,2395 3109,2396"/>
                <TextEquiv>
                    <Unicode>mit ein Anzeichen der literarischen Revolution gewesen</Unicode>
                </TextEquiv>
            </TextLine>
            <TextLine id="tr_2_tl_21" custom="readingOrder {index:20;}">
                <Coords points="1991,2432 3102,2458 3089,2405 1990,2375"/>
                <Baseline points="1999,2420 2054,2418 2109,2421 2165,2423 2220,2423 2275,2423 2331,2424 2386,2426 2441,2429 2497,2429 2552,2432 2607,2435 2663,2436 2718,2435 2773,2438 2829,2440 2884,2443 2939,2441 2995,2444 3050,2444 3106,2447"/>
                <TextEquiv>
                    <Unicode>sint: und fast ebenso erstaunlich, wie sie bis heute ihren</Unicode>
                </TextEquiv>
            </TextLine>
            <TextLine id="tr_2_tl_22" custom="readingOrder {index:21;}">
                <Coords points="1987,2500 3053,2511 3106,2506 3106,2462 1985,2435"/>
                <Baseline points="1993,2465 2048,2466 2104,2469 2160,2473 2216,2474 2272,2474 2327,2475 2383,2477 2439,2477 2495,2480 2551,2481 2606,2483 2662,2483 2718,2486 2774,2487 2830,2489 2885,2492 2941,2492 2997,2492 3053,2494 3109,2492"/>
                <TextEquiv>
                    <Unicode>harmlos glitzernden Reiz unverändert vom harten und</Unicode>
                </TextEquiv>
            </TextLine>
            <TextLine id="tr_2_tl_23" custom="readingOrder {index:22;}">
                <Coords points="1978,2547 2232,2520 3075,2562 3104,2501 1975,2465"/>
                <Baseline points="1984,2518 2040,2516 2096,2518 2152,2518 2209,2521 2265,2522 2321,2524 2377,2524 2434,2524 2490,2528 2546,2530 2602,2530 2659,2533 2715,2534 2771,2536 2827,2536 2884,2538 2940,2539 2996,2539 3052,2542 3109,2539"/>
                <TextEquiv>
                    <Unicode>Frängenden Leben bewahrt haben. Welch ein Schritt</Unicode>
                </TextEquiv>
            </TextLine>
            <TextLine id="tr_2_tl_24" custom="readingOrder {index:23;}">
                <Coords points="1956,2583 3099,2612 3108,2560 2232,2520 1955,2554"/>
                <Baseline points="1963,2566 2020,2566 2077,2566 2135,2569 2192,2566 2250,2570 2307,2572 2365,2575 2422,2576 2480,2578 2537,2578 2594,2578 2652,2582 2709,2586 2767,2584 2824,2587 2882,2589 2939,2588 2997,2590 3054,2591 3112,2593"/>
                <TextEquiv>
                    <Unicode>vom Schnitzler des „Anatol“ bis zu dem des „Jungen</Unicode>
                </TextEquiv>
            </TextLine>
            <TextLine id="tr_2_tl_25" custom="readingOrder {index:24;}">
                <Coords points="1977,2618 3102,2645 3091,2602 1977,2573"/>
                <Baseline points="1984,2614 2040,2614 2096,2615 2152,2617 2208,2614 2264,2618 2320,2622 2376,2625 2432,2626 2488,2627 2545,2629 2601,2631 2657,2632 2713,2632 2769,2636 2825,2638 2881,2638 2937,2638 2993,2640 3049,2639 3106,2638"/>
                <TextEquiv>
                    <Unicode>Medardus"? Ob auch in poetischer Hinsicht ein Fort¬</Unicode>
                </TextEquiv>
            </TextLine>
            <TextLine id="tr_2_tl_26" custom="readingOrder {index:25;}">
                <Coords points="1982,2675 2355,2669 2685,2702 2685,2649 1981,2618"/>
                <Baseline points="1990,2665 2026,2665 2063,2665 2100,2665 2137,2665 2173,2665 2210,2668 2247,2670 2284,2671 2321,2670 2357,2668 2394,2668 2431,2673 2468,2676 2505,2677 2541,2677 2578,2677 2615,2680 2652,2675 2689,2677"/>
                <TextEquiv>
                    <Unicode>schritt: Gespielt — oder besser</Unicode>
                </TextEquiv>
            </TextLine>
            <TextLine id="tr_2_tl_27" custom="readingOrder {index:26;}">
                <Coords points="2734,2704 2958,2691 3065,2711 3124,2697 3124,2628 3078,2654 3040,2646 3003,2661 2961,2664 2911,2642 2892,2658 2815,2645 2734,2664"/>
                <Baseline points="2742,2689 2767,2687 2793,2686 2819,2686 2844,2686 2870,2686 2896,2686 2921,2686 2947,2688 2973,2689 2998,2689 3024,2689 3050,2689 3075,2690 3101,2692 3127,2689"/>
                <TextEquiv>
                    <Unicode>geplaudert wurden</Unicode>
                </TextEquiv>
            </TextLine>
            <TextLine id="tr_2_tl_28" custom="readingOrder {index:27;}">
                <Coords points="1979,2727 3102,2746 3101,2705 2999,2694 1978,2674"/>
                <Baseline points="1987,2712 2045,2712 2104,2714 2163,2715 2222,2718 2281,2718 2340,2721 2399,2722 2458,2724 2517,2724 2575,2727 2634,2727 2693,2729 2752,2730 2811,2731 2870,2733 2929,2733 2988,2736 3047,2736 3106,2736"/>
                <TextEquiv>
                    <Unicode>diese schimmernden Dinge, in denen es aus Tränen</Unicode>
                </TextEquiv>
            </TextLine>
            <TextLine id="tr_2_tl_29" custom="readingOrder {index:28;}">
                <Coords points="1977,2772 3045,2807 3105,2794 3104,2754 1975,2728"/>
                <Baseline points="1984,2757 2040,2760 2096,2761 2152,2763 2208,2766 2264,2766 2320,2766 2376,2768 2432,2769 2488,2772 2545,2772 2601,2774 2657,2775 2713,2779 2769,2781 2825,2781 2881,2781 2937,2784 2993,2784 3049,2784 3106,2784"/>
                <TextEquiv>
                    <Unicode>lächelt, mit aller Charme von Herrn Kramer, dessen</Unicode>
                </TextEquiv>
            </TextLine>
            <TextLine id="tr_2_tl_30" custom="readingOrder {index:29;}">
                <Coords points="1977,2816 2930,2852 3094,2849 3092,2800 1975,2772"/>
                <Baseline points="1984,2805 2039,2811 2095,2811 2150,2811 2206,2814 2262,2815 2317,2817 2373,2817 2429,2817 2484,2820 2540,2823 2596,2823 2651,2826 2707,2829 2763,2832 2818,2830 2874,2829 2930,2832 2985,2835 3041,2835 3097,2835"/>
                <TextEquiv>
                    <Unicode>leichte Noblesse keine Nuance fallen ließ, Frau Glöckner,</Unicode>
                </TextEquiv>
            </TextLine>
            <TextLine id="tr_2_tl_31" custom="readingOrder {index:30;}">
                <Coords points="1968,2865 3033,2905 3102,2898 3102,2849 1966,2815"/>
                <Baseline points="1975,2856 2031,2859 2088,2859 2144,2861 2201,2862 2257,2865 2314,2865 2370,2865 2427,2868 2483,2871 2540,2873 2597,2874 2653,2874 2710,2877 2766,2877 2823,2880 2879,2880 2936,2881 2992,2883 3049,2886 3106,2886"/>
                <TextEquiv>
                    <Unicode>die in den einzelnen Stücken die Karriere von der Dame</Unicode>
                </TextEquiv>
            </TextLine>
            <TextLine id="tr_2_tl_32" custom="readingOrder {index:31;}">
                <Coords points="1977,2918 3094,2944 3062,2894 1975,2862"/>
                <Baseline points="1984,2906 2039,2906 2095,2907 2150,2909 2206,2912 2262,2915 2317,2914 2373,2914 2429,2918 2484,2918 2540,2919 2596,2921 2651,2921 2707,2924 2763,2923 2818,2925 2874,2930 2930,2930 2985,2933 3041,2933 3097,2933"/>
                <TextEquiv>
                    <Unicode>von Welt bis zur Dame der Halbwelt — am besten im</Unicode>
                </TextEquiv>
            </TextLine>
            <TextLine id="tr_2_tl_33" custom="readingOrder {index:32;}">
                <Coords points="1971,2974 3101,3007 3099,2943 1969,2921"/>
                <Baseline points="1978,2960 2034,2957 2091,2957 2147,2957 2204,2960 2260,2962 2314,2956 2367,2955 2424,2962 2480,2968 2537,2972 2594,2972 2650,2972 2707,2974 2763,2975 2820,2978 2876,2978 2933,2980 2989,2984 3046,2982 3103,2984"/>
                <TextEquiv>
                    <Unicode>„Abschiedssouper" — mit gleicher Virtuosität durchmaß</Unicode>
                </TextEquiv>
            </TextLine>
            <TextLine id="tr_2_tl_34" custom="readingOrder {index:33;}">
                <Coords points="1968,3010 2910,3058 3089,3042 3088,3000 1966,2978"/>
                <Baseline points="1975,3002 2030,3005 2086,3005 2142,3007 2198,3008 2254,3009 2310,3011 2365,3013 2421,3014 2477,3017 2533,3018 2589,3020 2645,3023 2701,3024 2756,3026 2812,3028 2868,3029 2924,3030 2980,3032 3036,3032 3092,3032"/>
                <TextEquiv>
                    <Unicode>und Herrn Lackner mit unaufdringlichem, aber</Unicode>
                </TextEquiv>
            </TextLine>
            <TextLine id="tr_2_tl_35" custom="readingOrder {index:34;}">
                <Coords points="1964,3056 2702,3102 3092,3092 3091,3045 1962,3017"/>
                <Baseline points="1972,3053 2028,3054 2084,3056 2140,3058 2196,3059 2252,3060 2308,3062 2365,3062 2421,3062 2477,3068 2533,3068 2589,3068 2645,3071 2701,3074 2758,3074 2814,3074 2870,3077 2926,3078 2982,3080 3038,3080 3095,3083"/>
                <TextEquiv>
                    <Unicode>dennoch schlagkräftigem satirischem Humor, alle drei</Unicode>
                </TextEquiv>
            </TextLine>
            <TextLine id="tr_2_tl_36" custom="readingOrder {index:35;}">
                <Coords points="1964,3115 2521,3124 2520,3078 2452,3066 2334,3083 2303,3066 1964,3070"/>
                <Baseline points="1972,3100 1999,3102 2027,3103 2054,3103 2082,3103 2110,3103 2137,3103 2165,3103 2192,3103 2220,3105 2248,3106 2275,3108 2303,3109 2330,3109 2358,3111 2386,3111 2413,3109 2441,3110 2468,3112 2496,3112 2524,3112"/>
                <TextEquiv>
                    <Unicode>waren als Gäste geladen</Unicode>
                </TextEquiv>
            </TextLine>
            <TextLine id="tr_2_tl_37" custom="readingOrder {index:36;}">
                <Coords points="2832,3132 2878,3144 2908,3132 2953,3141 2990,3134 3014,3148 3040,3138 3037,3089 2994,3088 2978,3104 2960,3088 2922,3086 2911,3098 2898,3091 2888,3098 2852,3082 2829,3082"/>
                <Baseline points="2838,3118 2863,3121 2889,3124 2915,3124 2941,3126 2966,3129 2992,3130 3018,3130 3044,3130"/>
                <TextEquiv>
                    <Unicode>Dr. R. F.</Unicode>
                </TextEquiv>
            </TextLine>
            <TextLine id="tr_2_tl_38" custom="readingOrder {index:37;}">
                <Coords points="1966,3214 3082,3188 3056,3129 2697,3111 2139,3111 1966,3151"/>
                <Baseline points="1975,3184 2030,3183 2083,3160 2139,3159 2194,3158 2250,3160 2306,3160 2361,3163 2417,3163 2473,3161 2529,3163 2584,3163 2640,3166 2696,3168 2751,3172 2807,3172 2863,3173 2918,3175 2974,3178 3030,3178 3086,3178"/>
                <TextEquiv>
                    <Unicode>„Freund Jack.“ Eine sehr leichte Komödie von</Unicode>
                </TextEquiv>
            </TextLine>
            <TextLine id="tr_2_tl_39" custom="readingOrder {index:38;}">
                <Coords points="2575,3211 2907,3262 2980,3234 3082,3239 3092,3186 2572,3177"/>
                <Baseline points="2581,3193 2608,3197 2635,3200 2662,3204 2690,3206 2717,3208 2744,3212 2772,3215 2799,3217 2826,3218 2854,3220 2881,3222 2908,3224 2936,3226 2963,3226 2990,3226 3018,3226 3045,3227 3072,3229 3100,3229"/>
                <TextEquiv>
                    <Unicode>el des Stückes ist nicht</Unicode>
                </TextEquiv>
            </TextLine>
            <TextEquiv>
                <Unicode></Unicode>
            </TextEquiv>
        </TextRegion>
    </Page>
</PcGts>
