3436 4224
232 150 472 256 4.9.
1351 138 1712 244 box 8/5
689 144 1170 268 1 - Zyklus
981 1002 1270 1101 burg, Toronto.
909 1068 1345 1164 lenangabe uns den
593 1146 945 1249 Ausschnitt aus:
1056 1207 1546 1312 COLLEMEN 1910
596 1276 725 1351 vom
870 1285 1598 1426 — Staatsbürger Leitung, Bern
1697 1429 2897 1519 war ganz das süße Mädel“ der man selbst in der Hypnose
1703 1507 2894 1571 nicht mit der Frage nach ihrer Treue kommen darf. Lina
725 1501 1444 1589 Aus den Theatern.
1700 1543 2894 1616 Lossen als Kindliche ging nicht recht aus sich heraus: sie
927 1577 1255 1658 Lessing=Theater.
1703 1592 2891 1652 blieb kalt und steif — ein Fehler, der zum Teil auch in der
1700 1631 2900 1697 Rolle begründet liegt. Frl. Sassin als Abschiedssouper¬
743 1625 1441 1706 „Anatol“ von Arthur Schnitzler.
1330 1658 2894 1751 mung dieses Annie war glänzend ein kleiner Teufel voll Leichtsinn und
572 1688 1059 1754 Man mag dem Milie¬
496 1721 2903 1793 allmählich in gewissem Sinne klassisch gewordenen Einakter=Bosheit und einer sehr natürlichen plebejischen Note. Frl.
1718 1760 2903 1829 Herterich als die vagabundierende Zirkuskünstlerin,
493 1778 1688 1841 Zyklus Schnitzlers fremd und ablehnend gegenüber stehen:
490 1805 2900 1874 es ist in der Art dieses Wiener Dichters ein Etwas, das auch in deren Leben Anatol nur „Episode" gewesen war, verdiente
1447 1850 2903 1914 Eine leise alles Lob, und Irene Triesch als Ilona bildete den
496 1859 1399 1929 den Widerstrebenden in seinen Bann zieht.
490 1886 2909 1962 Schwermut, eine leichtsinnige Melancholie, ein sanftes Däm= Höhepunkt des Abends: sie war Feuer und Leben vom Scheitel
496 1944 2906 2013 merlicht verträumter Herbstabende liegt über allem: ein bis zur Sohle: es war köstlich, wie sie das Teegeschirr zerschlug
496 1980 2903 2049 trauliches Gemach, eine rosa Ampel, ein paar Blumen auf und sich auf die Causeuse warf ihr Schwur „ich komme wie¬
493 2022 2903 2097 dem Tisch — und darinnen eine kleine Nähterin aus der der ließ in der Tat nichts an Glaubwürdigkeit zu wünschen
1715 2073 1835 2145 übrig.
493 2073 1688 2130 Vorstadt, die auf ihren Geliebten wartet. Keine Kunst
1790 2088 2909 2184 Herr Monnard als Anatol stellte einen ganz glück¬
505 2121 1691 2172 großen Stils, aber eine unendliche Feinheit und Anmut des
502 2157 2906 2226 Details: ein kleiner wundersamer Ausschnitt aus diesem lichen Typus des weichlichen, sentimentalen Liebhabers dar
1766 2196 2906 2263 aber die feine Kultur und Grazie des Schnitzlerschen
499 2202 1519 2281 großen, seltsamen Leben, das an uns vorberauscht
578 2236 2906 2311 Es ist eine Kunst der Décadence, gewiß: Wollen, Tat¬ Anatol ging ihm ab. Ausgezeichnet als Maß war Emanuel
493 2299 2915 2356 kraft, starke seelische Konflikte sind ausgeschaltet, und nur Reicher: die lächelnde Ueberlegenheit und kühle Objekti¬
493 2332 2912 2422 das Spiel des Herzens und der Sinne bleibt. Anatol ist ein vität des Zuschauers kann nicht virtuoser und anschaulicher
2762 2380 2912 2446 H. St.
502 2377 2578 2455 Genießer des Ewig=Weiblichen — ein wenig schwermütig, ein dargestellt werden, als es durch ihn geschah.
499 2434 1703 2494 wenig grüblerisch, zu allerhand nachdenklichen Betrachtungen
502 2473 1700 2536 geneigt, wie man das bei erotischer Ueberernährung durchweg
502 2515 1703 2575 wird: im übrigen ist er gar kein komplizierter oder besonders
499 2560 1703 2618 interessanter Mensch — er ist, wie er selbst richtig erkennt,
499 2600 1694 2654 kein Individuum, sondern ein Typus: der Typus des über
511 2639 1697 2711 sättigten Lebemannes, dabei ein harmlos gutmütiges Kind,
502 2687 1703 2744 er glaubt — und darin liegt die Komik seines Wesens — die
499 2723 1709 2792 Weiber zu beherrschen, während er in Wirklichkeit seinerseits
502 2771 1709 2840 ihr Sklave ist. Die Weiber sind ihm — wie jedem Manne
560 2813 1706 2882 himmelweit überlegen, selbst in der Hypnose lügen sie noch
502 2864 1706 2928 — der gute Anatol wird mit diesen „süßen, hassenswerten
502 2903 1703 2970 Geschöpfen nicht fertig, und er endet als ein müder, unter
508 2946 1553 3015 ein offenbar nicht leichtes Ehejoch gebeugter Mann.
584 2979 1709 3048 Von den sieben Einaktern hat Brahm fünf ausgewählt:
505 3039 1709 3099 Die Frage an das Schicksal, — Weihnachtseinkäufe. — Ab¬
518 3078 1706 3138 schiedssouper — Episode — Anatols Hochzeitsmorgen. Auch die
511 3123 1706 3192 fünf stellen auf der Bühne fast ein Zuviel dar. Aber dies Zu¬
505 3168 1709 3219 viel wird bei der Aufführung gemildert durch die Art, in der
505 3219 1709 3271 die verschiedenen Weibertypen dargestellt werden: die Mono¬
505 3258 1706 3307 tonie der Handlung wird auf diese Weise angenehm unter¬
508 3298 1727 3376 brochen. Frl. Somary begann den Reigen als Cora: sie
560 165 656 262 a
