3484 4256
265 203 806 294 4.9. Anatol
1376 203 1743 301 box 9/3
261 1256 1137 1442 chen-Augsburger Abendzeitung
617 1413 980 1525 14. Dez. 1925
1365 1438 3359 1547 bei leisem Wind und Blätterfallen der zu spät uns. Rokoko ist Hofmannsthals Prolog zu diesen Schle
1373 1521 3359 1612 Geliebten von einem zerspielten Leben sagt. Fünf¬ Akten, und auch sie selbst spielen in einer Ver¬ spiel
516 1507 1275 1605 Arthur Schnitzler: „Anatol¬
3246 1558 3363 1605 der
1380 1561 2542 1616 unddreißig Jahre sind verflossen seit dem Tag, gangenheit.
428 1569 1344 1638 Erstaufführung im Residenztheate
3254 1594 3363 1649 figür
1380 1605 2302 1659 da die Niederschrift „Anatol“ vollendet wurde,
2368 1609 3348 1678 Gustav Waldau weiß um diese zeit¬
483 1623 1354 1685 Noch immer ist Wien die Stadt des Lächelns
1380 1649 2295 1696 und noch sind sie keineswegs ausgestorben, die
439 1670 1362 1718 ihre heimlichen Nöte werden dem Fremden kaum
1380 1670 3235 1736 leichtsinnigen Melancholiker, noch leben diese ihre lichen und kulturellen Bindungen. Er hat die
2324 1707 3232 1758 fünf meistaufgeführten der sieben „Anatol"-Sze¬
3264 1714 3355 1761 Pri
428 1718 1358 1761 bemerkbar, und ihres Antlitzes holde Reine bleibt
1380 1736 3355 1797 Szenen um einen Prototyp, den Wiener Anatol. nen durch eine wienerische Musik verbunden, die
436 1750 1358 1801 wie trotz aller Stürze und Umstürze seine sanft
1434 1779 3228 1845 Aber Wien, das deutsche Märchen am Donau aus verhangener Orchesterloge klingt, und de
3254 1794 3363 1837 welt¬
447 1794 1358 1841 Glut lebendig und entzückend blieb. An der
2320 1823 3232 1870 (nur selten noch gesprochene) Prolog erscheint in
3254 1830 3348 1877 Karl
436 1827 1362 1874 taubengrauen Abenden, die weich vom Wiener
1387 1801 2295 1885 strom, ist durch einen Krieg, eine Revolution
2320 1859 3232 1906 Reifrock seiner Zeit und plaudert seine Verse in
3257 1870 3355 1914 den
447 1866 1358 1921 Wald hereinsinken, ist die Stadt noch immer da¬
1384 1866 2299 1921 einen Kronen= und einen Frankensturz gegangen
2320 1892 3355 1954 das Rokoko des kostbaren Theaterraumes. Soweit
447 1899 1358 1957 deutsche Märchen am Donaustrom; mit dem Läu¬
1384 1910 2295 1961 die heimlichen Nöte, die dem Fremden kaum be¬
2320 1935 3235 1986 er sich selbst, den Schauspieler Waldau, einsetzen
3257 1946 3363 1997 dau,
436 1939 2295 2004 ten der Glocken von Sankt Stephan wächst es merkbar werden, zehren am Mark der Stadt; Rei
1391 1975 3232 2034 fiel auf die Blüte ihres ewigen Frühlings. Die kann, vermag der Regisseur Waldau — von eini¬
443 1979 1358 2037 groß, historisch und geheimnisvoll. Im Prate
1391 2012 3366 2084 Jüngsten einer Vorkriegszeit fangen an, alt zu gen Längen sei abgesehen — eine echte wienerische schen
443 2026 1365 2073 dreht sich hoch über allem Weltgeschehen das
439 2052 3235 2113 Riesenrad mit den bunten Lichtern seiner Gon werden, und an keinem von ihnen, den so sehr Halb=und=Halb=Stimmung zu beschwören, triff
3264 2084 3359 2161 n
1391 2095 3239 2153 Empfindsamen, sind jene Jahre spurlos vorüber er — bis auf einige Entgleisungen ins Schwa¬
443 2102 1365 2153 deln, durch die lampionerhellten Räume weh¬
1387 2132 3235 2197 geglitten; Erinnerung ist das Beste oder Einzige, bing — den Schnitzlerton, und da Anatol-Walda
447 2135 1369 2193 Waldteufels „Schlittschuhläuser=Walzer sehn¬
454 2171 3246 2233 süchtiger, als du je ihn hörtest an irgendeiner was den mit Haltung Alternden verblieb. Die beinahe die ganzen fünf Szenen hindurch auf der
450 2186 3359 2273 Stätte und in irgendeiner Nacht, und immer aber nach dem Krieg zur Reise kamen, wissen Bühne bleibt, füllt er den Abend mit persönlichen wen¬
1391 2240 3366 2309 nichts von dem seltsamen, kranken Zauber der Reizen: mit dem Charme des großen Jungen, mit wehn
447 2255 1362 2309 noch sind die Worte der leider auch hier mi
3261 2277 3366 2331 allzu
443 2284 3235 2346 Bubenköpfen an den weißen Tischen paradieren Zeit um die Jahrhundertwende; sie haben ihren schürfendem Humor, mit der Melancholie eine
1384 2309 3359 2386 eigenen Typ, der dem eines leichtsinnigen Melan- zarten Seele und mit einem ungewöhnlichen So
443 2339 1024 2411 den Blondinen von Schnitzler.
3268 2357 3370 2422 geme
1387 2360 3239 2426 cholikers fremd und fern ist, auch wenn sie ihn, Können. Aber wenn es schon für diesen Können
501 2371 1362 2447 Noch immer leben die Szenen um dieser
1391 2400 3239 2462 in Wien, bisweilen noch zum Muster nehmen. Er und Kenner nicht selbstverständlich leicht ist, in
443 2408 1365 2484 Anatol, der nicht ohne Grund auf seinen parise¬
447 2437 3243 2524 rischen Namen getauft wurde, und dessen ero war, dieser Typ, der edelste Repräsentant aller ab= Wien und bei Schnitzler zu verharren (seine Per¬
2324 2480 3243 2535 siflage von der Träne „im Knopfloch" war am
1391 2487 2302 2542 klingenden Epochen, seine Zeit wird oft noch
447 2513 1365 2564 tische Erlebnisse von den Liebesabenteuern seine
3264 2513 3344 2567 der
450 2513 3239 2600 französischen Kollegen materiell kaum verschieden wiederkommen, solange diese alte Erde kreisen Samstag unter nicht wenigen anderen die
2324 2553 3239 2611 schlimmste, so muß solches Bemühen um einer
3268 2556 3366 2611 Alba
1391 2567 2302 2622 wird, und immer leben, frühgereift und zart und
454 2582 1362 2644 sind: doch nicht die Frage Was, die Frage Wie
450 2593 3359 2680 erklärt den Typ des leichtsinnigen Melancholi= traurig, in fremder Welt einsame Brüder Ana¬ Stil für die übrigen Mitwirkenden beinahe not¬
450 2644 3373 2716 kers. Sie sind keineswegs ausgestorben, die De¬ tols. Aber wieder einmal ist ihre große Zeit wendigerweise vergeblich bleiben. Nur eine ein¬ Staa
3264 2683 3359 2727 dritt
447 2669 3243 2760 kadents von 1890, denen das Dasein ein Spazier=gewesen. Nie auch, solange ein deutsches Thea¬ ziger fünf Szenen findet unter diesen Bedin¬
3268 2723 3363 2767 les
1402 2705 3243 2774 ter sein wird, werden diese Szenen Arthur gungen ideale Formung, die Szene „Weihnachts¬
447 2738 1365 2796 gang durch einen Irrgarten von Stimmungen ist
3261 2756 3366 2803 ande
1402 2752 3239 2818 Schnitzlers vergessen werden. Doch schon sind, einkäufe, die sich bereits im Buch bedenklich den
450 2778 1380 2836 die kein Gefühl und kein Erlebnis mehr ernst
2331 2785 3239 2843 Sentimentalen nähert und oft gestrichen wird
3268 2800 3363 2847 Aus
450 2803 2306 2876 nehmen können, weil sie wissen, daß nichts wahr unter dem Staub schwerer Jahre, ihre Farben
2335 2821 3366 2883 Hier jedoch steht Baldau in Herta von Hagen zur
450 2832 2306 2909 und wirklich ist als der Augenblick; die deshalb verblichen. Noch immer leuchtet und entzückt ein
1402 2861 3239 2934 Form; aber, nicht wahr, es ist nicht unser eigenes die ebenbürtige Partnerin gegenüber. Man kann
3268 2880 3359 2923 ins
450 2890 1362 2952 an die Stunde sich verschenken und sich betrüger
2339 2909 3246 2956 sich jene Gabriele gewißlich anders denken, aber
3268 2920 3355 2974 Str.
1398 2916 2309 2970 Stück mehr, nur noch, für wenige, ein Stück von
450 2927 1373 2992 kraft ihrer Phantasie und ihrer Fähigkeit zu
1398 2938 3246 3007 unserem Stück, was in diesen Szenen gespielt was Frau von Hagen mit ihren kleinen Sätzen
454 2967 1376 3028 Leidenschaft; die aus der Not innerer Haltlosig¬
2339 2963 3370 3039 formt, ist ein Miniatur=Erlebnis, dem das vor¬ Klei¬
458 2992 2313 3065 keit die Tugend äußerer Haltung machen; die um wird, nicht mehr die Komödie unserer Seele, nur
1402 3014 3243 3090 noch, für wenige, ein Akt, ein Auftritt der Ko¬ gesetzte einschränkende Substantiv nichts nehmer
465 3047 1376 3112 sich selbst wissen und so beinahe tragisch sind. Das
1402 3058 3243 3127 mödie unserer Zeitseele. Die Dinge des Lebens kann von seiner Echtheit, seiner Te und der
3268 3047 3363 3119 doze
454 3087 1376 3148 fin de siècle war ihre große Zeit: „Liebelei
454 3090 3355 3181 hies bekennerisch das Werk, das ihren Ruhm über haben heute ein anderes Gesicht als dazumal; Meisterschaft, mit der es geformt wurde. Char¬
454 3152 3366 3232 die Erde trug; sie alterten mit Herrn von Sala, Liebe hat ewig gültigen und ewig gleichen Wert, lotte Krüger, Cora, lieblich anzuschauen und Wir
458 3185 3363 3286 der am Ende seines einsamen Wegs im Garten die Formen der Erotik jedoch wandeln sich mit von natürlicher Grazie, ermüdet im hypnotischen and
