3436 4320
1315 239 1687 327 box 8/7
218 243 1172 331 4.9. Anatol - Zyklus
647 1344 1684 1454 Bitte Rückseite beachten!
1270 1424 1658 1525 Telephon 12.801.
1451 1543 1557 1620 e
799 1603 1407 1696 OBSERVE
635 1687 1683 1780 I. österr. behördl. konz. Unternehmen für
937 1756 1394 1821 Zeitungsausschnitte
651 1787 1679 1887 Wien, 1, Konkordiaplatz 4.
1034 1857 1293 1917 Vertretungen
633 1889 1683 1970 in Berlin, Basel, Budapest, Chicago, Cleveland, Christiania,
635 1926 1680 2007 Genf, Kopenhagen, London, Madrid, Mailand, Minneapolis,
633 1968 1678 2042 New-York, Paris, Rom, San Francisco, Stockholm, St. Peters¬
1021 2014 1304 2082 burg, Toronto.
872 2063 1442 2139 (Quellenangabe ohne Gewähr).
633 2108 1646 2257 Ausschnitt aus Daily Chronicle, London
734 2194 974 2275 20 3. 191
621 2225 753 2317 vom
821 2317 1534 2433 wronger.
818 2419 1538 2482 Yet another adventure of Anatol was
795 2444 1542 2518 ded to the interesting programme at the
790 2493 1536 2551 Litte Theatre on Saturday night this time
786 2527 1532 2589 the most seriously and bitterly cynical of
782 2563 1531 2620 any. It is called Keepsakes," and tells
786 2601 1527 2663 how Emily, a sith came of Anatos, had
778 2632 1527 2690 kept back two jeweils from the keepsakes of
779 2686 1531 2739 other admirers that she had consented to
781 2700 1238 2750 destroy for Anatols sake.
821 2742 1531 2806 One was a ruby. She bad kept it in
781 2775 1532 2833 memory of her first love affair. This, with
779 2815 1531 2874 very little trouble, Anato persuaded to
781 2849 1532 2895 discard. The other was a black iron.
778 2890 1532 2933 souvenir of a later entanglement. Anato
775 2922 1534 2967 threw it into the fire. With a savage shriek
771 2950 1531 3003 he went on her knees before the fender and
781 2994 1534 3033 tried to get it back with the tongs. It's
771 3026 1531 3078 worth a thousand pounds se cried.
778 3054 1531 3107 Anato watched her grimiv for a little, the
798 3094 1528 3142 relight making ugly shadows on her face.
799 3130 1525 3190 That was your price, was it be said,
771 3159 1141 3214 quietly, and left her.
808 3182 1522 3248 As may be imagined, there is more of the
783 3240 1526 3290 passionate cynic and less of the amatory
778 3277 1526 3316 butterfly about the Anatol of this episode
778 3308 1530 3354 than about the Anatol of the others, and
774 3337 1526 3402 Mr. Granville Barker played it with corre¬
778 3369 1525 3426 spondingly satisfactory conviction, with
775 3403 1527 3487 Miss Aime De Burgh as the lady concerned,
2055 1221 2697 1334 early troubled with no such fecting.
2232 1305 2784 1398 THE PALACE THEATRE.
2091 1375 2948 1429 This week Mr. Granville Barker, with Miss Lillah
2050 1421 2954 1475 McCarthy and Mr. Nigel Playfair, lets us a little
2055 1460 2958 1514 further into the sentimental bistory of Arthur
2054 1497 2954 1557 Schnitzlers Anatol. For a long time Anatol has
2055 1530 2956 1599 been trying to break off an affair with Mimi, a lady
2055 1572 2955 1637 of the ballet; but he has been afraid to. Mimi
2067 1607 2955 1671 will carry on, and it will be dreadful. Mimi will
2063 1642 2955 1710 cry, and then he may fall in love with her again.
2061 1684 2943 1753 He does not want to do that, because there is already
2063 1725 2959 1785 another, a simple girl, so simple that the tears come
2063 1764 2954 1837 into her eyes when Anatol offers her a bunch of
2063 1803 2948 1867 violets or a bottle of shilling claret at a cheap restau¬
2062 1842 2959 1921 rant. Every night of late he has been supping
2070 1889 2955 1952 early with her at a cheap restaurant, before going
2068 1918 2955 1989 on to sup late with Mimi at a dear one. But this
2063 1956 2960 2033 is really the farewell supper, and Max has been
2061 1994 2958 2067 invited to share it in order to steel Anatol in his
2066 2041 2959 2099 desperate resolution. It will be a surprise for Mimi
2070 2075 2969 2138 But when Mimi comes as gay as a parakeet in
2066 2126 2969 2177 bright reds and greens she, too, has a surprise in store
2067 2148 2968 2207 for Anatol. In fact, before he can break it off she
2072 2189 2969 2254 breaks it off. She is in love with a man in the
2067 2228 2967 2282 chorus. She is going to throw herself away. No
2038 2261 2981 2329 more ses more campagne more et
2038 2313 2977 2377 aux true the lady has a fine appetite, and what
2078 2348 2975 2412 Max calls a sentimental tummy. You have been
2078 2381 2977 2448 deceiving me cries infuriated, bewildered Anatol. The
2078 2429 2977 2492 lady vows that is not true. It all happened that very
2079 2457 2976 2525 evening. The lady, you see, plays the game. Not
2088 2497 2982 2559 so Master Anatol, in whom, to tell the truth, there is
2084 2544 2988 2601 a touch of the cad. In his rage he lets fly the truth
2084 2572 2981 2644 about the other, the simple girl only to be met by the
2089 2612 2982 2674 retort that Mimi herself could have said as much about
2091 2663 2976 2713 her lover in the chorus if she hadn't preferred to play
2091 2693 2981 2751 the game. A bitter trife, as hard on Anatol as any¬
2091 2730 2981 2789 thing could be ; but a witty trife. The economy is
2091 2775 2993 2828 wonderful. Every word tell, every line throws a
2097 2807 2992 2877 light on the people and their ways, and justice is
2099 2846 2985 2921 satisfied for once in a legitimate, inevitable manner.
2102 2882 2994 2947 As Anatol Mr. Granville Barker got the note exactly;
2100 2927 2997 2985 Miss Lillah McCarthy gave us a delightful perversion
2102 2958 2992 3028 of her own most valuable stage qualities, and now and
2105 2997 2982 3073 ten almost caught us into believing her a real ballet¬
2101 3032 2993 3111 girl, and, as before, Mr. Niger Playfair was invaluable
2105 3092 2401 3151 as the stolid Max.
2144 3113 2998 3177 The other novely this weck is the appearance of
2108 3162 2998 3226 Miss Maud Allan. She danced last night Debussy's
2113 3193 3005 3264 Danse Sacrée et Profane," in which Mr. Kastner
2108 3230 2986 3300 played the har ; Grieg's "The birds," The Dread
2110 3261 2989 3332 by Sibelius, and a "Moment Musical by Schube¬
2118 3300 3009 3372 All these were among the dances she gave at her
2112 3345 3003 3409 special matinée last week, so we needs, y no more than
2114 3384 3016 3478 that she was quite at her best and that the audience
2110 3440 2559 3503 received her with rapture.
