3344 4256
971 163 2377 209 ver innocent little adventures of their own in The Affairs of
971 184 2365 252 Anatol. Indeed, it may not be counted as a certainty that laughter
971 230 2370 282 nightly gladden the walls of the house where some very sud affairs have taken
968 269 2366 317 place. We this form of entertainment five separate episodes must be re¬
970 312 2373 363 garded as an experiment, there is no reason to fear that it will not prove
1679 347 2370 393 popular, fuese Affairs are de¬
1679 379 2379 440 cidedly lively and witty. To theatra¬
1677 424 2370 464 gons who have reached the age of die¬
1677 457 2377 523 cretion they are ause to prove delight¬
1703 507 2368 585 Excellent das has been
1686 565 2370 617 Winthrop Ams in stating the bees,
1677 604 2375 652 and the acting is sometimes very good
1679 649 2373 691 and never very bad. A fres face, and
1679 686 2361 730 usually a pretty one in each a
1673 720 2380 760 serves to keep the interes alive and to
1668 753 2377 814 add novelty to the performance. There's
1682 796 2377 838 always a new girl te drive way du
1682 831 2380 881 care and defy monotony. So there
1673 870 2377 925 one moment, and gone the next. This
1673 906 2382 955 pleasing arrangent brings about a
1682 948 2377 989 sort of acting tournement in which five
1679 980 2379 1028 leading women participated for
1677 1019 2379 1074 you to say which is the best of the
1677 1056 2370 1115 number. You can say and live, be¬
1679 1099 2361 1163 cause you don't have to it in prin¬
1703 1136 2356 1179 Alter The use of Heaven.
1677 1166 2386 1212 however, I will say at it is pleasure to
1679 1205 2377 1251 see these daughters of earth who drop
1677 1243 2377 1306 into acheter om at anyhow that
1673 1282 2380 1326 suits their fancy. The first to arrive la
1668 1322 2377 1375 Miss Marguerite Clarke,
1673 1358 2377 1404 charming. To find out whether she is
1046 1386 2375 1450 John Barry more a true to him, Antoi hypnotizes her, but
962 1434 2379 1491 he can't bring himself to ask the awkward question. Se da le saved from
968 1471 2366 1515 telling anything more than her age. Miss Clarke de just the girl, for the part
966 1505 2379 1556 The pure softly and does off like a litten. This the actes deserves the
966 1546 1647 1606 am corner in which you have her.
1028 1570 2368 1629 Anatol next brings his past to his patient friend Max.
971 1617 2370 1666 with trophes of his conquest. One recalls Bianca, who came to life with
968 1657 2370 1707 a circus. Once they had at under the lam in his room for two hours, and his
959 1693 2377 1744 fatal har hat von her poor child He knows the will never forget those
968 1739 2368 1783 wonderful to short hours, though three years have passed. Then Blanca
975 1774 2368 1820 alle in eene acquaintance with Max and she doesn't know not from
966 1810 2373 1859 Adam la bitterness of spirit, his pride sorely wounded, Anatol goes out into
971 1852 2373 1897 the night. Miss Gail Kane turns this trick very neatly. She is capital as the
971 1882 2382 1948 circus il se blank look takes all the romance ont of Anatole that
961 1925 1147 1991 avenue
1026 1955 2379 2022 Then it again plays is even in making
966 1987 2375 2044 Anatol in The arweli Supper." When it comes from the there to join
968 2033 2370 2084 him and in a private room at a restaurant he is ready to tell her, accord¬
971 2079 2370 2134 ing to their ement that he has learned to love another. But before de can
971 2113 1679 2161 do so, Mimi let him know that she has
971 2146 1675 2207 transferred her affections to a fellow¬
975 2194 1675 2233 artist." But he does et anything
977 2232 1675 2274 interfere with her appetite. Mies Doris
977 2267 1675 2315 Kenne its oysters and drinks cham¬
968 2301 1679 2352 pagne like an artist, but he misses
966 2340 1670 2393 some of the good things that marked
977 2380 1670 2425 the performance of Mme. Wiehe when
975 2412 1675 2457 that cher artist appeared here in The
968 2458 1670 2505 Suppet nine years ago. At
966 2499 1673 2545 the Saturday night dress rehearsal Miss
968 2536 1666 2579 Kane added a touch that was pecularly
975 2572 1670 2629 her own by rubbing her knee under the
977 2602 1102 2668 table.
986 2618 1675 2707 Mes Katherine Emmet arrives von
980 2684 1673 2728 Christmas Present." She is ad¬
977 2715 1675 2772 norable though bitter as a married
975 2763 1675 2806 lady who take with Anatol of his
986 2795 1679 2841 little as they stand outside
971 2832 1673 2887 forist's shop. It's a sentimental bit,
888 2871 1675 2926 ged with irony, in which Gabrielle
975 2898 1682 2967 envie, the happiness" she has lost and
966 2948 1670 3006 finally gives Anatol her bouquet to take
968 2981 1679 3026 to his little girl Though this scene
968 3022 1670 3077 is very pretty set, Anatol looks a teille
975 3061 1679 3102 diculous standing with raised umbella
971 3097 1682 3150 when there's not a drop of rain. Mr.
2122 3077 2292 3157 den
968 3136 1684 3183 Ames ought to provide a light sprinkle
971 3178 1684 3229 of something is nothing more than
1819 3175 2230 3238 Dosis Kane as Min.
1037 3214 1141 3260 tea.
1037 3212 2382 3286 The Wedene Morning brings Miss Isabelle Le to Anatole rooms or
977 3261 2370 3325 rather Anatol has brought Luna there from a gay bail in the gray of the
971 3320 2379 3362 morning and now finds it difficult to get rid of her. It's the awkward
975 3359 2373 3412 him, as he is to be married at noon. He talks to her from anothe room while
971 3393 2379 3448 climbing into his wedding tos, but when he finally breaks the sad news
968 3433 2379 3485 per there is only one place of safety for him and that's on top of the plano,
954 3471 2379 3524 for Lona is very busy breaking up the flat. But Max contoles her with the
975 3511 2391 3568 comforting thought that his friend may not be married for life after all, and
977 3550 2379 3611 so drying ber eyes he sees hope in the future. Miss Lee playa Loita with a
968 3588 1962 3644 free hand and labors under a tremendous yellow wig.
1023 3611 2377 3673 In this farcical sketch John Barrytore des his most strenuous work. He
975 3642 2379 3712 come off very las Anatol and justifies his selection for the role. While he
977 3699 2379 3754 may not be exactly the Anatol, that the author had in mind, he is probably
971 3736 2373 3790 better fitted for the role than any other actor in this country. He certainly
971 3781 2379 3823 loks the part and he acts with a quiet sense of humor, it not always with
977 3816 2375 3866 the fish that might be desired. Oddly enough, though, ne failed to get a
977 3853 2375 3901 single laugh at the dress rehearsal when, after protesting that he did not aus¬
975 3887 2379 3947 pect Hilda, he added; I KNOW she is untrue to me." That line is too good
977 3931 2377 3990 to be wasted. Oswald Yorke is excellent as Max, who plays a rather thankless
971 3970 1576 4025 part in The Affairs of Anatol.
