3436 4256
243 147 768 239 4.9. Anatol
907 140 1113 245 Zykle
1350 145 1702 228 box 8/7
2096 251 2838 336 ter
2079 372 2763 458 a
1864 419 2018 494 1911.
1902 528 2778 613 LAST NIGHTS PREMIERE.
1916 641 2794 710 LITTLE THEATRE : Five Scenes in the
2193 704 2518 767 Life of Anatol.
2153 739 2553 815 By Arthur Schnitzler.
1914 827 2784 906 I.—Anatol tries to extort a confession of infidelity
1986 889 2793 937 from his sweetheart through the means of
1984 927 2763 985 hypnotism, but fails from want of courage.
1990 951 2792 1012 Anatol meets a former lady friend shopping
1980 997 2789 1044 on Christmas Eve. Charmed and wistful by
1978 1030 2784 1078 the description of his present little girl, she her
1984 1066 2794 1133 self buys flowers and sends them to the girl
1984 1115 2192 1165 in question.
1916 1134 2794 1201 III. Anatol buries his past by burning relics.
1984 1176 2790 1227 One, labelled Episode, is being discussed
1990 1209 2799 1255 with his boon companion Max, when in comes
1986 1243 2799 1301 the heroine of the relic, who has no recollection
1986 1292 2238 1342 of the tropy.
1916 1305 2792 1372 IV. Anatol and Max avait a lady in a private
1984 1355 2790 1405 room at a restaurant. Anatol is about to break
1990 1392 2799 1461 with her when she forestalis him and gives him
1983 1436 2174 1485 his congé.
1992 1450 2799 1515 Anatole wedding morning, finds him in a
1986 1506 2794 1544 dilemma. Max comes to felch him to the cere¬
1984 1539 2796 1602 mony and finds that there is a lady in the next
1992 1570 2806 1619 room, a souvenir of the fancy dress ball at the
1990 1607 2800 1657 Opera the evening before. Consternation on the
1996 1641 2797 1692 part of the girl when she hears Anatol is to
1992 1684 2716 1744 be married. Consolation offered by Max.
1954 1710 2801 1761 These piquant, witty, unequal characteristic
1922 1749 2797 1797 little episodes of life in the Kaiserstadt on the
1918 1789 2797 1836 Danube have for years been popular on the Conti¬
1918 1831 2797 1880 nent. In spite of Greenwich time, we are just a
1838 1853 2796 1913 decade or two behind the times such is the perspi¬
1916 1894 2768 1941 cacity and the information of insular managers !
1960 1924 2799 1977 These little episodes, which Mr. Granville
1918 1957 2796 2014 Barker has transplanted to the Thames without
1918 1998 2793 2051 much prejudice to the Blue Danube, are not the
1928 2033 2796 2089 plain fare for everybody's palate. Nor would
1918 2070 2796 2116 recommend them to the immature and those un¬
1918 2101 2796 2155 initiated in the so-called "mysteries of life. They
1924 2141 2799 2196 are for men and women of the world, who feel
1924 2178 2806 2229 that every country has its ways as well as its
1928 2214 2800 2257 code of morals; they are for people of a wide
1918 2242 2805 2291 horizon for those who view the spring of life
1924 2280 2802 2328 with the benevolent eye of experience and not
1928 2324 2636 2371 through the spectacles of Mr. Pecksniff.
1960 2360 2799 2401 Anatol is the typical Viennes of the jeunesse
1924 2386 2799 2429 more or less dorée. He is light of life, light of
1924 2420 2793 2475 love; he is what women call "rather a dear
1930 2455 2808 2502 and exceedingly proud of his prowas
1930 2490 2806 2538 well as of his irresistibility. Max, his chum, is
1924 2530 2812 2579 more the reasoner in the matter of fact
1936 2562 2805 2616 Teutonic way. To him Anatol is as good as a
1931 2599 2805 2654 play. He is the tortoise, Max is the hare; thus
1929 2633 2808 2688 Anatol skims the surface of things and men, and
1930 2668 2813 2715 Max probes them with Xrays. At heart they are
1930 2710 2808 2750 both not the rakes they seem, but good fellows,
1930 2739 2811 2796 who will, in after life, prove fountains of wisdom
1930 2777 2817 2837 and practise the divine tout comprendre. As for
1936 2807 2808 2867 their womankind who temporarily fill their lives,
1930 2846 2817 2905 they are more or less of the same kind butterflies
1930 2884 2808 2936 who, until age and necessity bid them stop, wor¬
1930 2918 2766 2979 ship the great apology of the springtime of life.
1968 2954 2811 3011 These plays want to be acted as they are written,
1935 2986 2811 3045 with fine penetration, with facile grace. The note
1930 3023 2817 3080 must never be forced; it should run like the strain
1930 3074 2290 3129 of a Viennese waltz.
1978 3100 2808 3160 In some respects the performance at the Little
1926 3133 2808 3187 Theatre had all these qualities. Mr. Barker is, per¬
1936 3174 2818 3218 haps, not the Anatol as the Prater know him, but
1930 3206 2818 3250 he proves himself a versatile comedian, capable of
1928 3250 2809 3293 occasional tours de force. M. Niger Playfairs
1936 3279 2809 3330 Max is a genunctus, humorus, good natured,
1930 3317 2809 3364 oberin fact, the very man as we read him. In
1930 3352 2814 3397 the first episode Miss Gertrude Robins was quietly
1929 3378 2808 3439 convincing; in the farewell super Miss McCarthy
1930 3430 2818 3480 charmed by her naturalness and abandon; in the
1930 3452 2814 3520 episode Miss Minto was the circus gamine she
1930 3493 2815 3544 should be; and in the very naughty wedding
1930 3524 2811 3585 morning" Mies Crawford marked immense pro¬
1932 3558 2809 3627 gress. Frankly, of all the ladies she conveyed most
1930 3595 2817 3666 intensely that unspeakable something, which we
1930 3641 2357 3690 associate with Wienerin.
1954 3642 2812 3727 All the piecelets roused much laughter, but I
1928 3708 2809 3761 fear that the last named will prove rather too
1931 3743 2812 3806 exotic for our audiences. It is probably the one
1930 3775 2818 3829 which anon will be interchanged with another
1936 3810 2808 3867 Anatol, in which we are promised the rentrée of
1932 3853 2812 3904 that clever comedienne, Miss Aimée de Burgh.
1929 3881 2809 3952 But as it stands, the quintuple programme is as
1928 3921 2425 3995 bright as a string of pears.
2506 3934 2776 4008 J. T. GREIN.
