3344 4256
617 173 933 257 tol-
271 171 568 292 4.9. A
1382 179 1734 271 box 9/1
1059 189 1182 289 lu
418 649 2002 788 THE EVENING MAIL
2362 709 2743 807 OCTOBER
1931 849 2630 920 married?" pertinently queries Anatol,
510 841 1816 975 AFFAIRS OF ANATOL
1931 899 2628 956 from a safe perch on the top of his
1936 941 2630 1025 piano, as the bric-a-brac is flying
1934 988 2181 1056 around him.
612 933 1834 1093 DELIGHTEUL, BUT THI
2013 1027 2554 1127 Katherine Emmet Scored.
1957 1090 2625 1169 But get married he has to, leaving
512 1093 1892 1251 Litte Theatre Begins its Season with Amusing Episodes Aus¬
1931 1156 2622 1214 Lona in the midst of the wreckage
1923 1209 2622 1264 and her tears. Which concludes
615 1201 1868 1322 trating the Love Affairs of a Concited Darlings¬
1921 1240 2449 1308 The Affairs of Anatol.
1963 1295 2620 1345 You may easily see that neither as
602 1274 1211 1390 John Barrymore the Hero.
1923 1343 2620 1403 drama nor as narrative does it amount
1929 1379 2617 1435 to a great deal. Much, however, de¬
998 1361 1445 1458 By BURNS MANTLE.
1929 1424 2617 1474 pends upon the way it is done, and
552 1385 2617 1545 The Affairs of Anatole are ama in papers, Mimi had fallen in love it is done beautifully, John Barry.
512 1479 1503 1534 tory, but not dramatic. An interest, with an actor.
1929 1508 2609 1563 more plays Anatol with the charm¬
510 1516 1196 1582 ing series of detached episodes, wit
1256 1532 2617 1605 The affair of Gabrielle is the ing indifference to custom and style
510 1558 2617 1655 a conceited darling for a hero, and fourth, and is a shade more serious in acting that is with him an asset.
510 1603 1206 1687 five fascinating ladies representing
1227 1624 2612 1711 than the others. Gabrielle is mar- He was a delightfully natural and
510 1647 759 1711 the affairs.
1222 1687 2617 1758 ried, and haughty. And yet romanti¬ ch puzzled young man in each of
539 1661 1193 1760 Being but poorly informed at
1224 1734 2317 1816 cally resentful, for meeting Anatol the various episodes,
515 1734 1913 1823 the purposes, aims and ambitions of again after many months reminds
1957 1760 2614 1834 Of the ladies, eine Emmet
518 1779 1201 1842 the directors of the Little Theatre,
1222 1810 2614 1892 her that, perhaps, she missed the call Gabrielle stood out as the most des¬
518 1831 1198 1881 where Anatol is now comfortably
512 1871 2614 1929 we may say luxuriously, enconce, la grande passion that would have inite character drawing being either
510 1902 1900 1963 we hesitate to predict whether ont effectively altered the core of her
1929 1921 2609 1979 over accentuated nor undervalue
507 1944 2620 2023 this form of entertainment will serve somewhat commonplace. It is Doris Kane was pleasant lippant
1222 1994 1881 2057 with that thought she leaves him.
1921 2015 2606 2063 as the stag, Mimi, Marguer le Clark
512 2010 1198 2076 to enthus its promoters and its
1251 2036 1897 2094 And then comes Lona. Anatol re
510 2044 799 2110 special public.
1921 2047 2606 2102 gracefully naive as Hilda, Kan¬
1217 2081 2606 2152 newed his acquaintance with Lona a momentary vision in so brown
544 2073 1198 2149 But if the aim of the former is to
1222 2131 2601 2220 at an opera ball the night before the as Bianca, and Isabel Lee a tempe¬
502 2139 2160 2231 include in its repertoire the best of day on which he is to be married and tous Lona.
507 2183 1193 2239 parlor drama, and to present it as
1217 2215 1905 2294 settle down. And there she is in his
1950 2212 2604 2283 The settings are handome and et
510 2241 1595 2312 perfectly as within its power lies, partment next day
1913 2275 2599 2325 fectively complete, and the stage de
507 2281 1201 2336 then The Affairs of Anatol should
1243 2273 2612 2378 Lona is more fiery than the others, rection authoritative, though it does
502 2328 1043 2399 prove a popular bill, indeed.
1209 2349 2606 2415 and when she learns of the approach mit Mr. Barmore to sit upon
610 2354 1096 2459 Prinz der Landes der
1211 2386 2604 2457 ing marriage of Anatol she begins a dining room table, which they are
1214 2436 2338 2517 breaking up the furniture. Why get not doing this season.
541 2423 1182 2509 Essentially it is delightful come.
499 2491 1198 2546 Delightful, but thin. It offers Anatol
499 2541 1201 2604 as representative of a type of pres¬
499 2580 1201 2633 entday coxcomb. He has a way with
502 2622 1198 2677 him that wins the ladies, and every
499 2672 1198 2735 day is ladies day in his scented cal¬
491 2706 673 2762 ende
533 2719 1203 2819 We met Anatos first together with
491 2804 1198 2856 his friend Max, who serves as philos¬
499 2853 1198 2911 opher and analyst, when he is in
507 2893 1190 2945 the midst of an affaire with Hilda.
499 2938 1196 2995 Hilda is a sweet little, violet-like child
497 2974 1190 3051 and loves Anatol devotedly but he
491 3022 1059 3077 does not altogether trust her
531 3056 1193 3127 Why not hypnotize Hilda and make
497 3100 1198 3171 her tell him the truth, suggests the
489 3164 1180 3221 practical Max He (Anatol) is gift
491 3213 1182 3266 ed as an amateur hypnotist. If she
491 3245 1185 3300 is not true, he will learn it and
486 3298 1182 3371 can act accordingly, So Hilda is put
489 3329 909 3403 to sleep and quizzed.
515 3361 1180 3439 That is, she is quizzed up to
489 3429 1177 3481 certain point and then the heart of
486 3471 1180 3529 Anatol faile him. After all, her an¬
489 3523 1172 3576 swer might be a shock or a handi¬
481 3560 1169 3618 cap; and the doubt were better than
483 3608 1172 3657 either. So Hilda is awakened, kissed
483 3650 1159 3702 prettily and that is the last of her
510 3692 1169 3757 Affair No. 2 is with Bianca dash¬
481 3728 1174 3805 ing Bianca of the circus. Not so
478 3776 1167 3831 much of an affair this, seeing that
481 3823 1167 3870 Bianca had merely once sat at the
478 3865 1161 3918 feet of Anatol and held his hand for
481 3907 1169 3962 two hours. But he is sure that she
481 3954 1161 4015 loved him deeply, beautifully, unfor¬
470 3989 646 4062 gettably.
510 4007 1167 4104 No young woman could hold the
468 4065 1169 4138 hand of Anatol for two hours, he
2783 728 3100 809 15 1912
