3436 4256
259 143 656 241 4.9. Ana
1377 128 1740 229 box 8/5
937 143 1181 241 Zyklu-
696 143 821 238 o
1404 757 1716 867 i 11229.
1432 852 1517 934 44
855 791 1352 1029 „OBSERVI
635 989 1716 1081 be an ihnen der Lage
821 1056 1551 1145 Wien, I., Concordiaplatz 4.
1041 1117 1328 1184 Vertretungen
638 1132 1719 1221 Berlin, Basel, Budapest, Chicago, Curland, C
644 1209 1719 1258 Genf, Kopenhagen, London, Madrid, Mailand, Minneapol,
641 1245 1709 1334 New-York, Puch, Rom, San Francisco, Stockholm, St. Peter
1035 1288 1331 1343 berg, Toronto.
638 1374 1016 1484 Anschaft aus:
1175 1487 1691 1606 Preussische Leitung.
1245 1578 1722 1682 5-ULLEMBER 1910
1740 1706 2958 1789 lodernde Leidenschaft und naive Natürlichkeit seines Anatol
821 1725 1401 1822 Theater und Musik.
1743 1761 2949 1822 trugen in gleichem Maße dazu bei, dem galanten Verführer
952 1798 1248 1874 Lessingtheater.
1743 1819 2952 1871 die Sympathie auch des Berliner Premierenpublikums zu ge¬
1743 1856 2955 1914 winnen. Eine wenig dankbare Rolle hat Anatols Freund
623 1838 1719 1935 Anatol. Fünf Einakter von Arthur Schnitzler. Zum
1737 1902 2958 1954 Max, der Vertraute seiner Abenteuer, der immer seine
501 1908 1078 1984 ersten Mal am 3. Dezember.
1743 1941 2955 2005 Herzensergießungen über sich ergehen lassen und dabei die
614 1935 1709 2002 Das Erstlingswerk Arthur Schnitzlers, das 1893 heraus
1749 1990 2952 2045 passive Rolle des Zweiflers und Spötters spielen muß, der
498 1993 1719 2067 kam und eigentlich aus sieben Einaktern besteht, ging Sonn¬
1746 2030 2949 2088 stets Wasser in den Wein seines Freundes gießt. Emanuel
501 2039 1712 2088 abend in verkürzter Form vor einem sehr vergnügten und
1740 2073 2955 2134 Reicher erledigte diese Aufgabe aufs beste, indem er den Ma¬
504 2085 1712 2134 beifallsfreudigen Publikum in Szene. Sein Stil liegt aber
1749 2118 2952 2195 mit dem überlegenen Humor des Erfahrenen, Illusionslosen
507 2121 1716 2179 auch den Künstlern des Lessingtheaters, die auf die scharfe
1749 2167 2952 2219 ausstattete, der schon durch sein Augenzwinkern verriet, daß
507 2164 1719 2219 Seelenmalerei Ibsens eingeschult sind, ganz vortrefflich. Wie
1749 2207 2952 2271 er den Freund nie ernst nahm. Jeder Einakter führt eine
507 2219 1716 2268 fein wußten sie die Gestalten des Wieners zu charakterisieren
1752 2253 2958 2305 neue Geliebte Anatols vor. Paula Somary gab sehr
501 2256 1719 2320 dessen zarte Kleinkunft mit dem gefühlvollen Anhauch
1752 2289 2958 2350 niedlich ein süßes Mädel", Lina Lossen mit eleganter
501 2302 1719 2363 zwar keine hochdramatischen Wirkungen, aber doch eine Fülle
1749 2332 2967 2399 Vornehmheit eine junge Weltdame. Mathilde Sussin
504 2347 1722 2402 geistreicher und pikanter Lebensbeobachtung enthält. Zu irgend¬
1752 2378 2961 2445 als Theaterstatistin spielte mit ausgelassener Keckheit,
504 2387 1722 2439 welcher Größe der Anschauung oder zur Vertiefung in seelische
1758 2427 2952 2485 vortrefflich in allen Einzelheiten die „Künstlerin
510 2433 1716 2488 Probleme vermag sich Schnitzler freilich nirgends durchzu¬
1758 2473 2961 2527 markierend, und „das Abschiedssouper, in dem sie
507 2469 1719 2531 ringen. Er bleibt stets im Erotischen stecken. Dieses jedoch
1752 2506 2964 2564 auftrat, erzielte den Haupterfolg des Abends. Hilde
507 2518 1719 2570 weiß er mit soviel Humor und Liebenswürdigkeit anzudeuten,
1749 2561 2958 2616 Herterich hatte eine ziemlich belanglose Rolle und
507 2564 1716 2616 daß manches Flache und Gewöhnliche bei ihm einen Augen¬
510 2595 2964 2659 blicksreiz erhält, der über den Mangel an innerem Gehalt wirkte hauptsächlich durch ihr anmutiges Auftreten, Irene
1746 2640 2964 2701 Triesch als Isolde entwickelte eine fast dämonische Leiden¬
507 2653 784 2720 hinwegtäuscht
1755 2689 2958 2747 schaft. So trug jede dazu bei, Farbe und Leben in die
623 2662 1725 2747 Auch sein Held Anatol ist im Grunde nur ein banaler
1749 2732 2967 2790 Bilder zu bringen, die leicht ein wenig monoton wirken
504 2738 1725 2802 Lebemann, der von Abenteuer zu Abenteuer zieht, — ja sogar
1752 2775 2970 2851 können, und die sorgsame Regie hob den Stimmungsreiz
513 2778 1722 2848 seinen Hochzeitstag in Gesellschaft einer Redoutenschönheit
1764 2827 2879 2894 jeder Szene durch eine fein abgetönte Umgebung hervor.
507 2827 1719 2875 erwartet. Das wäre plump und gewöhnlich, wenn Schnitzler
2738 2848 2964 2937 E. v. B.
513 2872 1719 2921 diesem Anatol nicht ein weiches Wiener Herz gegeben hätte
504 2915 1728 2979 das bei jedem neuen Abenteuer in hellen Flammen steht,
501 2955 1725 3019 und dazu eine gefühlvolle Wiener Beredsamkeit, die über Art
507 3001 1728 3071 und Vorzüge jeder Erkorenen die empfindsamsten Betrachtungen
504 3043 1725 3101 anstellt und die Sache stets ernst nimmt. Er muß es aber
507 3083 1725 3141 erleben, daß keine ihm treu bleibt. Cora betrügt ihn, Minnie
510 3132 1731 3187 verläßt ihn, Bibi vergißt ihn gar. Seine Herzensdame aber
504 3172 1725 3230 hat nicht den Mut, ihm ihre Liebe zu schenken. Es scheint,
507 3211 1734 3266 als ob die Frauen das nicht schätzten, was ihnen bereitwillig
513 3263 1725 3318 geboten wird. Erst Isolde, die Letzte, gerät in Wut und
507 3306 1725 3355 Verzweiflung bei der Nachricht von seiner Hochzeit und droht,
507 3349 1725 3404 nicht von ihm zu weichen. So liegt eine melancholische
519 3394 1725 3452 Ironie in der Schilderung dieses Frauenjägers, dem die Frau
507 3434 1725 3492 nun Gleiches mit Gleichem vergelten will. Der Zuschauer
525 3480 1734 3544 sieht ihn halb belustigt, halb mitleidig seinem Verhängnis
507 3529 1734 3590 erliegen und wird ihm nicht gram, wenn er so liebens¬
507 3562 1734 3626 würdig auftritt, wie in der Gestalt von Heinz Monnard.
501 3614 1740 3694 Der Wiener Dialekt, die Empfindsamkeit, die schnell auf¬
