<?xml version="1.0" encoding="UTF-8" standalone="yes"?>
<PcGts xmlns="http://schema.primaresearch.org/PAGE/gts/pagecontent/2013-07-15" xmlns:xsi="http://www.w3.org/2001/XMLSchema-instance" xsi:schemaLocation="http://schema.primaresearch.org/PAGE/gts/pagecontent/2013-07-15 http://schema.primaresearch.org/PAGE/gts/pagecontent/2013-07-15/pagecontent.xsd">
    <Metadata>
        <Creator>prov=READ-COOP:name=PyLaia@TranskribusPlatform:version=2.12.1:model_id=39995:lm=provided:date=29_03_2024_01:47</Creator>
        <Created>2019-10-07T11:50:26.956+02:00</Created>
        <LastChange>2024-03-29T01:47:15.228+01:00</LastChange>
        <TranskribusMetadata docId="223994" pageId="9505075" pageNr="241" tsid="156430294" status="IN_PROGRESS" userId="40391" imgUrl="https://files.transkribus.eu/Get?id=CWBNJTHYUWSLOFCKFRCCGEYV&amp;fileType=view" xmlUrl="https://files.transkribus.eu/Get?id=FNWDCBIBPKXIRAOHNMLDKGLC" imageId="6195289"/>
    </Metadata>
    <Page imageFilename="223994_0241.jpeg" imageWidth="3436" imageHeight="4256">
        <ReadingOrder>
            <OrderedGroup id="ro_1712662527842" caption="Regions reading order">
                <RegionRefIndexed index="0" regionRef="tr_1"/>
                <RegionRefIndexed index="1" regionRef="tr_2"/>
            </OrderedGroup>
        </ReadingOrder>
        <TextRegion orientation="0.0" id="tr_1" custom="readingOrder {index:0;}">
            <Coords points="271,248 271,3409 1892,3409 1892,248"/>
            <TextLine id="tr_1_tl_1" custom="readingOrder {index:0;}">
                <Coords points="1387,285 1424,296 1454,282 1507,299 1622,286 1651,299 1744,283 1744,222 1615,208 1564,235 1530,236 1491,217 1387,209"/>
                <Baseline points="1396,268 1421,271 1446,274 1471,276 1496,277 1521,277 1546,277 1572,277 1597,277 1622,277 1647,273 1672,271 1697,273 1722,273 1748,271"/>
                <TextEquiv>
                    <Unicode>box 8/6</Unicode>
                </TextEquiv>
            </TextLine>
            <TextLine id="tr_1_tl_2" custom="readingOrder {index:1;}">
                <Coords points="914,288 957,283 986,310 1007,312 1203,309 1205,225 1158,241 1107,216 1060,227 1038,214 1002,240 960,214 915,220"/>
                <Baseline points="922,274 948,276 974,278 1000,281 1026,277 1052,279 1078,280 1104,278 1130,277 1156,277 1182,276 1208,274"/>
                <TextEquiv>
                    <Unicode>Zyklus</Unicode>
                </TextEquiv>
            </TextLine>
            <TextLine id="tr_1_tl_3" custom="readingOrder {index:2;}">
                <Coords points="262,286 428,301 505,282 787,288 775,214 629,225 603,245 539,222 455,246 393,222 262,228"/>
                <Baseline points="271,277 298,279 325,280 352,280 380,280 407,280 434,282 462,282 489,280 516,280 544,280 571,280 598,280 626,280 653,278 680,277 708,277 735,277 762,277 790,277"/>
                <TextEquiv>
                    <Unicode>4.9. Anatol</Unicode>
                </TextEquiv>
            </TextLine>
            <TextLine id="tr_1_tl_4" custom="readingOrder {index:3;}">
                <Coords points="874,306 896,306 901,310 914,307 922,310 931,304 935,307 944,304 957,307 957,286 927,288 923,285 914,288 891,280 888,283 874,283"/>
                <Baseline points="883,298 909,298 935,298 961,298"/>
                <TextEquiv>
                    <Unicode>.</Unicode>
                </TextEquiv>
            </TextLine>
            <TextLine id="tr_1_tl_5" custom="readingOrder {index:4;}">
                <Coords points="1639,1586 1657,1591 1708,1580 1726,1589 1742,1578 1776,1585 1799,1575 1868,1583 1869,1515 1848,1514 1834,1501 1760,1491 1668,1523 1641,1507"/>
                <Baseline points="1650,1560 1678,1560 1706,1560 1734,1560 1762,1560 1790,1560 1818,1558 1846,1556 1874,1554"/>
                <TextEquiv>
                    <Unicode></Unicode>
                </TextEquiv>
            </TextLine>
            <TextLine id="tr_1_tl_6" custom="readingOrder {index:5;}">
                <Coords points="565,1659 1855,1625 1821,1572 566,1618"/>
                <Baseline points="573,1656 637,1657 701,1656 765,1654 830,1650 894,1650 958,1647 1023,1646 1087,1644 1151,1641 1216,1639 1280,1635 1344,1634 1408,1632 1473,1632 1537,1630 1601,1628 1666,1624 1730,1623 1794,1618 1859,1614"/>
                <TextEquiv>
                    <Unicode>Hoftheaterleitung selbst ist doch auf Anfrage gern bereit, Aus¬</Unicode>
                </TextEquiv>
            </TextLine>
            <TextLine id="tr_1_tl_7" custom="readingOrder {index:6;}">
                <Coords points="573,1718 1665,1686 1852,1671 1853,1636 574,1665"/>
                <Baseline points="581,1704 644,1701 708,1700 772,1696 836,1695 899,1693 963,1692 1027,1691 1091,1686 1154,1685 1218,1683 1282,1681 1346,1681 1409,1677 1473,1677 1537,1674 1601,1670 1664,1670 1728,1665 1792,1663 1856,1662"/>
                <TextEquiv>
                    <Unicode>kunft darüber zu geben, ob sich Stücke für die Jugend eignen oder</Unicode>
                </TextEquiv>
            </TextLine>
            <TextLine id="tr_1_tl_8" custom="readingOrder {index:7;}">
                <Coords points="569,1755 1845,1721 1847,1667 571,1717"/>
                <Baseline points="579,1745 642,1745 706,1744 769,1742 833,1739 896,1737 960,1737 1023,1732 1087,1731 1150,1730 1214,1728 1278,1724 1341,1722 1405,1722 1468,1721 1532,1719 1595,1716 1659,1714 1722,1710 1786,1707 1850,1701"/>
                <TextEquiv>
                    <Unicode>nicht. Daß das Hoftheater solche Sachen in das Repertoire auf¬</Unicode>
                </TextEquiv>
            </TextLine>
            <TextLine id="tr_1_tl_9" custom="readingOrder {index:8;}">
                <Coords points="571,1805 1848,1757 1848,1723 1739,1712 573,1758"/>
                <Baseline points="581,1787 644,1787 708,1787 771,1784 835,1783 899,1779 962,1778 1026,1776 1089,1775 1153,1772 1217,1770 1280,1766 1344,1766 1407,1766 1471,1763 1535,1760 1598,1757 1662,1755 1725,1754 1789,1751 1853,1748"/>
                <TextEquiv>
                    <Unicode>nehmen kann und soll, ist selbstverständlich. An Schriftstellern</Unicode>
                </TextEquiv>
            </TextLine>
            <TextLine id="tr_1_tl_10" custom="readingOrder {index:9;}">
                <Coords points="573,1844 1718,1815 1853,1803 1855,1758 574,1803"/>
                <Baseline points="581,1832 644,1830 708,1831 772,1829 836,1826 900,1824 964,1823 1028,1820 1092,1817 1156,1816 1220,1814 1283,1814 1347,1811 1411,1808 1475,1807 1539,1802 1603,1801 1667,1799 1731,1796 1795,1794 1859,1793"/>
                <TextEquiv>
                    <Unicode>wie Schnitzler, Hartleben und Thoma kann unsere Bühne nicht</Unicode>
                </TextEquiv>
            </TextLine>
            <TextLine id="tr_1_tl_11" custom="readingOrder {index:10;}">
                <Coords points="571,1893 1855,1853 1842,1800 573,1844"/>
                <Baseline points="581,1877 644,1877 708,1876 772,1874 836,1871 900,1868 964,1868 1028,1865 1092,1865 1156,1861 1220,1859 1283,1856 1347,1854 1411,1853 1475,1852 1539,1847 1603,1846 1667,1844 1731,1844 1795,1839 1859,1841"/>
                <TextEquiv>
                    <Unicode>vorübergehen. Aber das Theater ist keine Kinderbewahranstalt.</Unicode>
                </TextEquiv>
            </TextLine>
            <TextLine id="tr_1_tl_12" custom="readingOrder {index:11;}">
                <Coords points="1337,1937 1435,1945 1482,1916 1551,1945 1588,1921 1675,1937 1702,1914 1779,1906 1781,1868 1728,1852 1617,1871 1596,1858 1506,1874 1338,1866"/>
                <Baseline points="1346,1913 1371,1913 1397,1912 1423,1910 1449,1910 1474,1910 1500,1908 1526,1906 1552,1905 1577,1904 1603,1904 1629,1904 1655,1904 1680,1902 1706,1900 1732,1899 1758,1899 1784,1901"/>
                <TextEquiv>
                    <Unicode>Walther Günther.</Unicode>
                </TextEquiv>
            </TextLine>
            <TextLine id="tr_1_tl_13" custom="readingOrder {index:12;}">
                <Coords points="658,2029 1861,1984 1845,1942 1628,1930 1549,1969 1355,1935 827,1993 661,1959"/>
                <Baseline points="668,2017 727,2017 787,2014 847,2013 907,2011 967,2008 1027,2005 1086,2005 1146,2005 1206,2002 1266,2000 1326,1999 1386,1996 1446,1994 1505,1990 1565,1989 1625,1987 1685,1987 1745,1984 1805,1982 1865,1975"/>
                <TextEquiv>
                    <Unicode>Mit der morgen Sonntag den 19. Nov. im Hoftheater statt¬</Unicode>
                </TextEquiv>
            </TextLine>
            <TextLine id="tr_1_tl_14" custom="readingOrder {index:13;}">
                <Coords points="587,2072 1866,2035 1868,1982 589,2025"/>
                <Baseline points="596,2062 659,2059 723,2058 786,2056 850,2052 914,2050 977,2050 1041,2047 1104,2044 1168,2043 1232,2041 1295,2038 1359,2038 1422,2038 1486,2034 1550,2032 1613,2028 1677,2026 1740,2023 1804,2018 1868,2020"/>
                <TextEquiv>
                    <Unicode>findenden Aufführung von Halevys großer Oper „Die Jüdin“ wird</Unicode>
                </TextEquiv>
            </TextLine>
            <TextLine id="tr_1_tl_15" custom="readingOrder {index:14;}">
                <Coords points="584,2109 1863,2074 1865,2035 1773,2021 586,2070"/>
                <Baseline points="593,2101 656,2101 720,2098 783,2098 847,2094 911,2090 974,2089 1038,2087 1101,2086 1165,2085 1229,2083 1292,2079 1356,2077 1419,2074 1483,2074 1547,2071 1610,2068 1674,2066 1737,2065 1801,2062 1865,2062"/>
                <TextEquiv>
                    <Unicode>dieses im Juni 1909 zuletzt gegebene Werk wieder in den Spielplan</Unicode>
                </TextEquiv>
            </TextLine>
            <TextLine id="tr_1_tl_16" custom="readingOrder {index:15;}">
                <Coords points="587,2153 1686,2127 1831,2117 1863,2074 589,2111"/>
                <Baseline points="596,2142 659,2142 722,2138 786,2136 849,2133 913,2131 976,2130 1040,2128 1103,2128 1167,2124 1230,2122 1293,2122 1357,2120 1420,2116 1484,2115 1547,2110 1611,2110 1674,2108 1738,2106 1801,2101 1865,2101"/>
                <TextEquiv>
                    <Unicode>aufgenommen. Mit Ausnahme des Eleazar, welchen wie zuletzt Herr</Unicode>
                </TextEquiv>
            </TextLine>
            <TextLine id="tr_1_tl_17" custom="readingOrder {index:16;}">
                <Coords points="590,2191 1865,2149 1866,2114 1784,2104 592,2149"/>
                <Baseline points="599,2160 653,2181 717,2178 781,2176 845,2175 909,2172 973,2172 1037,2169 1101,2166 1165,2163 1229,2161 1292,2160 1356,2160 1420,2157 1484,2156 1548,2151 1612,2148 1676,2148 1740,2145 1804,2140 1868,2139"/>
                <TextEquiv>
                    <Unicode>Tänzler singen wird, sind alle Partien neu besetzt: Recha: Frau</Unicode>
                </TextEquiv>
            </TextLine>
            <TextLine id="tr_1_tl_18" custom="readingOrder {index:17;}">
                <Coords points="586,2233 1868,2191 1848,2148 587,2194"/>
                <Baseline points="596,2223 659,2220 723,2219 787,2217 851,2216 914,2214 978,2211 1042,2208 1106,2208 1169,2207 1233,2203 1297,2201 1361,2199 1424,2196 1488,2193 1552,2193 1616,2189 1679,2187 1743,2187 1807,2182 1871,2181"/>
                <TextEquiv>
                    <Unicode>Lauer=Kottlar, Prinzessin: May=Scheider, Kardinal: Herr</Unicode>
                </TextEquiv>
            </TextLine>
            <TextLine id="tr_1_tl_19" custom="readingOrder {index:18;}">
                <Coords points="594,2273 1866,2230 1810,2191 595,2235"/>
                <Baseline points="602,2262 665,2262 728,2257 791,2256 855,2256 918,2256 981,2252 1045,2250 1108,2247 1171,2247 1235,2244 1298,2241 1361,2241 1424,2238 1488,2238 1551,2232 1614,2232 1678,2227 1741,2226 1804,2221 1868,2220"/>
                <TextEquiv>
                    <Unicode>von Schwind, Fürst Leopold: Herr Kochen, Ruggiero: Herr</Unicode>
                </TextEquiv>
            </TextLine>
            <TextLine id="tr_1_tl_20" custom="readingOrder {index:19;}">
                <Coords points="592,2318 1802,2283 1863,2231 594,2273"/>
                <Baseline points="602,2304 665,2303 728,2301 791,2298 854,2297 917,2295 980,2291 1044,2289 1107,2289 1170,2288 1233,2283 1296,2282 1359,2280 1422,2277 1486,2277 1549,2274 1612,2271 1675,2269 1738,2265 1801,2263 1865,2262"/>
                <TextEquiv>
                    <Unicode>Mechler, Albert: Herr Bodenmüller. In der kommenden</Unicode>
                </TextEquiv>
            </TextLine>
            <TextLine id="tr_1_tl_21" custom="readingOrder {index:20;}">
                <Coords points="587,2350 1869,2320 1831,2267 589,2320"/>
                <Baseline points="596,2342 659,2342 723,2341 787,2339 851,2336 915,2336 979,2333 1043,2330 1107,2327 1171,2324 1235,2324 1298,2321 1362,2320 1426,2321 1490,2318 1554,2316 1618,2313 1682,2311 1746,2307 1810,2305 1874,2301"/>
                <TextEquiv>
                    <Unicode>Woche wird dem Kleistzyklus des Dichters „Penthesilea“, das im</Unicode>
                </TextEquiv>
            </TextLine>
            <TextLine id="tr_1_tl_22" custom="readingOrder {index:21;}">
                <Coords points="595,2407 1839,2360 1863,2313 597,2354"/>
                <Baseline points="605,2387 668,2384 731,2382 794,2378 857,2377 920,2375 983,2374 1046,2372 1109,2371 1172,2366 1235,2363 1298,2362 1361,2360 1424,2360 1487,2355 1550,2354 1613,2353 1676,2349 1739,2348 1802,2346 1865,2345"/>
                <TextEquiv>
                    <Unicode>hiesigen Kleistrepertoire noch nicht enthaltene Trauerspiel, hinzugefügt</Unicode>
                </TextEquiv>
            </TextLine>
            <TextLine id="tr_1_tl_23" custom="readingOrder {index:22;}">
                <Coords points="608,2434 1869,2387 1789,2350 610,2405"/>
                <Baseline points="617,2423 679,2425 742,2423 805,2420 868,2418 931,2417 994,2413 1056,2411 1119,2408 1182,2408 1245,2405 1308,2402 1371,2402 1434,2398 1496,2396 1559,2396 1622,2392 1685,2390 1748,2389 1811,2385 1874,2384"/>
                <TextEquiv>
                    <Unicode>— mit der Erstaufführung des Werkes wird das Hoftheater am Diens¬</Unicode>
                </TextEquiv>
            </TextLine>
            <TextLine id="tr_1_tl_24" custom="readingOrder {index:23;}">
                <Coords points="590,2487 1842,2442 1863,2387 592,2431"/>
                <Baseline points="599,2468 662,2468 725,2463 788,2462 852,2459 915,2457 978,2455 1042,2453 1105,2450 1168,2447 1232,2447 1295,2445 1358,2447 1421,2441 1485,2436 1548,2435 1611,2434 1675,2434 1738,2429 1801,2424 1865,2423"/>
                <TextEquiv>
                    <Unicode>tag den 21. November, dem 100. Todestag Heinrichs von Kleist, das An¬</Unicode>
                </TextEquiv>
            </TextLine>
            <TextLine id="tr_1_tl_25" custom="readingOrder {index:24;}">
                <Coords points="594,2516 1779,2486 1874,2442 595,2482"/>
                <Baseline points="602,2510 665,2507 729,2506 793,2502 857,2500 920,2496 984,2495 1048,2494 1112,2492 1175,2488 1239,2486 1303,2485 1367,2483 1430,2483 1494,2480 1558,2475 1622,2474 1685,2472 1749,2471 1813,2466 1877,2465"/>
                <TextEquiv>
                    <Unicode>denken an den Dichter feiern. An Opernvorstellungen stehen im ver¬</Unicode>
                </TextEquiv>
            </TextLine>
            <TextLine id="tr_1_tl_26" custom="readingOrder {index:25;}">
                <Coords points="592,2560 1873,2516 1865,2468 594,2516"/>
                <Baseline points="602,2548 665,2548 729,2545 793,2543 857,2541 920,2537 984,2536 1048,2533 1112,2530 1175,2529 1239,2527 1303,2524 1367,2522 1430,2521 1494,2518 1558,2515 1622,2515 1685,2514 1749,2510 1813,2508 1877,2507"/>
                <TextEquiv>
                    <Unicode>öffentlichten Repertoire am Montag den 20. Verdis „Rigoletto",</Unicode>
                </TextEquiv>
            </TextLine>
            <TextLine id="tr_1_tl_27" custom="readingOrder {index:26;}">
                <Coords points="598,2600 1805,2563 1876,2516 600,2560"/>
                <Baseline points="608,2590 671,2587 735,2586 798,2584 862,2580 926,2578 989,2575 1053,2573 1116,2572 1180,2571 1244,2569 1307,2566 1371,2564 1434,2563 1498,2559 1562,2557 1625,2556 1689,2552 1752,2548 1816,2546 1880,2545"/>
                <TextEquiv>
                    <Unicode>am Donnerstag den 23. Strauß „Rosenkavalier" und am Sams¬</Unicode>
                </TextEquiv>
            </TextLine>
            <TextLine id="tr_1_tl_28" custom="readingOrder {index:27;}">
                <Coords points="598,2642 1873,2600 1863,2553 600,2600"/>
                <Baseline points="608,2632 671,2629 734,2626 798,2623 861,2622 925,2618 988,2617 1052,2614 1115,2611 1179,2611 1242,2609 1305,2605 1369,2605 1432,2605 1496,2599 1559,2596 1623,2596 1686,2594 1750,2590 1813,2588 1877,2587"/>
                <TextEquiv>
                    <Unicode>tag den 25. Webers „Oberon“. Am Sonntag den 26., dem Buß= und</Unicode>
                </TextEquiv>
            </TextLine>
            <TextLine id="tr_1_tl_29" custom="readingOrder {index:28;}">
                <Coords points="597,2675 1634,2661 1837,2646 1874,2600 597,2640"/>
                <Baseline points="605,2671 668,2671 732,2667 795,2665 859,2662 923,2660 986,2659 1050,2654 1113,2653 1177,2652 1241,2650 1304,2649 1368,2647 1431,2644 1495,2640 1559,2638 1622,2637 1686,2635 1749,2632 1813,2629 1877,2626"/>
                <TextEquiv>
                    <Unicode>Bettag, bleibt das Hoftheater geschlossen. Das Erträgnis der für</Unicode>
                </TextEquiv>
            </TextLine>
            <TextLine id="tr_1_tl_30" custom="readingOrder {index:29;}">
                <Coords points="605,2724 1752,2690 1869,2679 1871,2637 605,2679"/>
                <Baseline points="614,2707 677,2709 740,2708 803,2707 866,2703 929,2701 992,2698 1055,2696 1118,2695 1181,2692 1244,2689 1307,2689 1370,2687 1433,2686 1496,2683 1559,2677 1622,2677 1685,2677 1748,2674 1811,2672 1874,2668"/>
                <TextEquiv>
                    <Unicode>Tienstag den 28. geplanten Aufführung der Operette „Orpheus</Unicode>
                </TextEquiv>
            </TextLine>
            <TextLine id="tr_1_tl_31" custom="readingOrder {index:30;}">
                <Coords points="605,2761 1766,2732 1869,2722 1871,2680 605,2724"/>
                <Baseline points="614,2754 677,2751 740,2747 803,2745 866,2744 929,2739 992,2738 1055,2734 1118,2733 1181,2733 1244,2730 1307,2727 1370,2725 1433,2724 1496,2721 1559,2721 1622,2718 1685,2716 1748,2712 1811,2710 1874,2704"/>
                <TextEquiv>
                    <Unicode>in der Unterwelt“ von Offenbach ist für die Hoftheaterpensions¬</Unicode>
                </TextEquiv>
            </TextLine>
            <TextLine id="tr_1_tl_32" custom="readingOrder {index:31;}">
                <Coords points="597,2807 1739,2773 1879,2754 1881,2711 597,2778"/>
                <Baseline points="605,2793 668,2793 732,2789 796,2787 860,2784 924,2781 988,2778 1052,2777 1116,2772 1180,2772 1244,2772 1307,2769 1371,2767 1435,2766 1499,2763 1563,2760 1627,2759 1691,2755 1755,2754 1819,2749 1883,2748"/>
                <TextEquiv>
                    <Unicode>anstalt bestimmt. Für die nächste Zeit sind außer den beiden neuen</Unicode>
                </TextEquiv>
            </TextLine>
            <TextLine id="tr_1_tl_33" custom="readingOrder {index:32;}">
                <Coords points="603,2849 1879,2801 1881,2757 1834,2754 605,2814"/>
                <Baseline points="614,2835 677,2832 740,2831 804,2829 867,2825 931,2821 994,2820 1058,2818 1121,2817 1185,2813 1248,2809 1311,2808 1375,2808 1438,2805 1502,2802 1565,2802 1629,2799 1692,2797 1756,2792 1819,2790 1883,2787"/>
                <TextEquiv>
                    <Unicode>Opern „Der verlorene Sohn" und „Der Toreador Auf¬</Unicode>
                </TextEquiv>
            </TextLine>
            <TextLine id="tr_1_tl_34" custom="readingOrder {index:33;}">
                <Coords points="608,2886 1622,2841 1871,2883 1844,2798 610,2843"/>
                <Baseline points="617,2877 680,2874 743,2872 806,2868 869,2867 932,2862 995,2862 1058,2858 1121,2856 1184,2853 1247,2853 1310,2850 1373,2850 1436,2847 1499,2847 1562,2841 1625,2840 1688,2838 1751,2835 1814,2833 1877,2829"/>
                <TextEquiv>
                    <Unicode>führungen der „Königskinder“, von „Bajazzo“ und „Caval</Unicode>
                </TextEquiv>
            </TextLine>
            <TextLine id="tr_1_tl_35" custom="readingOrder {index:34;}">
                <Coords points="605,2936 1615,2920 1742,2902 1744,2852 606,2888"/>
                <Baseline points="614,2915 670,2915 727,2912 784,2911 840,2907 897,2906 954,2902 1010,2901 1067,2899 1124,2898 1181,2895 1237,2895 1294,2892 1351,2889 1407,2889 1464,2889 1521,2886 1577,2882 1634,2880 1691,2880 1748,2877"/>
                <TextEquiv>
                    <Unicode>leria rusticana“, von „Lohengrin" u. a. vorgesehen.</Unicode>
                </TextEquiv>
            </TextLine>
            <TextLine id="tr_1_tl_36" custom="readingOrder {index:35;}">
                <Coords points="1014,3016 1165,3023 1224,2994 1273,3023 1342,3005 1459,3021 1478,3016 1480,2952 1448,2938 1392,2960 1308,2939 1187,2942 1153,2960 1015,2952"/>
                <Baseline points="1023,3008 1048,3008 1074,3008 1099,3007 1125,3005 1150,3003 1176,3002 1201,3000 1227,3000 1253,3002 1278,3002 1304,3002 1329,3000 1355,2999 1380,2999 1406,2998 1431,2996 1457,2997 1483,2999"/>
                <TextEquiv>
                    <Unicode>Bunte Chronik.</Unicode>
                </TextEquiv>
            </TextLine>
            <TextLine id="tr_1_tl_37" custom="readingOrder {index:36;}">
                <Coords points="701,3098 1884,3060 1887,2989 703,3042"/>
                <Baseline points="710,3083 772,3083 834,3080 896,3078 958,3074 1020,3072 1082,3068 1144,3067 1206,3063 1268,3062 1330,3060 1392,3056 1454,3056 1516,3054 1578,3053 1640,3050 1702,3048 1764,3046 1826,3042 1889,3041"/>
                <TextEquiv>
                    <Unicode>Die Zunahme des Straßenverkehrs in der Großstadt.</Unicode>
                </TextEquiv>
            </TextLine>
            <TextLine id="tr_1_tl_38" custom="readingOrder {index:37;}">
                <Coords points="610,3132 1879,3095 1881,3047 698,3105 613,3061"/>
                <Baseline points="620,3130 683,3127 746,3125 809,3124 872,3121 935,3119 998,3115 1062,3115 1125,3112 1188,3111 1251,3106 1314,3106 1377,3106 1440,3100 1504,3098 1567,3097 1630,3095 1693,3093 1756,3091 1819,3087 1883,3080"/>
                <TextEquiv>
                    <Unicode>Eine interessante Statistik über die Zunahme des Wagenver¬</Unicode>
                </TextEquiv>
            </TextLine>
            <TextLine id="tr_1_tl_39" custom="readingOrder {index:38;}">
                <Coords points="608,3180 1881,3147 1836,3095 610,3134"/>
                <Baseline points="617,3175 680,3172 743,3171 807,3169 870,3165 934,3163 997,3160 1061,3160 1124,3157 1188,3153 1251,3149 1314,3148 1378,3146 1441,3145 1505,3142 1568,3139 1632,3139 1695,3137 1759,3135 1822,3133 1886,3130"/>
                <TextEquiv>
                    <Unicode>kehrs in Paris wird im „Gaulois" veröffentlicht. Im Auftrage</Unicode>
                </TextEquiv>
            </TextLine>
            <TextLine id="tr_1_tl_40" custom="readingOrder {index:39;}">
                <Coords points="610,3238 1884,3177 1808,3137 613,3185"/>
                <Baseline points="620,3220 683,3217 746,3216 810,3209 873,3210 937,3208 1000,3205 1064,3200 1127,3199 1191,3197 1254,3197 1317,3193 1381,3191 1444,3187 1508,3186 1571,3184 1635,3181 1698,3179 1762,3177 1825,3175 1889,3169"/>
                <TextEquiv>
                    <Unicode>des Pariser Magistrats ist die Menge der Gefährte aller Art ge¬</Unicode>
                </TextEquiv>
            </TextLine>
            <TextLine id="tr_1_tl_41" custom="readingOrder {index:40;}">
                <Coords points="623,3271 1681,3251 1887,3229 1889,3176 624,3234"/>
                <Baseline points="632,3262 694,3261 757,3257 820,3256 883,3253 946,3250 1009,3249 1071,3247 1134,3244 1197,3241 1260,3241 1323,3237 1386,3235 1449,3232 1511,3230 1574,3226 1637,3227 1700,3223 1763,3222 1826,3218 1889,3214"/>
                <TextEquiv>
                    <Unicode>zählt worden, die an einem bestimmten Punkt zwischen 3 und</Unicode>
                </TextEquiv>
            </TextLine>
            <TextLine id="tr_1_tl_42" custom="readingOrder {index:41;}">
                <Coords points="619,3319 1877,3274 1879,3227 1823,3221 621,3272"/>
                <Baseline points="629,3306 691,3305 754,3301 817,3299 879,3295 942,3294 1005,3292 1067,3288 1130,3288 1193,3285 1256,3283 1318,3283 1381,3281 1444,3276 1506,3274 1569,3271 1632,3270 1694,3268 1757,3265 1820,3263 1883,3256"/>
                <TextEquiv>
                    <Unicode>7 Uhr nachmittags eine Woche lang vorbeikommen. Die Ver</Unicode>
                </TextEquiv>
            </TextLine>
            <TextLine id="tr_1_tl_43" custom="readingOrder {index:42;}">
                <Coords points="615,3356 1832,3324 1887,3272 615,3327"/>
                <Baseline points="623,3351 686,3348 749,3346 812,3345 876,3342 939,3340 1002,3335 1066,3333 1129,3330 1192,3329 1256,3327 1319,3323 1382,3321 1445,3321 1509,3318 1572,3315 1635,3312 1699,3310 1762,3307 1825,3307 1889,3306"/>
                <TextEquiv>
                    <Unicode>gleichszahlen mit früheren Jahren veranschaulichen deutlich das</Unicode>
                </TextEquiv>
            </TextLine>
            <TextLine id="tr_1_tl_44" custom="readingOrder {index:43;}">
                <Coords points="615,3404 1060,3428 1253,3380 1889,3359 1879,3311 616,3357"/>
                <Baseline points="623,3399 686,3393 749,3390 813,3390 876,3387 940,3385 1003,3381 1067,3381 1130,3378 1194,3375 1257,3373 1320,3371 1384,3367 1447,3363 1511,3362 1574,3360 1638,3359 1701,3355 1765,3353 1828,3351 1892,3348"/>
                <TextEquiv>
                    <Unicode>Anwachsen der Wagenmenge. An der Ecke der Rue de Rivoli und</Unicode>
                </TextEquiv>
            </TextLine>
            <TextEquiv>
                <Unicode></Unicode>
            </TextEquiv>
        </TextRegion>
        <TextRegion orientation="0.0" id="tr_2" custom="readingOrder {index:1;}">
            <Coords points="1901,1571 1901,3361 3220,3361 3220,1571"/>
            <TextLine id="tr_2_tl_1" custom="readingOrder {index:0;}">
                <Coords points="1892,1628 3106,1604 3174,1599 3176,1543 1893,1588"/>
                <Baseline points="1901,1623 1964,1623 2028,1622 2092,1620 2156,1619 2220,1617 2284,1617 2347,1613 2411,1611 2475,1608 2539,1608 2603,1608 2667,1605 2731,1602 2794,1602 2858,1599 2922,1596 2986,1596 3050,1596 3114,1591 3178,1593"/>
                <TextEquiv>
                    <Unicode>Rue de Sébastopol kamen 1908: 33 993 Gefährte vorbei, 1910:</Unicode>
                </TextEquiv>
            </TextLine>
            <TextLine id="tr_2_tl_2" custom="readingOrder {index:1;}">
                <Coords points="1902,1680 3158,1649 3179,1604 1903,1634"/>
                <Baseline points="1910,1668 1973,1668 2037,1668 2100,1665 2164,1662 2227,1660 2291,1659 2354,1659 2418,1656 2481,1658 2545,1656 2609,1652 2672,1650 2736,1650 2799,1646 2863,1644 2926,1640 2990,1638 3053,1638 3117,1635 3181,1638"/>
                <TextEquiv>
                    <Unicode>37528. An der Straßenkreuzung am Hotel Drouot 1908: 57 409,</Unicode>
                </TextEquiv>
            </TextLine>
            <TextLine id="tr_2_tl_3" custom="readingOrder {index:2;}">
                <Coords points="1905,1725 3177,1686 3177,1647 3073,1636 1906,1678"/>
                <Baseline points="1913,1710 1976,1710 2039,1710 2103,1707 2166,1706 2230,1706 2293,1704 2356,1702 2420,1701 2483,1700 2547,1698 2610,1696 2673,1696 2737,1692 2800,1691 2864,1689 2927,1685 2990,1683 3054,1683 3117,1680 3181,1677"/>
                <TextEquiv>
                    <Unicode>1910: 82 326. An einem bestimmten Punkt der Champs Elysées</Unicode>
                </TextEquiv>
            </TextLine>
            <TextLine id="tr_2_tl_4" custom="readingOrder {index:3;}">
                <Coords points="1898,1762 3185,1731 3187,1688 3123,1683 1900,1726"/>
                <Baseline points="1907,1754 1971,1754 2035,1753 2099,1751 2163,1750 2227,1747 2291,1748 2355,1744 2419,1742 2483,1742 2547,1741 2611,1740 2675,1738 2739,1737 2803,1733 2867,1731 2931,1730 2995,1728 3059,1728 3123,1726 3187,1722"/>
                <TextEquiv>
                    <Unicode>wurden 1908: 45 719, 1910: 71 233. Im Ganzen ergibt sich, daß</Unicode>
                </TextEquiv>
            </TextLine>
            <TextLine id="tr_2_tl_5" custom="readingOrder {index:4;}">
                <Coords points="1906,1811 3180,1778 3182,1733 1908,1763"/>
                <Baseline points="1916,1802 1979,1799 2042,1798 2106,1796 2169,1793 2233,1791 2296,1790 2359,1790 2423,1787 2486,1786 2550,1787 2613,1783 2676,1783 2740,1778 2803,1777 2867,1775 2930,1771 2993,1769 3057,1769 3120,1764 3184,1766"/>
                <TextEquiv>
                    <Unicode>der Wagenverkehr innerhalb der zwei Jahre von 1908 bis 1910</Unicode>
                </TextEquiv>
            </TextLine>
            <TextLine id="tr_2_tl_6" custom="readingOrder {index:5;}">
                <Coords points="1905,1856 3180,1823 3182,1776 1906,1811"/>
                <Baseline points="1913,1847 1976,1844 2040,1843 2103,1838 2167,1838 2230,1838 2294,1835 2357,1835 2421,1835 2484,1831 2548,1829 2612,1828 2675,1826 2739,1823 2802,1822 2866,1820 2929,1819 2993,1815 3056,1814 3120,1812 3184,1808"/>
                <TextEquiv>
                    <Unicode>genau um 18 Prozent zugenommen hat, also um 9 Prozent jähr¬</Unicode>
                </TextEquiv>
            </TextLine>
            <TextLine id="tr_2_tl_7" custom="readingOrder {index:6;}">
                <Coords points="1906,1897 3174,1860 3174,1823 3076,1811 1906,1856"/>
                <Baseline points="1916,1886 1979,1889 2042,1887 2105,1886 2168,1883 2231,1883 2294,1879 2357,1877 2420,1877 2483,1874 2547,1874 2610,1873 2673,1869 2736,1868 2799,1866 2862,1862 2925,1862 2988,1860 3051,1859 3114,1854 3178,1853"/>
                <TextEquiv>
                    <Unicode>lich. Für das Jahr 1911 aber glaubt man schon jetzt in Anbe¬</Unicode>
                </TextEquiv>
            </TextLine>
            <TextLine id="tr_2_tl_8" custom="readingOrder {index:7;}">
                <Coords points="1905,1940 3084,1926 3180,1910 3182,1863 1906,1897"/>
                <Baseline points="1913,1934 1976,1934 2040,1931 2103,1928 2167,1927 2230,1925 2294,1925 2357,1923 2421,1922 2484,1919 2548,1919 2612,1915 2675,1913 2739,1910 2802,1910 2866,1907 2929,1907 2993,1905 3056,1904 3120,1899 3184,1904"/>
                <TextEquiv>
                    <Unicode>tracht des überaus großen Automobilverkehrs sagen zu können,</Unicode>
                </TextEquiv>
            </TextLine>
            <TextLine id="tr_2_tl_9" custom="readingOrder {index:8;}">
                <Coords points="1905,1990 2870,1959 2838,1911 1906,1935"/>
                <Baseline points="1913,1975 1961,1975 2009,1975 2057,1973 2105,1972 2153,1972 2201,1972 2249,1969 2297,1969 2345,1968 2393,1965 2441,1963 2489,1963 2537,1962 2585,1960 2633,1958 2681,1957 2729,1955 2777,1954 2825,1951 2874,1954"/>
                <TextEquiv>
                    <Unicode>daß dieser Prozentsatz überschritten werden wird.</Unicode>
                </TextEquiv>
            </TextLine>
            <TextLine id="tr_2_tl_10" custom="readingOrder {index:9;}">
                <Coords points="1992,2048 3060,2024 3190,2014 3192,1959 1993,1998"/>
                <Baseline points="2002,2035 2061,2033 2121,2032 2181,2027 2240,2029 2300,2026 2360,2026 2419,2024 2479,2023 2539,2020 2599,2018 2658,2017 2718,2016 2778,2012 2837,2011 2897,2009 2957,2009 3016,2008 3076,2004 3136,2002 3196,1999"/>
                <TextEquiv>
                    <Unicode>X Das Vermächtnis eines Zeitungsmannes. In seinem</Unicode>
                </TextEquiv>
            </TextLine>
            <TextLine id="tr_2_tl_11" custom="readingOrder {index:10;}">
                <Coords points="1910,2091 3132,2061 3185,2016 1911,2037"/>
                <Baseline points="1919,2080 1982,2080 2045,2077 2109,2077 2172,2074 2236,2074 2299,2071 2362,2069 2426,2068 2489,2065 2553,2065 2616,2062 2679,2062 2743,2059 2806,2056 2870,2053 2933,2052 2996,2050 3060,2047 3123,2045 3187,2041"/>
                <TextEquiv>
                    <Unicode>Testament hat der in diesen Tagen verstorbene bekannte ameri¬</Unicode>
                </TextEquiv>
            </TextLine>
            <TextLine id="tr_2_tl_12" custom="readingOrder {index:11;}">
                <Coords points="1916,2127 3192,2104 3184,2046 1918,2088"/>
                <Baseline points="1925,2122 1988,2125 2052,2121 2115,2119 2179,2118 2242,2116 2306,2113 2369,2113 2433,2110 2496,2110 2560,2108 2624,2106 2687,2102 2751,2101 2814,2100 2878,2101 2941,2097 3005,2095 3068,2095 3132,2090 3196,2089"/>
                <TextEquiv>
                    <Unicode>kanische Zeitungsunternehmer und Besitzer der „World", Josef</Unicode>
                </TextEquiv>
            </TextLine>
            <TextLine id="tr_2_tl_13" custom="readingOrder {index:12;}">
                <Coords points="3089,2146 3108,2146 3126,2138 3132,2141 3147,2141 3153,2136 3176,2140 3192,2138 3190,2103 3177,2106 3158,2091 3150,2099 3127,2095 3087,2103"/>
                <Baseline points="3097,2128 3130,2132 3163,2132 3196,2130"/>
                <TextEquiv>
                    <Unicode>Sein</Unicode>
                </TextEquiv>
            </TextLine>
            <TextLine id="tr_2_tl_14" custom="readingOrder {index:13;}">
                <Coords points="1922,2177 3021,2153 3034,2111 1924,2130"/>
                <Baseline points="1931,2163 1986,2166 2041,2164 2096,2163 2151,2160 2207,2160 2262,2158 2317,2157 2372,2156 2427,2154 2483,2152 2538,2151 2593,2145 2648,2147 2703,2145 2759,2145 2814,2142 2869,2141 2924,2137 2979,2136 3035,2133"/>
                <TextEquiv>
                    <Unicode>Pulitzer, eine Reihe ansehnlicher Schenkungen gemacht.</Unicode>
                </TextEquiv>
            </TextLine>
            <TextLine id="tr_2_tl_15" custom="readingOrder {index:14;}">
                <Coords points="1916,2222 3189,2181 3189,2141 3050,2132 1916,2178"/>
                <Baseline points="1925,2208 1988,2211 2051,2208 2115,2205 2178,2204 2242,2202 2305,2201 2368,2196 2432,2196 2495,2195 2559,2193 2622,2193 2685,2191 2749,2187 2812,2186 2876,2184 2939,2183 3002,2181 3066,2178 3129,2175 3193,2172"/>
                <TextEquiv>
                    <Unicode>Kammerdiener erhält 400.000 Mark, und der Columbiauniversität</Unicode>
                </TextEquiv>
            </TextLine>
            <TextLine id="tr_2_tl_16" custom="readingOrder {index:15;}">
                <Coords points="1930,2264 3189,2225 3190,2180 1932,2217"/>
                <Baseline points="1939,2256 2001,2253 2064,2251 2127,2249 2189,2247 2252,2247 2315,2246 2377,2242 2440,2242 2503,2242 2566,2238 2628,2237 2691,2235 2754,2232 2816,2230 2879,2229 2942,2225 3004,2223 3067,2220 3130,2218 3193,2217"/>
                <TextEquiv>
                    <Unicode>sind zur Gründung einer Journalistenschule 4 Millionen Mark</Unicode>
                </TextEquiv>
            </TextLine>
            <TextLine id="tr_2_tl_17" custom="readingOrder {index:16;}">
                <Coords points="1926,2304 3189,2267 3150,2222 1926,2265"/>
                <Baseline points="1934,2295 2000,2297 2066,2293 2132,2292 2199,2292 2265,2289 2331,2289 2397,2286 2464,2284 2530,2282 2596,2280 2662,2277 2729,2277 2795,2274 2861,2271 2927,2268 2994,2268 3060,2265 3126,2263 3193,2256"/>
                <TextEquiv>
                    <Unicode>überwiesen worden. Wenn sich die Schule nach dreijährigem Be¬</Unicode>
                </TextEquiv>
            </TextLine>
            <TextLine id="tr_2_tl_18" custom="readingOrder {index:17;}">
                <Coords points="1922,2355 3189,2313 3190,2267 1924,2305"/>
                <Baseline points="1931,2342 1994,2339 2057,2337 2120,2336 2183,2334 2246,2333 2309,2330 2372,2328 2435,2327 2498,2327 2562,2324 2625,2323 2688,2321 2751,2319 2814,2317 2877,2313 2940,2313 3003,2311 3066,2310 3129,2305 3193,2304"/>
                <TextEquiv>
                    <Unicode>stehen bewährt, fallen ihr aus dem Nachlasse Putlitzers noch wei¬</Unicode>
                </TextEquiv>
            </TextLine>
            <TextLine id="tr_2_tl_19" custom="readingOrder {index:18;}">
                <Coords points="1916,2386 3198,2358 3190,2309 1918,2354"/>
                <Baseline points="1925,2384 1988,2382 2052,2378 2116,2380 2180,2378 2244,2378 2308,2375 2371,2372 2435,2372 2499,2369 2563,2369 2627,2369 2691,2364 2755,2363 2818,2360 2882,2357 2946,2354 3010,2352 3074,2351 3138,2349 3202,2348"/>
                <TextEquiv>
                    <Unicode>tere 4 Millionen zu. Ein Teil der Zinsen dieses Kapitals dient</Unicode>
                </TextEquiv>
            </TextLine>
            <TextLine id="tr_2_tl_20" custom="readingOrder {index:19;}">
                <Coords points="1921,2442 3189,2395 3137,2354 1922,2395"/>
                <Baseline points="1931,2432 1994,2428 2057,2423 2120,2423 2183,2423 2246,2420 2309,2417 2372,2417 2435,2414 2498,2413 2562,2411 2625,2410 2688,2408 2751,2405 2814,2400 2877,2402 2940,2399 3003,2397 3066,2396 3129,2391 3193,2387"/>
                <TextEquiv>
                    <Unicode>zur Stiftung von jährlichen Preisen und Auszeichnungen an ver¬</Unicode>
                </TextEquiv>
            </TextLine>
            <TextLine id="tr_2_tl_21" custom="readingOrder {index:20;}">
                <Coords points="1916,2481 3200,2442 3185,2391 1918,2442"/>
                <Baseline points="1925,2471 1989,2474 2053,2470 2117,2468 2181,2465 2245,2465 2309,2462 2373,2462 2437,2459 2501,2458 2565,2456 2629,2456 2693,2451 2757,2447 2821,2449 2885,2444 2949,2443 3013,2437 3077,2435 3141,2436 3205,2435"/>
                <TextEquiv>
                    <Unicode>dienstvolle Zeitungen, Journalisten und Schriftsteller. So soll</Unicode>
                </TextEquiv>
            </TextLine>
            <TextLine id="tr_2_tl_22" custom="readingOrder {index:21;}">
                <Coords points="1921,2542 3103,2502 3195,2486 3197,2445 1924,2477"/>
                <Baseline points="1931,2521 1994,2515 2057,2513 2121,2513 2184,2510 2248,2508 2311,2504 2374,2505 2438,2501 2501,2501 2565,2498 2628,2497 2691,2495 2755,2492 2818,2492 2882,2489 2945,2486 3008,2484 3072,2483 3135,2480 3199,2477"/>
                <TextEquiv>
                    <Unicode>jedes Jahr die Zeitung, die dem Lande und der Oeffentlichkeit</Unicode>
                </TextEquiv>
            </TextLine>
            <TextLine id="tr_2_tl_23" custom="readingOrder {index:22;}">
                <Coords points="1926,2569 3189,2539 3203,2487 1926,2539"/>
                <Baseline points="1934,2563 1997,2560 2061,2556 2124,2554 2188,2553 2251,2549 2315,2548 2378,2548 2442,2545 2505,2544 2569,2542 2633,2539 2696,2539 2760,2536 2823,2532 2887,2530 2950,2529 3014,2527 3077,2524 3141,2522 3205,2521"/>
                <TextEquiv>
                    <Unicode>am besten gedient hat, eine goldene Medaille im Werte von 2000</Unicode>
                </TextEquiv>
            </TextLine>
            <TextLine id="tr_2_tl_24" custom="readingOrder {index:23;}">
                <Coords points="1922,2613 3074,2588 3177,2579 3200,2537 1924,2568"/>
                <Baseline points="1931,2605 1994,2602 2058,2602 2121,2599 2185,2598 2248,2594 2312,2593 2375,2591 2439,2590 2502,2587 2566,2587 2630,2583 2693,2581 2757,2578 2820,2577 2884,2575 2947,2574 3011,2572 3074,2566 3138,2567 3202,2566"/>
                <TextEquiv>
                    <Unicode>Mark erhalten. Ein jährlicher Preis von 2000 Mark ist für den</Unicode>
                </TextEquiv>
            </TextLine>
            <TextLine id="tr_2_tl_25" custom="readingOrder {index:24;}">
                <Coords points="1922,2654 3187,2629 3198,2572 1922,2616"/>
                <Baseline points="1931,2647 1994,2644 2058,2644 2121,2641 2185,2640 2248,2638 2312,2635 2375,2635 2439,2635 2502,2631 2566,2629 2630,2628 2693,2624 2757,2623 2820,2622 2884,2620 2947,2617 3011,2615 3074,2614 3138,2609 3202,2611"/>
                <TextEquiv>
                    <Unicode>Verfasser des besten Leitartikels, der in einem amerikanischen</Unicode>
                </TextEquiv>
            </TextLine>
            <TextLine id="tr_2_tl_26" custom="readingOrder {index:25;}">
                <Coords points="1921,2701 3197,2669 3198,2627 1922,2653"/>
                <Baseline points="1931,2689 1994,2692 2058,2688 2121,2686 2185,2683 2248,2683 2312,2680 2375,2680 2439,2677 2502,2674 2566,2674 2630,2671 2693,2669 2757,2668 2820,2665 2884,2662 2947,2661 3011,2659 3074,2656 3138,2656 3202,2653"/>
                <TextEquiv>
                    <Unicode>Blatte veröffentlicht ist, ausgesetzt. Für die beste Reporterleistung</Unicode>
                </TextEquiv>
            </TextLine>
            <TextLine id="tr_2_tl_27" custom="readingOrder {index:26;}">
                <Coords points="1937,2746 3197,2711 3198,2672 3073,2659 2825,2698 1939,2699"/>
                <Baseline points="1945,2739 2007,2733 2070,2733 2133,2730 2196,2725 2259,2721 2322,2723 2384,2721 2447,2721 2510,2718 2573,2715 2636,2715 2699,2713 2762,2709 2824,2708 2887,2704 2950,2704 3013,2702 3076,2698 3139,2698 3202,2698"/>
                <TextEquiv>
                    <Unicode>sind ebenfalls 2000 Mark Prämie vorgesehen. 4000 Mark werden</Unicode>
                </TextEquiv>
            </TextLine>
            <TextLine id="tr_2_tl_28" custom="readingOrder {index:27;}">
                <Coords points="1934,2791 3185,2754 3201,2709 1935,2746"/>
                <Baseline points="1942,2781 2005,2778 2068,2776 2131,2775 2194,2771 2257,2769 2320,2768 2384,2764 2447,2763 2510,2762 2573,2760 2636,2757 2699,2757 2762,2757 2826,2752 2889,2748 2952,2747 3015,2745 3078,2742 3141,2743 3205,2739"/>
                <TextEquiv>
                    <Unicode>jährlich ausgesetzt für die besten Vorschläge zur Entwicklung der</Unicode>
                </TextEquiv>
            </TextLine>
            <TextLine id="tr_2_tl_29" custom="readingOrder {index:28;}">
                <Coords points="1932,2836 3198,2791 3198,2749 3148,2745 1934,2791"/>
                <Baseline points="1942,2817 2002,2823 2065,2821 2128,2817 2191,2817 2254,2815 2317,2813 2381,2809 2444,2808 2507,2805 2570,2805 2633,2804 2696,2802 2759,2796 2823,2796 2886,2793 2949,2793 3012,2791 3075,2787 3138,2785 3202,2781"/>
                <TextEquiv>
                    <Unicode>Journalistenschule. Die drei fleißigsten und begabtesten Schüler</Unicode>
                </TextEquiv>
            </TextLine>
            <TextLine id="tr_2_tl_30" custom="readingOrder {index:29;}">
                <Coords points="1937,2873 3197,2838 3184,2790 1939,2831"/>
                <Baseline points="1945,2871 2007,2865 2070,2865 2133,2865 2196,2860 2259,2859 2322,2855 2384,2853 2447,2853 2510,2850 2573,2850 2636,2846 2699,2842 2762,2840 2824,2838 2887,2838 2950,2834 3013,2832 3076,2829 3139,2829 3202,2823"/>
                <TextEquiv>
                    <Unicode>der Schule, die am Schlusse des Jahres das Examen mit beson¬</Unicode>
                </TextEquiv>
            </TextLine>
            <TextLine id="tr_2_tl_31" custom="readingOrder {index:30;}">
                <Coords points="1930,2917 3153,2888 3208,2839 1932,2875"/>
                <Baseline points="1939,2909 2002,2909 2066,2908 2129,2906 2193,2902 2257,2901 2320,2898 2384,2898 2447,2895 2511,2894 2575,2892 2638,2889 2702,2887 2765,2886 2829,2883 2893,2878 2956,2877 3020,2875 3083,2874 3147,2874 3211,2871"/>
                <TextEquiv>
                    <Unicode>derer Auszeichnung bestanden haben, erhalten je 6000 Mark für</Unicode>
                </TextEquiv>
            </TextLine>
            <TextLine id="tr_2_tl_32" custom="readingOrder {index:31;}">
                <Coords points="1927,2958 3198,2926 3189,2875 1929,2930"/>
                <Baseline points="1936,2954 1999,2954 2062,2951 2125,2948 2189,2947 2252,2945 2315,2942 2379,2942 2442,2939 2505,2935 2569,2933 2632,2932 2695,2930 2758,2927 2822,2925 2885,2924 2948,2921 3012,2919 3075,2918 3138,2915 3202,2909"/>
                <TextEquiv>
                    <Unicode>eine Reise nach Europa zum Studium des europäischen Zeitungs¬</Unicode>
                </TextEquiv>
            </TextLine>
            <TextLine id="tr_2_tl_33" custom="readingOrder {index:32;}">
                <Coords points="1937,3008 3205,2968 3206,2921 1939,2967"/>
                <Baseline points="1945,2999 2008,2996 2071,2996 2134,2993 2197,2990 2260,2985 2323,2984 2387,2984 2450,2981 2513,2980 2576,2975 2639,2974 2702,2972 2765,2969 2829,2969 2892,2969 2955,2965 3018,2963 3081,2960 3144,2958 3208,2960"/>
                <TextEquiv>
                    <Unicode>wesens und der sozialen Verhältnisse der Alten Welt. Ferner</Unicode>
                </TextEquiv>
            </TextLine>
            <TextLine id="tr_2_tl_34" custom="readingOrder {index:33;}">
                <Coords points="1942,3052 3171,3021 3208,2970 1943,3007"/>
                <Baseline points="1951,3044 2014,3041 2077,3039 2140,3035 2203,3035 2266,3032 2329,3029 2392,3029 2455,3026 2518,3021 2581,3020 2644,3020 2707,3018 2770,3017 2833,3012 2896,3011 2959,3007 3022,3007 3085,3005 3148,3005 3211,2996"/>
                <TextEquiv>
                    <Unicode>sind folgende, jährlich zur Verteilung kommende Preise vorge¬</Unicode>
                </TextEquiv>
            </TextLine>
            <TextLine id="tr_2_tl_35" custom="readingOrder {index:34;}">
                <Coords points="1939,3094 3205,3053 3203,3007 1940,3050"/>
                <Baseline points="1948,3083 2011,3085 2074,3081 2137,3077 2200,3074 2263,3074 2326,3074 2390,3072 2453,3068 2516,3067 2579,3065 2642,3064 2705,3060 2768,3059 2832,3056 2895,3056 2958,3053 3021,3051 3084,3047 3147,3047 3211,3041"/>
                <TextEquiv>
                    <Unicode>sehen: je 4000 Mark für den besten amerikanischen Roman, das</Unicode>
                </TextEquiv>
            </TextLine>
            <TextLine id="tr_2_tl_36" custom="readingOrder {index:35;}">
                <Coords points="1942,3142 3205,3103 3206,3053 1943,3097"/>
                <Baseline points="1951,3127 2014,3127 2077,3125 2140,3124 2203,3120 2266,3118 2329,3115 2392,3113 2455,3112 2518,3110 2581,3106 2644,3105 2707,3103 2770,3100 2833,3100 2896,3097 2959,3094 3022,3092 3085,3092 3148,3090 3211,3083"/>
                <TextEquiv>
                    <Unicode>beste amerikanische Theaterstück, die beste amerikanische Biogra¬</Unicode>
                </TextEquiv>
            </TextLine>
            <TextLine id="tr_2_tl_37" custom="readingOrder {index:36;}">
                <Coords points="1939,3184 3218,3140 3214,3090 1940,3137"/>
                <Baseline points="1948,3172 2011,3172 2075,3168 2138,3166 2202,3163 2266,3161 2329,3157 2393,3157 2456,3151 2520,3151 2584,3151 2647,3148 2711,3146 2774,3145 2838,3142 2902,3139 2965,3138 3029,3136 3092,3136 3156,3131 3220,3130"/>
                <TextEquiv>
                    <Unicode>phie, 8000 Mark für das beste amerikanische Geschichtswerk usw.</Unicode>
                </TextEquiv>
            </TextLine>
            <TextLine id="tr_2_tl_38" custom="readingOrder {index:37;}">
                <Coords points="1942,3224 3087,3201 3214,3184 3216,3142 1943,3180"/>
                <Baseline points="1951,3217 2014,3214 2077,3211 2141,3211 2204,3208 2268,3206 2331,3202 2395,3199 2458,3196 2522,3196 2585,3196 2648,3193 2712,3191 2775,3187 2839,3186 2902,3184 2966,3184 3029,3182 3093,3178 3156,3175 3220,3175"/>
                <TextEquiv>
                    <Unicode>Außerdem soll ein Zehntel des Reingewinns aus den Pulitzerschen</Unicode>
                </TextEquiv>
            </TextLine>
            <TextLine id="tr_2_tl_39" custom="readingOrder {index:38;}">
                <Coords points="1951,3271 3182,3234 3216,3185 1953,3226"/>
                <Baseline points="1960,3262 2022,3259 2085,3259 2148,3256 2211,3251 2274,3250 2337,3247 2399,3245 2462,3241 2525,3239 2588,3238 2651,3235 2714,3233 2777,3232 2839,3232 2902,3229 2965,3226 3028,3224 3091,3222 3154,3220 3217,3217"/>
                <TextEquiv>
                    <Unicode>Zeitungen jeweils an die Redakteure ausgezahlt werden; man</Unicode>
                </TextEquiv>
            </TextLine>
            <TextLine id="tr_2_tl_40" custom="readingOrder {index:39;}">
                <Coords points="1945,3314 3213,3308 3209,3224 1947,3269"/>
                <Baseline points="1954,3303 2017,3300 2080,3298 2143,3294 2206,3294 2269,3292 2332,3290 2396,3287 2459,3286 2522,3285 2585,3283 2648,3280 2711,3280 2774,3277 2838,3275 2901,3274 2964,3270 3027,3268 3090,3265 3153,3265 3217,3265"/>
                <TextEquiv>
                    <Unicode>schätzt die Höhe dieser Gewinnbeteiligung auf jährlich rund eine</Unicode>
                </TextEquiv>
            </TextLine>
            <TextLine id="tr_2_tl_41" custom="readingOrder {index:40;}">
                <Coords points="1943,3366 1987,3359 2053,3372 2119,3348 2239,3367 2243,3311 2222,3301 2185,3316 2136,3301 2107,3320 2046,3306 1947,3312"/>
                <Baseline points="1954,3351 1980,3348 2006,3346 2033,3345 2059,3345 2085,3344 2112,3342 2138,3340 2164,3339 2191,3339 2217,3339 2244,3339"/>
                <TextEquiv>
                    <Unicode>Million Mark</Unicode>
                </TextEquiv>
            </TextLine>
            <TextEquiv>
                <Unicode></Unicode>
            </TextEquiv>
        </TextRegion>
    </Page>
</PcGts>
