3344 4256
131 282 2120 547 The Lening Post
491 557 1163 747 BOOK
1258 547 2198 763 REVIEW
2038 731 2172 845 22
868 908 1864 976 NEW YORK, SATURDAY, JUNE 5, 1920.
2614 878 2962 989 SECTION PAR
144 1003 2782 1229 Arthur Schnitzler on the Vienna of Today
43 1202 2110 1317 nd Carefree Vienna of "Anatol" Has Vanished Like a Dream
2162 1212 2972 1360 Yet, in Spite of Terrible
583 1307 2107 1428 Privations, the Viennese Spirit is Not Crushed
1120 1415 1576 1537 By Joseph Gollomb
62 1497 478 1618 VIENNE, April 28.
554 1510 1337 1609 who can afford it a single sardine on
1379 1510 2152 1625 phony orchestra to play for him a
2185 1504 2972 1645 and three years ago bring real hand¬
550 1599 1324 1681 a plate two is a double portion¬
75 1592 511 1681 this city and regret¬
1376 1599 2146 1671 whole evening in his hotel room.
2185 1615 2972 1697 clapping from the Viennese today;
560 1661 1330 1733 with a dab of mustard if you are
66 1655 514 1743 r. Was there ever a
1386 1664 2146 1723 With tips they cost him two and a
2192 1684 2968 1743 and somehow even to an American
560 1717 1333 1782 willing to pay for it. Of bread, even
66 1717 514 1795 trauss waltzes? Ot
1366 1720 2149 1782 half dollars, so low is the Austrian
2185 1727 2972 1818 they seem to have a surprising fresh¬
550 1776 1337 1848 the darkish mongrel kind, there is
69 1776 514 1854 rivalling Paris,
1373 1782 2149 1848 krone. In the café you can have an
2185 1779 2647 1864 ness and youth here.
550 1831 1333 1900 none, unless you are dining in some
52 1831 514 1920 rosette-like rolls of
1369 1841 2143 1904 excellent sketch in crayon made of
2231 1802 2968 1917 On Sundays the people still oock
557 1887 1340 1962 haunt of profiteers. The people sit
69 1894 518 1966 t the name Vienna
1366 1897 2143 1966 yourself for twenty cents; thirty for
2182 1890 2968 1976 to Wiener Wald. But it is only to
554 1936 1337 2015 beside these nominal excuses for re¬
69 1940 508 2015 rld? Were these
1366 1943 2152 2015 a caricature by a man who will show
2189 1936 2968 2028 gather wood. The splendid forests,
547 1992 1333 2074 freshments, looking a little con¬
79 1999 521 2084 gay at night with
1369 1995 2139 2087 you his work in the humorous weekly
2185 2015 2972 2087 once the pride of the Viennes and
550 2057 1330 2136 scious of their worn clothes, for
75 2054 518 2136 from every restau¬
1369 2067 2146 2130 you are reading. The orchestra plays
2182 2054 2968 2156 loved for their green beauties, are be¬
557 2103 1333 2192 Viennese know what it is to dress
66 2120 521 2192 is the bright-faced
1366 2123 2149 2211 superbly and the applause is gener¬
2175 2123 2968 2202 ing cut down for fuel ; and you see
557 2172 1324 2244 well. They glance through skipy
59 2179 518 2267 locked on Sundays to
1369 2175 2143 2244 ous. But it all sounds hollow.
2195 2189 2965 2264 people dragging logs of new wood for
550 2211 1327 2297 journals; paper costs enormously.
52 2228 508 2306 the first excuse for
1369 2238 2136 2316 Something is not there. A Strauss
2189 2248 2975 2310 miles back to the city. Recently the
550 2287 1333 2365 They comment occasionally on this
46 2284 501 2356 sers Caprice Vien
1366 2280 2143 2356 like waltz you seldom hear. For
2189 2300 2972 2379 park department ordered a general
550 2339 1333 2438 or that, and are mildly glad when
66 2343 508 2418 ? And when you
1383 2346 2149 2431 Vienna, like the rest of Europe, has
2185 2359 2968 2431 pruning of trees in the city, just to
550 2392 1006 2477 the music strikes up.
49 2401 511 2480 faces in the city of
1373 2405 2146 2487 turned to the popular music of
2185 2418 2972 2516 give the poor a chance to gather the
590 2431 1343 2533 In the biggest cafés there is
43 2460 508 2536 der most of all, was
1369 2470 2139 2546 America; America, the young and
2189 2464 2523 2546 twigs that fell.
537 2497 1327 2588 music; for musicians, like other pro¬
49 2503 505 2588 Vienna such as Dr.
1369 2519 2143 2588 vital when Europe is so tired;
2221 2506 2962 2628 And as to the world of Anatol and
547 2572 1333 2637 fessionals in Vienna, are plentiful
52 2565 508 2650 er, physician, novel¬
1366 2569 2136 2641 America so overflowing with bar¬
2182 2572 2457 2650 his friends?
547 2628 1330 2703 and to be had cheaply. I know of a
56 2628 505 2703 cht, pictured in his
1369 2628 2143 2693 baric vitality that the jazz band is
2215 2618 2958 2706 I went to Dr. Schnitzler himself
547 2687 1330 2749 leather goods buyer from America
69 2683 501 2762 Anatol of light
1369 2693 2146 2752 its expression. Tunes that ran their
2175 2664 2965 2775 for news of them. The man who has
56 2736 505 2824 and delicate sorrows,
544 2739 2136 2834 who hired a quintet from a sym¬ brief course in the United States two
2175 2765 2962 2824 caught the spirit of Vienna's youth is
79 2798 508 2870 day was new with
2179 2811 2962 2880 numerically fifty seven years old. He
66 2857 508 2932 elevated the embar¬
2172 2860 2958 2945 is rather square in build and there¬
59 2916 511 3008 tings with the old
2175 2922 2962 3004 fore looks shorter than he is; but an
1019 2896 1658 3034 IN THIS ISSUE
56 2968 364 3044 graceful art?
2166 2968 2968 3057 aliveness that would mean youth at
56 2988 514 3093 na must have existed
2169 3040 2955 3112 any age gives him dominance in any
655 3040 2038 3155 ARTHUR SCHNITZLER INTERVIEWED IN MODERN VIENNA
59 3090 508 3158 ne, lived and played
2172 3093 2958 3162 group. His gray blue eyes are warm
1137 3139 1559 3230 By Joseph Gollamb
59 3139 518 3204 shioned a city to its
2166 3145 2958 3237 and bright. His ample brown hai¬
69 3198 495 3270 although Anatol¬
2166 3194 2952 3270 and trimmed beard give no hint of
809 3188 1877 3286 ANAPPRAISAL OF THOMAS HARDVS PROSE
69 3243 501 3335 to the world over
2172 3257 2949 3332 his years in spite of the gray in them.
662 3260 2018 3381 The Both birthday of the great English novelist occurred on June 2
62 3299 491 3371 it still lives event.
2166 3316 2949 3388 He talks fast, well and boyantly,
1157 3338 1517 3417 By John Erskine
56 3371 495 3443 ling public in Gran¬
2166 3361 2952 3453 constantly crowded from his theme
645 3345 2031 3506 THE ORDEAL OF MAR TAIN, DE VAN WYCK BROOKS
52 3427 498 3499 quisite version, and
2166 3437 2949 3525 by a swarm of shouldering memories.
1032 3473 1651 3568 Reviewed by Carl Van Doren
59 3476 491 3558 of those who saw
2175 3486 2945 3561 Goethe, Schiller, Lessing, Heine,
62 3525 498 3601 play it. Since there
2169 3535 2952 3620 George Bernard Shaw and Shake¬
672 3506 2035 3663 MES. WARENS DAUGHTER, BV SIR HARRE JOHNSTON.
49 3587 495 3673 de freight of social
2169 3607 2945 3679 speare, the last two in German as
1039 3607 1628 3709 Reviewed by Wilson Follett
82 3646 498 3725 these little come¬
2166 3660 2945 3741 well as in English, and a host of
881 3666 1795 3797 How CHESTERTON REGARDS DIVORCE
66 3705 495 3800 kept them alive so
2166 3719 2949 3794 other books look down from the
1101 3755 1563 3840 By Renée Darmstadter
2169 3764 2952 3850 shelves of handsome book cabinets.
46 3781 501 3902 e, there is in them the
2172 3820 2949 3892 Through a panelle window I saw a
665 3804 1995 3922 HAVE D'HIGINS INTERVIEWED BY JOSEPH ANT
49 3873 491 3948 Anatol one really
2166 3876 2939 3958 glimpse of wood with a red sun set
914 3895 1746 4010 TRADE UNIONS AND THE I. W. W.
75 3925 505 4010 him his city, then
2166 3945 2952 4027 ting behind the trees; in the other
1150 3977 1523 4053 By George Soule
46 3984 495 4069 nged Vienna today.
2169 4004 2952 4069 direction, down hill, the roofs of
52 4040 498 4118 girdle of boulevards
2175 4046 2949 4118 Vienna itself. A white porcelain
970 4033 1681 4135 ERA POUND THE INNOVATOR
2159 4102 2516 4167 in
