3484 4224
314 178 789 263 4.9. Anato
696 178 1260 292 Zyklus
651 391 1125 465 (Quellenangabe ohne Gewahr.
460 412 1393 509 Illustriertes Wiener Extrablatt, Wien.
442 482 797 557 Ausschnitt auf
774 509 1077 597 Abendblatt
449 542 605 625 vom
526 699 1200 820 Theaterzeitung.
480 785 1342 863 Deutsches Volkstheater. Gestern wurde
374 837 1343 906 Schnitzlers Reichthinflatternde Einakterreihe
375 876 1346 945 „Anatol" gegeben, fünf feinstens hinskizzierte
374 912 1348 985 Bildchen aus dem göttlich leichtsinnigen Junggesellen¬
371 949 1351 1014 leben einer längst verflossenen, ach, wie weit
380 994 1351 1083 schon hinter uns zurückliegenden Zeit. Schützen¬
892 1033 1356 1077 Grenzmarken zwischen
382 1042 697 1102 gräben bilden
380 1066 1342 1126 voreinst und heute. In „Weihnachtseinkäufe
380 1089 1357 1169 spielt nun das wunderschöne Fräulein Annemarie
377 1136 1362 1196 Steinsteck die junge Frau und spielt sie mit
380 1174 1360 1251 kokettem Geist und einer fast wienerischen Anmut. Im
383 1220 1359 1285 „Abschieds souper ist nun Fräulein Hedwig
943 1246 1363 1305 Ihre herbe Frische
385 1260 882 1322 Keller die „Annie".
383 1286 1365 1353 und flinke Spitzungigkeit lassen vermuten, daß
383 1333 1363 1402 in dieser noch sehr jungen Künstlerin eine scharfe
383 1363 1373 1439 Salondame steckt, vielleicht eine zweite Waldow. In
394 1400 1365 1471 allen fünf Stückchen sah man Herrn Hans Lackner
383 1433 1369 1511 mit Vergnügen wieder und freute sich, daß dieser
391 1480 1374 1545 vortreffliche Schauspieler dem Hause, in dem sein
391 1534 1396 1610 Talent so viele schöne Erfolge gefeiert hat und in
429 1596 1416 1756 de den Schallen an ihnen ansainneet
425 1696 1160 1788 gerissen hätte, nun doch erhalten bleibt,
666 1853 1473 1920 Wiener Angeneine Zeitung, Wien
483 1897 891 1983 Ausschnitt aus
492 1940 1156 2045 vom 9. AUGUST
1183 2051 1560 2162 Wien, 19. August.
534 2114 1596 2217 (Deutsches Volkstheater.) Die Neubesetzung einer
403 2174 1608 2270 holden Weiblichkeit, die Anatols Dasein mit süßer Qual
408 2242 1596 2302 erfüllt und seine Tage zur himmlischen Hölle gestaltet —
406 2290 1600 2350 um im Tone zu bleiben, den Artur Schnitzler, lang, lang
406 2340 1605 2408 ist's her, anzuschlagen beliebt hat — gibt Gelegenheit, zu
411 2385 1602 2451 sagen, daß Fräulein Keller als Annie im „Abschieds¬
400 2433 1606 2500 souper eine anmutige Ueberraschung auch für die bedeutete,
403 2480 1599 2540 die es niemals verstehen konnten, warum man dieses natür¬
400 2527 1602 2596 liche Talent im Verborgenen hatte blühen lassen. Fräulein
402 2579 1602 2636 Keller zeigte sich im Besitz von Humor und Temperament
406 2628 1606 2688 und besitzt überdies eine allerliebste, lustige, wienerische Art.
411 2668 1602 2747 Fräulein Steinstecks zarte Noblesse erfreute Aug und
408 2724 1599 2779 Ohr. Herr Lackner spielte den Max höchst ergötzlich,
403 2765 1596 2833 kräftig, mit rationalistischem Einschlag; man lachte oft und
406 2819 1594 2881 herzlich über ihn. Und dem guten Onkel Anatol, der doch
411 2871 1599 2941 einmal ein Neffe gewesen, kam Herr Kramer charmant
1451 2914 1570 3004 p. f.
411 2925 614 2990 entgegen.
443 3054 1471 3191 Ausschnitt des Wiener Tagblatt. Wie
454 3207 609 3261 vom
480 3221 1414 3322 Dellisches Volkstheater. In Schnitzlers Er¬
406 3308 1413 3364 alderzyklus „Anatol" gab es gestern zwei Neu¬
411 3354 1419 3413 besetzungen. Im „Abschiedssouper" erschen Fräulein
408 3396 1409 3459 Keller als Annie. Die junge Darstellerin gab die
408 3447 1408 3511 leichtlebige Ballerine mit drolliger Beweglichkeit und
414 3491 1409 3558 glitt mit natürlicher Anmt über die derberen
414 3539 1405 3590 Momente der Rolle hinweg. Sie hat zweifellos
414 3587 1413 3658 komisches Talent, das bei einer gedeihlichen Ent¬
420 3625 1416 3681 wicklung sicherlich auch noch Fülle von Saftigkeit
414 3673 1409 3731 erlangen wird. — Der Einakter „Weihnachtseinkäufe
420 3716 1422 3782 gewann durch Fräulein Steinsteck als Gabrielle
426 3775 1423 3833 seinen vollen wundersamen Zauber. Das Heimliche,
426 3824 1419 3868 Sehnsüchtige und Wehmütige in der Seele der mon¬
420 3865 1426 3924 hänen Frau schimmerte in ihrer Darstellung wie in
423 3908 1419 3961 einer zarten Lasur hindurch. Diese vornehme
423 3952 1422 4018 Künstlerin und Herrn Kramer dieses Lebens¬
423 4005 1440 4076 büchen spielen zu sehen, war ein auserlesener
431 4050 572 4128 Beruf.
1277 4050 1409 4124 m. b.
1425 177 1783 271 box 9/2
2251 142 2734 240 Quellenge eine der
2036 197 2442 299 Ausschnitt aus
2040 297 2188 366 vom
2040 354 2953 451 Deutsches Volkstheater. Schnitzlers Ana¬
1980 402 2948 502 Lol“ ist ein Jugendwerk von immanenter Jugend¬
1990 469 2953 537 lichkeit. Dieses Feuerwerk von Geist und Humor
1987 511 2947 580 erleuchtet dem sehenden Auge unvergängliche Anmut
1980 546 2945 631 und bleibende Werte. Daran mag in unserer großen
1990 612 2944 682 zu kritischen Revisionen geneigten. Gegenwart
1988 648 2939 708 erinnert werden. Die Darstellung brachte alle
1980 680 2939 757 Feinheiten der Dichtung zur Geltung. Leopold
1979 731 2948 796 Kramer spielte den Anatol mit deli¬
1977 768 2936 848 kater Noblesse und liebenswürdiger Eleganz.
1977 812 2939 889 Hans Lackner war ihm in der Rolle des Max
1976 859 2936 929 ein vorzüglicher Partner. Das weibliche Quintett
1977 902 2939 977 war glänzend besetzt. Nelly Hochwald war
1970 956 2936 1016 eine charmante Cora, Annemarie Steinsieck
1973 991 2930 1069 eine reizvolle Gabriele, Charlotte Waldow eine
1973 1033 2928 1105 köstlich oberflächliche Bianca, und Mizzi Pellar
1971 1083 2930 1153 eine überaus leidenschaftliche Flona. Als Annie
1970 1117 2928 1191 debitierte Hedwig Keller in vielversprechender
1968 1163 2927 1237 Weise. Sie spielte das leichtfertige Mädl mit
1963 1205 2927 1306 entzückender Unverfrorenheit und hinreißendem
1957 1253 2234 1339 Temperament.
2764 1271 2887 1340 L. N.
2111 1363 2270 1456 vom
2508 1365 2910 1480 Die Zeit, Wien
2100 1454 2948 1553 Deutsches Volkstheater. Hier ist jetzt jeden
2010 1506 2948 1605 Abend etwas „mit Bedeutung neu. Gestern
2010 1571 2948 1640 war es Fräulein Keller als Annie in
2020 1617 2951 1680 Schnitzlers „Abschiedssouper", das im
2008 1650 2944 1717 Rahmen des bekannten Anatol=Abends serviert
2005 1711 2944 1773 wurde. So seltsam fern und klein uns auch
2008 1746 2939 1808 diese liebevoll facettierten Sorgen des Ge¬
2008 1796 2948 1856 nießers sind, so nobistisch uns all diese
2000 1831 2805 1893 ästhetisch-erotischen Differenzierungen
2865 1850 2948 1899 an¬
2002 1874 2941 1939 muten — der Duft und Reiz dieser hochkulti¬
1997 1917 2936 1979 vierten Tändeleien und übermütigen Karussell¬
2000 1965 2933 2023 fahrten um das verhätschelte liebe Männchen
2019 2017 2945 2079 — Ich, ist doch immer aufs Neue unwider¬
1999 2045 2937 2116 stehlich. Kramer, Lackner und die illustrie¬
2000 2103 2942 2167 renden Weiblichkeiten, Fräulein Hochwald,
1993 2136 2936 2197 Fräulein Steinsteck, Fräulein Waldow
1994 2179 2933 2245 und Fräulein Keller treffen den Ton durch¬
1988 2231 2931 2285 weg meisterhaft. Die Annie ist eine sichere
1993 2268 2937 2336 Sache. Die Sandrock (die die Rolle, wenn ich
1988 2316 2936 2376 nicht irre, kreierte), die Niese und Frau
1994 2351 2933 2419 Glöckner spielten die Rolle reifer, gleichsam
1991 2402 2933 2465 aus Erinnerungen und Beobachtungen auf¬
1990 2437 2933 2513 bauend, Fräulein Keller hat sie ganz frisch,
1990 2484 2930 2557 jugendlich, naiv, sich selbst kaum ahnend, ange¬
1985 2531 2931 2604 packt; ihre ethische Empfindungslosigkeit war
1974 2568 2374 2650 einfach elementar.
2310 2685 2787 2807 anlegghen Op-
2454 2757 2934 2861 Le Journal
2093 2759 2542 2861 Ausschnitt aus
2291 2817 2717 2927 AUS 1916.
2103 2845 2264 2927 vom
1846 2939 3054 3044 (Deutsches Volkstheater.) Schnitzlers Anatol¬
1826 3016 3053 3079 Zyklus, der sich ständig auf dem Spielplan erhält, wies gestern
1823 3071 3053 3125 einige Neubesetzungen auf. Man hat immer wieder seine Freude
1823 3125 3051 3178 an diesen kleinen Kunstwerken, die mit leichter Hand hingeworfen
1823 3158 3047 3224 sind. Man genießt alle ihre Reize — die kultivierte Melancholie,
1817 3213 3047 3265 die echte Laune, die schöpferische Wärme — besonders aber ihren
1814 3259 3047 3319 wesentlichsten Reiz: den Zauber einer Persönlichkeit, die aus all
1817 3310 3044 3367 den seinen anmutigen Szenen spricht. Das Anatol-Problem, das
1817 3354 3047 3413 Schnitzler in seinen späteren Werken vertieft hat, ist hier mit einem
1820 3402 3044 3454 über den Dingen schwebenden Humor behandelt. Ein
1814 3451 2784 3504 wienerisches Lächeln liegt über allen Figuren
2965 3451 3048 3508 Der
1830 3493 3041 3555 Zyklus wird im Volkstheater sehr hübsch gespielt, die kapriziösen
1823 3544 3041 3593 Stücke mit Eleganz und Stimmung, die keckeren in flottem Lust¬
1826 3590 3045 3650 spielgalopp. Herrn Kramer liegt der Anatol ausgezeichnet. Man
1820 3635 3044 3696 glaubt ihm diese leichten Krisen und amüsanten Katastrophen der
1814 3687 3051 3747 Seele. Und was vor allem vermerkt sei: er meidet falsche Gefühls¬
1820 3735 3042 3787 töne Entzückend lustig ist der Max des Herrn Lackner. Einen
1817 3782 3039 3831 reizend wehmütigen Ton hat Fräulein Steinsteck als Gabriele,
1823 3828 3037 3890 Fesch und keck zugreifend ist die Annie des Fräulein Keller im
1823 3878 3044 3928 „Abschiedssouper". Die Bianka in „Episode" gibt Fräulein Waldow
1814 3927 3041 3978 in ihrer scharf charakterisierenden Art. Die prächtigen Einakter
1814 3970 3041 4030 wurden mit lebhaftem Beifall und kräftiger Heiterkeit aufgenom¬
