3436 4320
1390 168 1736 265 box 8/7
271 162 1192 285 4.9. Anatol - Zyklus
467 801 1190 892 Bitte Rückseite be¬
1073 841 1512 948 Telephon 12. Nr.
598 1041 1329 1154 „OBSERVER
455 1124 1523 1214 I. österr. behördl. konz. Unternehmen für
759 1194 1218 1256 Zeitungsausschnitte
469 1230 1516 1317 Wien, I., Konkordiaplatz 4.
870 1303 1121 1365 Vertretungen
464 1342 1522 1396 in Berlin, Basel, Budapest, Chicago, Cleveland, Christiania,
469 1386 1516 1436 Genf, Kopenhagen, London, Madrid, Mailand, Minneapolis,
464 1423 1516 1514 New-York, Paris, Rom, San Francisco, Stockholm, St. Peters¬
861 1466 1138 1531 burg, Toronto.
714 1516 1282 1599 (Quellenangabe ohne Gewähr).
467 1576 1264 1668 Ausschnitt aus:
738 1668 1017 1754 2
464 1702 606 1784 vom
488 1805 1418 1902 Theser Kunst und Literatur.
697 1891 1385 1998 Budapester Premieren.
471 1992 1454 2054 Von unserm Budapester Korrespondenten wird
448 2032 1462 2092 uns geschrieben: Direktor Bethy hat in seinen
455 2085 1455 2145 beiden Theatern Werken von Wiener Autoren zum
455 2124 1452 2185 Erfolg verholfen, und zwar in so liebevoller Weise,
448 2179 1459 2222 wie dem ungarischen Publikum Wiener Musik und
458 2214 1450 2272 Wiener Literatur bisher vielleicht noch nie zugänglich ge¬
448 2268 1452 2321 macht wurde. Zweimal mußte Artur Schnitzler auf
448 2306 1452 2374 der ungarischen Bühne — allerdings im konservativsten
455 2363 1452 2415 aller Theater, dem Nationaltheater — durchfallen, ehe er
452 2407 1452 2451 vor einigen Tagen auf den Brettern des Ungarischen
458 2446 1455 2502 Theaters einen selbst bei unserm enthusiastischen Premieren¬
458 2498 1455 2548 publikum beinahe beispiellos großen Erfolg erzielen konnte.
460 2548 1452 2604 Fünf Einakter aus dem Anatolzyklus wurden in
448 2591 1447 2639 mustergültiger Aufführung gegeben, und wo der Ein¬
458 2637 1450 2693 schlag des Wienerischen dem Uebersetzer Ludwig Biro
448 2684 1451 2746 nicht glückte, dort half man sich notgedrungen mit einem
448 2730 1447 2784 Einschlag zwischen Wien und Paris hinweg, was mit¬
448 2780 1447 2830 unter wohl dem Dichter nicht zum Vorteil, der Auf¬
448 2826 1451 2878 führung indessen kaum zum Nachteil gereichte. Das
447 2874 1447 2941 Ungarische Theater verfügt derzeit über einen Schau¬
452 2919 1448 2971 spieler, der nicht nur alles spielt, sondern auch alles
455 2963 1444 3023 spielen kann. Der Anatol des Herrn Alexander Goth
443 3011 1448 3068 würde verdienen, auch außerhalb des Landes Beachtung
448 3062 1447 3108 zu finden, so viel Neues, Charakteristisches und Geistvolles
448 3104 1447 3153 weiß dieser vortreffliche Künstler der Gestalt Schnitzlers
448 3152 1444 3200 abzugewinnen, besonders in den Einaktern „Weihnachts¬
448 3200 1447 3255 einkäufe und „Anatol am Hochzeitsmorgen". Das erst¬
443 3244 1447 3302 erwähnte Stück ist übrigens so vortrefflich ausgestattet
451 3297 1448 3356 und inszeniert, daß man sich ganz nach Wien versetzt
443 3345 1443 3393 wähnt. Die Damen Toth, Baihory, Forrai,
446 3384 1448 3443 Nagy und Frau Goth sind durchweg echt
443 3429 1447 3494 Schnitzlersche Figuren, am besten wohl Fräulein Forrai
443 3479 1440 3538 im „Abschiedssouper". Ich erinnere mich kaum an eine
452 3526 1448 3579 Premiere im Ungarischen Theater, die so eingeschlagen
387 3574 875 3664 hätte wie der „Anatol".
1919 1111 2208 1210 Wenden!
2438 1136 2769 1233 Telephon 1891.
2653 1229 2772 1310 6
1902 1220 2701 1355 „DLERVER
1970 1333 2703 1402 I. österr. behördl. konz. Unternehmen
1898 1370 2765 1466 für Zeitungs-Ausschnitte und Bibliographien
1940 1427 2732 1530 Wien, I. Concordiaplatz 4
2168 1508 2510 1583 Vertretungen
1902 1545 2752 1628 in Berlin, Budapest, Chicago, Christiania, Genf,
1903 1597 2754 1668 Kopenhagen, London, Madrid, Mailand, Minne¬
1902 1637 2762 1726 apolis, New-York, Paris, Rom, San Francisco,
2091 1673 2560 1746 Stockholm, St. Petersburg.
2104 1722 2560 1813 Quellenangabe ohne Gewähr.)
1895 1785 2245 1870 Ausschnitt aus:
2245 1859 2333 1944 Est
2361 1861 2612 1968 Budapest
1897 1907 2026 1967 vom
1940 1995 2716 2109 Schnitzler nördl. Schnitzler Artur
1983 2076 2721 2136 Anatole cimi vigjätök-ciklusa z
1978 2135 2719 2192 iden nagy sikerrel kerilt bemutatóra
1979 2184 2717 2253 a Magyar Szinházban. A darab ma-
1980 2238 2717 2304 gyar forditása utób könyvalakan
1978 2282 2719 2358 is megjelent, — a Modern Könytär
1983 2338 2728 2410 cimi fizetes vallalat adta ki, még
1980 2397 2721 2459 pedig, mint most kitudodik, a szero
1980 2453 2721 2511 tudia es beleegyez se nelkul. Az illus¬
1978 2500 2721 2559 tris bécsi irot ez az eljárás mélan
1980 2555 2728 2613 háboritotta fel, és czert megbizott
1978 2613 2716 2675 egy továrosi ügyvédet, hogy Mo¬
1978 2668 2719 2732 dern Könytár cim vállalatot po-
1975 2719 2709 2770 roje be. Ugy latzik, ez a fuetes valla¬
1974 2778 2709 2842 lata kõnadásának mojaban nem¬
1978 2825 2709 2893 csak modern, de ultramodern. Csak a
1975 2870 2721 2943 mina adtunk rola hirt, hogy Karin
1976 2939 2716 3003 Michaelis, azismert nevu dán iron
1971 2990 2719 3055 beporte a vallaltot »Veszedelmes
1971 3036 2721 3111 életkor cimi regénynek illetékte¬
1978 3096 2715 3161 len es jogositatian leforditsa és ki¬
1970 3140 2716 3201 adasa matt, most pedig Schnitzler
1971 3193 2716 3272 Artur kentelen ugyancsak por ut¬
1980 3243 2725 3344 jan megvédelmezi az 6 roi jogait
