3296 4224
141 100 1082 153 die Benefizianten, teils aus anderen Rücksichten
153 149 1088 211 sich veranlaßt sieht, ein Gastspiel Prager Künstler,
141 201 1082 255 deren Namen weder ein Programm bedeuten, noch
145 245 1090 304 eine außerordentliche Kunstleistung verbürgen, dazu
141 300 1082 360 eine absterbende Saison knapp vor der Osterwoche
189 347 1084 409 und dennoch ein volles, erwartungsvoll gestimm¬
145 396 1085 453 tes Haus dessen Anblick ein sichtliches Interesse für
148 447 1082 500 die Sache verrät! Das ist wohl alles auf das
141 489 1088 561 Konto Schnitzler's zu buchen, des Dichters, der den
148 545 1093 602 intimen Reiz der Dinge und Personen, die er
145 594 1090 647 dem Leben entnimmt, um sie dramatisch zu ver¬
141 641 1093 703 werten oder, besser gesagt, in ihrem eigentlichen
151 694 1085 753 Wesen in das Drama einzuführen und hier bild¬
148 744 1093 799 nerisch zu gestalten, durch den Glanz des feinge¬
156 796 1082 852 schlissenen Dialogs erhöht. Aus dem Anatol¬
146 834 1084 903 Zyklus von dessen fünf Bühnensstücken Donnerstag
145 889 1085 956 zum erstenmal an unserem Theater vier aneinander¬
145 943 1082 1005 gereiht über die Szene gingen, war hier bisher nur
141 991 1094 1042 „Abschiedssouper" gegeben worden, und es ist viel¬
151 1045 1082 1098 leicht bezeichnend für die Darstellung, daß gerade
148 1095 1082 1144 dieses am vorgestrigen Gastspielabende an zweiter
153 1140 1088 1197 Stelle gegebene Stück die stärkste Wirkung erzielte
151 1189 1088 1247 und gewissermaßen erst bewirkte, daß die vorher
151 1242 1085 1302 noch erwartungsvolle Spannung im Publikum einer
148 1286 1088 1339 wärmeren Stimmung Platz machte. Frl. Me¬
141 1335 1085 1389 delsky gab die Annie mit einem Humor, der die
148 1385 1088 1444 naive Unbekümmertheit des „füßen Mädels" am
148 1435 1088 1493 eine ernstere Lebensauffassung nicht aus der derben
148 1487 1088 1543 Urwüchsigkeit des Naturells herausströmen, sondern
156 1541 1087 1591 in einer kultivierten, verfeinerten Form erstehen
148 1590 1088 1647 ließ, die mit einer großen Natürlichkeit das rein
153 1627 1088 1698 technische Moment glücklich vereinigte. In dieser
153 1682 1088 1735 Beziehung war der allmählich, deutlich sichtbare
148 1732 1088 1805 Übergang von Annies Stimmung in die Region
148 1779 1093 1842 der „Beschwipstheit besonders bemerkenswert. In
148 1837 1118 1898 „Anatols Hochzeitsmorgen geb. Frl. Medelsky
146 1885 1084 1938 die Ilona mit starker realistischer Betonung und
151 1931 978 1993 der Kraft eines leidenschaftlichen Talentes.
156 1981 1110 2042 Glasel war in „Episode" als Zirkusreiterin
132 2083 1080 2164 Bianca besonders gut. Gartenschauliche
141 2164 1075 2215 sowohl den Gegensatz der Anschauungen zwischen
129 2205 1081 2267 dieser „Bibi und allen ihrer Genossinnen und dem
135 2257 1077 2318 lebensfrohen und doch schwärmerischen Anatol sehr
132 2305 1081 2364 treffend; noch besser kam ihre schöne Begabung in
138 2351 1077 2407 dem sinnigen Ausdruck zur Geltung, den ihre Miene
138 2402 1077 2465 und ihre Worte bei den Reminiscenzen verriet, die
141 2449 1085 2521 Max von ihrem Petersburger Aufenthalt bei ihr
143 2503 1085 2558 erweckt. Wenn wir auf die eigentlichen Träger
135 2548 1080 2608 des Anatol-Zyfus, den Vertretern des Anatol und
133 2597 1082 2655 Max, erst in zweiter Reihe zu sprechen kommen, so
135 2648 1080 2714 mag dies seine Begründung darin finden, weil wir
138 2698 1077 2763 deren Darstellung auch nach dieser Rangfolge be¬
141 2743 1093 2804 urteilen möchten. Herr Tiller vermittelte die
138 2792 1087 2859 Worte des Dichters mit dem vollsten Verständnis
141 2849 1090 2906 ihres Inhaltes, wodurch der Darsteller om sicher¬
148 2902 1087 2958 sten den Weg zu jenem des Hörers findet, aber
151 2943 1082 3007 sein Anatol ist mehr Philosoph als Lebensgenießer,
135 2995 1088 3060 die behagliche, beinahe phlegmatische Breite, die sich
151 3044 1082 3104 in Herrn Tillers Spiel offenbart, paßt nicht
145 3090 1085 3154 so recht zu dem im Grunde doch heiteren Charakter
143 3141 1085 3203 des Anatol. Herr Huttig war in seiner ruhigen
141 3194 1085 3262 Überlegenheit sehr wirksam. Zuerst war der Ton¬
146 3242 1085 3306 fall seiner Rede ein wenig befremdend, aber später,
148 3293 1085 3355 als dieselbe die leichte Färbung des Wienerischen
145 3338 1085 3405 zeigte, war diese nicht recht goutierbare Sprachweise
141 3391 1085 3445 verschwunden und die Darstellung hielt sich auf be¬
141 3441 1093 3494 deutender Höhe. Sie blieb auch, auf den Kern des
145 3488 1085 3549 Wesens der zu verkörpernden Figur gerichtet, ein¬
145 3538 1085 3606 heitlich den ganzen Abend hindurch. Die Darsteller
148 3589 1087 3656 wurden von dem sehr zahlreich anwesenden Publi¬
145 3637 1091 3696 kum mit lebhaftem Beifall bedacht. Die Regie, für
148 3692 1087 3751 die Herr Dr. Paul Eger zeichnete, führte den
148 3742 1087 3804 Zuschauern in jedem Stücke ein Bild von ebenso
153 3782 1088 3857 geschmackvoller Inszenierungskunst, als intimer
151 3847 411 3924 Wirkung vor.
2621 152 2971 239 box 8/6
2287 152 2380 235 1
1508 151 2380 265 4.9. Anatol - Zy
2466 649 2817 738 Telephon 12.801.
1920 705 2516 893 OBSERVE
1759 870 2816 952 1. österr. beh. konz. Unternehmen für Zeitungs¬
1971 923 2607 992 Ausschnitte und Bibliographie.
1938 959 2662 1060 Wien, I., Concordiaplatz 4.
2159 1039 2437 1120 Vertretungen
1769 1077 2824 1160 in Berlin, Brüssel, Budapest, Chicago, Cleveland, Christiania,
1771 1133 2823 1187 Genf, Kopenhagen, London, Madrid, Mailand, Minneapolis,
1776 1173 2824 1259 New-York, Paris, Rom, San Francisco, Stockholm, St. Peters¬
2159 1220 2430 1277 burg, Toronto.
2115 1253 2490 1326 (Quellenangabe ohne Gewähr.)
1772 1306 2133 1405 Ausschnitt aus:
2446 1378 2555 1427 Mor¬
2136 1363 2744 1484 Deutsche Zeitung, leh-Schönau
1785 1441 2036 1498 vom
1977 1603 2612 1752 Theater und Kunst.
2188 1756 2360 1825 Anatol.
1848 1808 2813 1891 Vier Gäste aus Prag vermittelten uns den
1752 1862 2807 1957 Genuß von vier Einaktern aus Schnitzlers. Zyk¬
1752 1915 2802 1993 lus „Anatol“. Auf die Erzielung charakteristischer
1756 1969 2806 2059 Innenräume durch Verkleinerung der Bühne hatte
1746 2007 2803 2099 man nicht hingearbeitet. Doch wurde durch ge¬
1755 2062 2803 2142 schmackvolle Verteilung des Mobiliars und durch
1753 2121 2803 2189 gedämpfte Beleuchtung die Einfühlungsmöglichkeit
1748 2166 2802 2248 so weit gegeben, daß die intime Wirkung nicht
1739 2218 2797 2303 ausblieb. Und die Darsteller taten das ihrige, um
1749 2254 2793 2341 den Rahmen dieser Stimmungsbilder nicht zu
1742 2314 2793 2391 sprengen. Wir haben nicht Dramen mit äußer¬
1739 2357 2790 2437 licher Handlung vor uns, sondern Situationen,
1742 2406 2787 2480 deren Stimmungsgehalt vom Dichter bis zur
1739 2453 2796 2526 Neige ausgekostet wird. Am reinsten tritt dies in
1736 2499 2790 2585 der „Episode hervor. Schnitzler vereinigt in sich
1735 2546 2789 2631 den durchdringenden Späherblick des Arztes mit
1738 2597 2781 2671 dem höchst kultivierten künstlerischen Empfinden
1731 2648 2786 2720 des Stimmungsmenschen. Diese Züge des Dich¬
1738 2694 2792 2777 ters leben in Anatols Gestalt auf. Eine andere
1733 2733 2783 2817 Seite seines Inneren, die unausgesetzt wache
1736 2793 2784 2875 Selbstbeobachtung, die mit einem stillen Lächeln
1731 2846 2783 2923 Kritik übt, ist zum Teil in Max verkörpert. Die
1729 2899 2773 2972 Frauen dieser Stimmungsbilder sind durchwegs
1729 2939 2776 3022 typische Wiener süße Mädels, mögen sie dieser oder
1736 2984 2769 3074 jener Gesellschaftsschichte entnommen sein und
1729 3042 2658 3110 demgemäß in verschiedenen Farben schillern.
1817 3093 2619 3166 In der „Frage an das Schicksa
1716 3098 2865 3216 det Anatol nicht den Mut, sein Liebchen Cora, das ma
1725 3180 2766 3255 er in Hypnose versetzt hat, zu fragen, ob sie ihm
1726 3223 2779 3325 treu sei. Er zieht es vor, sie mit Zweifeln um
1735 3292 2751 3379 erzen zu lieben, und erweckt sie. Im „Ab¬
1743 3371 2760 3414 chiedssouper gibt nicht Anatol seiner An¬
1738 3417 2757 3484 ie den beabsichtigten Abschied, sondern er selbst
1733 3461 2753 3533 wird verabschiedet. Am flüchtigsten huscht die
1729 3513 2754 3569 Episode“ an uns vorbei, ein Schmetterling.
1718 3564 2756 3619 Anatol muß erkennen, daß die Liebesstunden mit
1718 3602 2761 3669 Bianca, die ihm nur Episode geblieben waren,
1716 3649 2766 3739 auch für die Frau nur die Bedeutung eines verges¬
1720 3701 2759 3761 senen Intermezzos haben. Die heikle Situation
1708 3754 2753 3814 in „Anatols Hochzeitsmorgen" wird
1702 3797 2754 3868 durch die sehr behutsame Dichterhand für die
1703 3854 2754 3916 Szene gerettet. Der Held wird uns nach einer
1698 3888 2754 3961 durchtollten Nacht gezeigt, nach der Nacht, die sei¬
1702 3949 2751 4003 nem Hochzeitsmorgen vorangeht. Es bleibt der
1706 3994 2753 4053 Stachel, daß einem Menschen Unrecht geschieht.
1702 4046 2757 4103 Die Wirkung ist nicht so ungetrübt wie bei den
1698 4088 2740 4154 drei anderen Einaktern, die reine Freude über
