3248 4224
1223 97 2084 134 Wien machten
415 74 1188 156 Der 1. Naternabend des Wiener Männer
1224 125 1400 197 bedürfen!
330 143 1188 184 gesangvereines findet Donnerstag, den 4. d.
332 178 1193 224 zugunsten der „Winterhilfe“ in den Sophiensälen
1309 157 2082 225 Daß wir nicht vergessen. Emmerich
333 206 1197 245 statt. Gruppeneinzug um 10 Uhr, hierauf Gesang¬
1225 208 2082 259 Reimers stattete den Max mit wirksamem
327 235 1194 284 vorträge des Vereines. Ballmusik André Hummer.
1225 257 2080 307 trockenem Humor aus und brachte alle
336 267 1191 310 Jazzkapelle Fritz Recktenwald. Einladungen und Aus¬
333 300 713 341 künfte Vereinskanzlei,
1234 293 1671 359 Pointen gesund heraus.
789 303 1197 347 Canovagasse 4 (Musik¬
324 335 1193 401 vereinsgebäude) von 10 bis 7 Uhr. Telephon U 46=2=51.
1308 339 2081 397 Lustig die (von Czettel entworfenen)
413 372 1193 423 Der humanitäre Verein „Gumpendorfer
1228 378 2081 437 Kostüme der Frauen mit den hohen Frisuren
324 404 1193 456 Kinderfreunde“ veranstaltet Donnerstag, den
1223 427 2086 478 auf denen die Hüte einen Stock hoch über dem
330 446 1193 489 4. d., beim Wimberger, Neubaugürtel 34/38, seinen
1225 465 1450 524 Kopf saßen.
330 482 1197 525 43. Ballabend unter der Devise: „Jahrmarkt in
333 511 1191 552 Gumpendorf. Die Leitung liegt in den Händen
335 543 1200 598 des Vorstandes Karl Scheichenstein und des Ball¬
1306 533 2085 614 Eine kleine Bitte an den Herrn Material¬
327 577 988 629 obmannes Karl Melion. Beginn 9 Uhr.
1223 607 2084 657 verwalter: Geben Sie doch den Kavalieren,
409 612 1187 669 Der heurige Praterball findet Donnerstag
1228 645 2086 695 die auf der Bühne rauchen müssen, bessere
336 650 1191 703 den 4. d., in Steinys Saal „zum Marokkaner" statt.
333 689 1192 736 Das Ballkomitee, mit Bundesfürsorgerat Holz¬
1223 692 2090 741 Zigarren! So duftig der Dialog Schnitzlers
332 718 1191 774 dorfer an der Spitze, hat alles aufgeboten, um den
1223 738 2090 787 anmutete —, die Zigarre seines Sprechers
328 752 1188 802 Ball gemütlich zu gestalten. Sehenswert wird die
1228 778 2089 839 Anatol verjagte ihn mit ihrem Gestank! Vor
327 784 1192 833 Saaldekoration sein. Ballmusik Kapelle A. Prohaska
335 819 1193 878 und Janzband Ernst Prüller. Karten bei sämtlichen
1225 818 2082 865 etwa hundert Jahren gab man im Burg¬
336 852 963 906 Praterhüttenbesitzern und im Ballokal.
1228 865 2089 922 theater bei Ausstattungsstücken allabendlich
530 893 825 952 Katholische
858 890 1193 952 Frauenorgani¬
1228 907 2091 962 fünfzig bis sechzig alte Gulden für Wohl¬
330 915 1188 977 sation und der Katholische Männer¬
1234 940 2086 1016 gerüche aus, die man von der Bühne aus in
326 963 1194 1021 verein Neumargareten veranstalten am Fasching¬
327 996 576 1040 montag, den
694 986 1718 1044 Februar, in Weigls Alt= den Zuschauerraum blies.
330 1027 1193 1076 deutschem Saal, 12, Schönbrunnerstraße 307, einen
1300 1011 2055 1079 Aber auch im neuen Burgtheater¬
332 1063 1191 1118 Familienabend mit Tanzkränzchen. Zur Auf¬
1216 1067 2086 1127 wenn ein Ernst Hartmann (als der eleganteste
333 1097 1182 1142 führung gelangt: „So war's einmal — so ist
1216 1120 2084 1173 Esser des Burgtheaters noch heute unerreicht!)
336 1132 1188 1179 heut.“ Ein Bilderbuch in acht Bildern von J. Suchy.
330 1164 1188 1223 Tanzmusik des Jugendbundorchesters Meidling (Leitung
1225 1163 2089 1226 nach einem Souper, etwa als Prunelles in
333 1200 917 1267 Kapellmeister Katt). Beginn 8 Uhr.
1216 1209 2098 1263 „Cyprienne", eine Zigarre zu rauchen begann
1216 1248 2091 1298 und die blauen Wölkchen nach und nach ins
1225 1288 2093 1343 Parkett drangen —, da schnupperten alle
326 1251 1182 1401 Theater und Kunst
1223 1336 2084 1389 Herren, ja auch die Damen das wundervolle
1216 1380 1999 1436 Aroma auf, und die Stimmung hob sich
402 1382 1088 1504 Akademietheater.
1306 1423 2077 1477 Wie gesagt, Anatol ist ein Hausherrn¬
1223 1460 2077 1514 sohn aus den neunziger Jahren —, als es den
448 1468 1071 1532 Der Anatol=Zyklus mit Aslan.
1221 1510 2080 1564 Papas dieser jungen Herren noch glänzend
402 1527 1182 1590 Wohl manchem Theaterfreund, der ver¬
1216 1552 2077 1605 ging. Schon deshalb muß der Regisseur die
321 1573 1179 1629 nahm, bei der Erstaufführung dieses wiene
1223 1592 2077 1652 Rolle der Zigarre, die Anatol rauchen soll,
321 1616 1189 1676 rischen Meisterwerkes unsres jungen Schnitzler
1223 1639 2078 1698 zum mindesten mit einer Upman Flor besetzen.
321 1666 1191 1728 würden an die entzückenden Einleitungsverse
1902 1677 2059 1753 J. St.
330 1712 1200 1762 gesprochen werden, die ein noch Jüngerer,
321 1753 1191 1810 der Gymnasiast Hugo v. Hofmannsthal zur
1923 1755 2119 1843 1
323 1791 870 1854 Dichtung seines „größeren
906 1795 1193 1857 Freundes ge¬
332 1838 1193 1903 schrieben — wohl manchem Theaterfreund
327 1887 1194 1942 dürfte da eine Vision erstanden sein: In einem
321 1921 1188 1980 Alt=Wiener Großvaterfauteuil sah er die be¬
321 1969 1186 2026 wundernswerteste Greisin Wiens, Arte
319 2017 1191 2084 Wilbrandt, sitzen, nachdenklich in alte märi¬
328 2055 1191 2113 hafte Zeiten zurückblickend, den Fraum
324 2099 1189 2176 Rokoko träumend: „Hohe Gitter, Taxushn
360 2146 1062 2201 Wappen nimmer hy vergoldet...
399 2186 1184 2250 So immer tiefer Wundertage tauchend,
319 2231 1184 2296 deren Sonne auch der Greisin nie geschienen,
323 2278 1192 2338 ruft nur der Duft hochgestielter, weißer
310 2328 1188 2379 Ne die ihr zu einem Strauß gewunden
390 2356 1188 2413 Schoße liegen, in die Stunde des Erlebens
321 2413 1184 2469 zurück. Und sie verläßt das Idyll, erhebt sich
316 2458 1179 2504 vom Stuhl und zieht sich zurück, um der neuen
324 2495 1179 2549 Generation Platz zu machen: Anatol und
324 2537 791 2612 seinen Freundinnen.
393 2611 1182 2703 Diese Vision hat sich bei der Erstauf¬
327 2684 1179 2740 führung des Anatol=Zyklus nicht erfüllt. Aslan
324 2738 1182 2788 sprach diese Verse. Er sprach sie träumend und
318 2776 1186 2845 weltentrückt. Nur hätte man manchmal dem
318 2821 866 2886 Hauch mehr Ton gewünscht.
399 2849 1179 2919 Es ist gewiß bedauerlich, daß die
319 2899 1184 2965 Direktion dem Abschiedsgesuch des jungen
316 2955 1182 3000 Herrn Albach so rasch Folge gegeben hat. Aber
308 3001 1189 3053 wer weiß, ob er der richtige Anatol gewesen
324 3040 1175 3089 wäre. Einer der geistvollsten Kenner
317 3083 1182 3136 Schnitzlers, Raoul Auernheimer, hat den
312 3117 1175 3176 Anatol einmal einen Wiener Hausherrnsohn
314 3172 1179 3218 genannt. Damit hat er wohl nur die an¬
318 3204 1182 3260 genehmen sozialen Verhältnisse des Lebe¬
318 3249 1179 3297 jünglings kennzeichnen wollen. Dieses Haus¬
318 3293 1179 3334 herrliche, Vorstadtwienerische wäre bei Herrn
318 3333 1028 3379 Albach glänzend aufgehoben gewesen.
399 3357 1173 3424 Es fehlt Raoul Aslan gänzlich. Sein
316 3419 1174 3471 Anatol ist ein Pariser Weltmann, ein Kenner
321 3462 1177 3509 des Lebens und Genießer und eben auf dem
318 3500 1170 3551 Sprung, leiser Melancholiker zu werden. Aber
309 3546 1168 3597 man konnte bei diesem Anatol gern auf den
312 3588 1173 3636 Schimmer vom Brillantengrund verzichten.
309 3631 1173 3678 Kultur der Sprache und allerlei Feinheiten
309 3669 1173 3733 des Ausdrucks, die Aslan dem Anatol gab,
236 3696 961 3781 es und viel wertvollere Ausstattung!
1180 3696 1281 3784 schu
