3436 4352
224 206 751 279 4.9. Anatol
1350 199 1700 282 box 9/4
2139 721 2298 797 THE
1787 898 2195 996 THE PLAY
1723 973 2278 1046 By J. BROOKS ATKINSON.
1702 1073 2291 1134 Schnitzler’s Anatomy of love.
1663 1119 2332 1171 ANATOL, a play in four acts and six
1726 1167 1816 1199 nes,
1875 1165 2335 1201 thur Schnitzler; acting version
1875 1192 2311 1233 Granville-Barker, Staged
1747 1189 1842 1226 Harle
1746 1208 2308 1248 Connelly and Gabriel Beer-Hofman
1687 1243 2341 1288 settinge by Jo Mielziner; revived by Bela
1690 1269 2242 1316 Blau, Inc. At the Lyceum Theatre.
1666 1278 2323 1333 Max Walter Connol-
1672 1325 2326 1358 Anatol.Joseph Schildkraut
1666 1355 2326 1380 Hilda
1734 1377 2326 1409 ................. Anne Forres¬
1663 1404 2332 1435 Bianca Elena Miramova
1666 1429 2330 1458 Gabrielle Patricia Colinge
1669 1455 2333 1481 Walter. Oswald York
1666 1475 2326 1507 Min................... on
1669 1506 2326 1534 Franz Roger Ramsel
1657 1531 2336 1576 Lonathema Stevens
1690 1562 2335 1611 Although Arthur Schnitzler is the
1666 1607 2331 1664 author of "Anatol," which was re¬
1666 1649 2335 1709 vived at the Lyceum last evening,
1666 1689 2335 1743 he is not the source of all its love¬
1663 1735 2332 1795 liness. Belgian has mounted it
1657 1774 2336 1827 handsomery, not forgetting the Vien¬
1657 1817 2336 1863 nese waltzes and the concertina,
1657 1857 2336 1917 which is the most heartening of all
1663 1897 2332 1951 musical instruments. And Joe Mel¬
1657 1935 2332 2002 ziner has lavished upon Schnitzlers
1663 1986 2329 2030 anatomy of love some of the most
1666 2021 2335 2073 alluring settings in years magic vis¬
1666 2065 2335 2111 tas, exquisite interiors, and a spark¬
1666 2112 2332 2156 ling evening snowstorm beyond the
1666 2150 2135 2201 arch of a Vienna arcade,
1699 2180 2333 2252 With the actors, Mr. Blaus for¬
1660 2230 2341 2285 tunes have been mixed. As Anator,
1657 2276 2338 2334 Joseph Schildkraut is mechanical and
1663 2319 2332 2375 constricted in a part that should be
1663 2360 2338 2414 romantically exhilarating. He has
1666 2403 2368 2447 little of the free improvisation that is
1662 2442 2342 2490 the charm of Schnitzlers bundle of
1663 2475 2336 2514 episodes. But Walter Connolly is
1663 2506 2332 2543 quietly merry as Anatoles navish
1663 2537 2332 2582 comrade. Patricia Collinge has one
1663 2569 2332 2618 huntingly beautiful scene as the
1666 2602 2332 2650 wistful married lady who did not
1660 2632 2335 2676 succumb to Anatol. There are lively
1666 2668 2332 2704 scenes with Maria Hopins, Anne
1663 2700 2342 2740 Forrest, Elena Miramova and Ruth¬
1660 2736 2339 2771 elma Stevens, If, as a playgoer, you
1662 2768 2327 2811 are as shameless a gourmet as
1663 2797 2332 2841 Anatol, you will find enough beauty
1657 2832 2332 2870 and comedy in Mr. Blau's ravishing
1663 2872 2335 2906 production to balance the wooden¬
1663 2892 2332 2952 ness of some of the acting and some
1665 2925 2072 2985 of the duller scenes,
1693 2941 2338 3000 When Anatal was first mounted
1657 2988 2336 3030 here nearly twenty years ago with
1666 3019 2332 3062 John Barmore was reputed to be
1657 3053 2341 3093 audacious. Anatol is a sinner. But
1663 3088 2335 3125 not to Schnitzler, and hardly to the
1663 3121 2339 3168 pernicious playgoer of today, for
1663 3152 2342 3192 Anatol is a sybarite of love. He is
1666 3186 2338 3228 punctilious about the department of
1663 3222 2332 3258 conquest. He loves love. The seven
1666 3251 2332 3295 scenes in his affairs reveal his sus¬
1663 3286 2342 3318 ceptibilities is anxiety over the
1666 3319 2330 3361 fidelity of Hilda, his wounded vanity
1663 3352 2338 3388 when Bianca no longer remembers
1666 3385 2332 3423 him, his anger when he discovers one
1666 3418 2332 3452 of his trollos covering the booty of
1660 3446 2332 3493 previous amours or another planning
1663 3479 2329 3517 to supplant him with a chorus boy,
1666 3516 2332 3558 For to Schnitzler love is full of savor
1666 3550 2332 3591 and deception, honeyed tenderness
1662 3583 2332 3618 and sweet languor. None of the ho¬
1663 3612 2332 3655 blooded passion of the modern thea¬
1669 3647 2339 3687 tre bursts into his amorous ho¬
1666 3675 2341 3725 house. There is hardly a kiss visible
1663 3711 2327 3746 to the naked eye. Silken in the writ¬
1666 3743 2332 3781 ing, it is overlong in the acting. If
1665 3778 2335 3826 it were helf as long it would be twice
1666 3811 2332 3853 as good in the theatre. Certainly the
1666 3846 2335 3878 production would be brisker amuse¬
1665 3876 2338 3932 ment if a half hour were taken out
1666 3904 1780 3952 of it.
1696 3917 2335 3979 Although Mr. Schildkraut lacks
1671 3966 2341 4018 the spontaneity that Anatol needs
1671 4003 2338 4050 to keep you steadily interested in
1672 4034 2335 4081 his adventures, he has spirit enough
1672 4068 2344 4113 for the dramatic episodes. The two
1669 4099 2339 4146 lively concluding scenes are his
1659 4127 2344 4179 best. As the beratie bussy Miram
