3436 4256
1413 178 1753 277 box 9/1
301 179 1222 296 4.9. Anatol Zyklus
1576 408 1838 469 burg, der
1480 424 1970 511 (Quellenangabe ohne Gewähr.)
1434 494 2301 584 Neue Tiroler Stimmen, Innsbruck
1180 536 1587 616 Ausschnitt aus:
1469 599 1733 687 26. 1915
1191 642 1341 696 vom
1579 740 1940 837 Stadttheater.
1265 834 2276 904 „Anatol", Einakterzyklus von Arthur Schnitzler
1164 881 2301 944 Es war zum mindesten unnotwendig, uns mit die¬
1180 933 2295 986 sem Anatol auch nur teilweise bekannt zu machen.
1172 982 2301 1035 Denn abgesehen von der zweifelhaften Ehre einer
1185 1032 2301 1085 solchen Bekanntschaft fühlt jetzt wohl niemand, das
1172 1081 2301 1134 Bedürfnis in die Liebesangelegenheiten eines Lebe¬
1161 1123 2302 1194 mannes schlimmster Sorte und in das Fühlen und
1137 1168 2304 1251 Denken der Halbwelt eingeweiht zu werden. Es ge¬
1166 1232 2286 1305 hört die ganze Unverfrorenheit eines Arthur Schnitz¬
1158 1293 2288 1356 ler und der Dekadenz dazu, einer Kreatur, die ihre
1148 1341 2317 1405 Liebschaften nur unter den Verlorenen sucht und die¬
1166 1388 2291 1453 selbst an ihrem Hochzeitstage an der Seite einer Dirne
1166 1434 2286 1497 erwacht, statt der gebührenden Verachtung die be¬
1164 1468 2292 1545 lustigte Anerkennung ob der „losen Streiche" von
1166 1526 2295 1593 Seite eines Publikums erringen zu wollen, das sich
1162 1577 2288 1646 nur selbst richtet, wenn es in dem Sumpf nicht
1169 1618 2291 1691 schamrot wird. Man wird sich nach der Lektüre bezw.
1164 1679 2286 1727 nach dem Anhören der sieben Einakter vergebens fra¬
1172 1723 2288 1797 gen, welch anderer Grund den Verfasser zu dieser
1169 1778 2285 1839 Pornographie veranlaßt haben mag als eben die Freu¬
1166 1819 2298 1897 de an ihr. Kein anderer leitender Gedanke verbindet
1164 1877 2279 1934 sie als die verschiedensten Abwandlungen von Treu¬
1161 1930 2288 1979 und Ehebruch, von Dirnentum und Stimmungsduse¬
1158 1978 2285 2039 lei. Die Stimmung ist bei Anatol überhaupt die
1169 2020 2289 2078 Hauptsach Sie ersetzt ihm die Grundsätze, von denen
1169 2074 2289 2136 sich andere leiten zu lassen pflegen, und nach der
1162 2128 2283 2195 Fähigkeit, eine Stimmung mit empfinden zu kön¬
1164 2174 2288 2230 nen, beurteilt er die Menschen. In die weihevollste
1158 2214 2282 2283 Stimmung aber versetzt ihn und nach seiner Mei¬
1159 2264 2279 2337 nung auch andere eine matte Hängelampe, beson¬
1162 2310 2285 2385 ders wenn sie grün=rot schimmert. Ein sonderbarer
1158 2369 2285 2425 Herr ist dieser Anatol, nervös bis zur Gereiztheit,
1166 2414 2291 2479 hält sich für eine enorm ehrliche Natur“, da er sich
1161 2463 2282 2528 von einer lossagen will, die er nicht mehr liebt,
1161 2508 2289 2572 und nennt sich im übrigen einen leichtsinnigen Me¬
1158 2559 2285 2618 lancholiker. Die Aufführung des Werkes begegnet gro¬
1166 2604 2291 2668 ßen Schwierigkeiten. Erstens kann man kaum alle
1161 2662 2291 2723 sieben Akte auf einmal spielen und das bewirkt, daß
1158 2714 2285 2768 man noch weniger versteht, was Schnitzler eigent¬
1169 2758 2297 2818 lich sagen will. Ich konnte deshalb beim Verlassen
1158 2805 2295 2875 des Theaters mehrfach Aussprüche hören wie: „Das
1158 2859 2301 2905 war heute wieder einmal ein Blödsinn“. Dann er¬
1172 2905 2295 2968 fordern die einzelnen Akte eine Ausstattung, wie sie
1164 2953 2288 3006 unser Gerümpel nicht zu bieten vermag. Man hatte
1161 3003 2291 3057 in dieser Hinsicht zwar alles mögliche getan, aber
1161 3054 2295 3115 im zweiten Akt z. B. („Weihnachtseinkäufe nicht
1164 3102 2283 3157 zu befriedigen vermocht. Das dritte ist der Um¬
1169 3144 2289 3208 stand, daß die sogenannte Pointe immer am Schlusse
1164 3198 2288 3250 erscheint, in wenigen Worten liegt und deshalb leicht
1161 3245 2291 3304 verloren gehen kann. Tatsächlich ist sie auch im ersten
1164 3298 2283 3362 und zweiten Akt („Frage an das Schicksal und
1164 3345 2285 3409 „Weihnachtseinkäufe") zum Großteil wegen der
1158 3397 2282 3451 Husterei im Zuschauerraum halb verloren gegangen.
1164 3451 2278 3512 Die vierte Schwierigkeit liegt im Treffen der Stim¬
1158 3486 2286 3549 mung. Hier hatte Herr Heppner als Anatol das
1159 3539 2285 3593 meiste zu leisten. Es stellt seiner Begabung das glän¬
1161 3587 2291 3648 zendste Zeugnis aus, daß er bis auf den zweiten Akt
1164 3636 2288 3693 immer den richtigen Ton traf. Hier hätte er nicht
1166 3687 2286 3747 so spielend, sondern mehr werbend auftreten und die
1158 3731 2282 3792 Scheu, von „der da draußen“ zu erzählen, mehr
1164 3782 2208 3837 betonen können, dünkt mich. Den Freund Max
1169 3831 2282 3887 Lebemänner brauchen Freunde, die ihnen aus der
1161 3879 2285 3946 Patsche helfen, dafür aber heimlich mit ihnen die
1158 3929 2285 3978 Geliebten teilen — gab Herr Karma recht gut. In
1158 3977 2289 4044 der Besetzung der Damenrollen war man glücklich
1158 4027 2279 4094 gewesen. Frau Speidel hatte natürlich die schwie¬
1161 4072 2285 4130 rigste übernommen, die Gabriele im zweiten Akt.
1778 4120 2260 4206 and
1410 4128 1517 4178 a
