3436 4256
1360 188 1714 287 box 9/3
241 198 1169 294 4.9. Anatol - Zyklu-
3223 814 3322 871 Dan
1459 814 2192 882 Aber Artur ist doch Dichter geworden.
2259 800 3123 889 Lulu Thürheim“, die mich durch einige Wochen
492 807 1374 899 Wiener Theaterwoche.
2256 839 3315 910 auf das angenehmste beschäftigten. Da las ich Nichtsde
471 889 1342 946 Der „Anatole-Zyklus im Josefstädter Theater.
2259 899 3308 953 am Schlusse des dritten Bandes ein Kapitel, während
1459 907 2235 1002 Von den sieben Einaktern des „Anatol."
482 946 1363 992 „Die Frage an das Schicksal oder: Lügen Frauen
2256 949 3315 995 betitelt: „Franz Liechtenstein", das mich mit Neugierd
482 988 1356 1041 in der Hypnose? — Cora und die längst ver¬
1385 963 2235 1038 Zyklus hat mich am längsten der erste be¬
3138 988 3318 1048 eine Fra¬
2256 984 3102 1048 aller Lebhaftigkeit an die „Schicksalsfrage
606 1020 1250 1073 storbene Fürstin Therese Esterhazy.
1385 1023 3318 1077 schäftigt, die „Frage an das Schicksal". Man Artur Schnitzlers erinnerte. Ich erkannte: Er zuerst ni¬
1381 1073 3088 1144 wird sich ja so ungefähr der Handlung er¬ hatte wieder einmal — ohne es zu ihnen
3134 1069 3315 1133 darauf
556 1052 1353 1130 Montag bringt das Josefstädte
1381 1112 2235 1169 innern, die da in einen leichten Dialog ge¬
3141 1115 3322 1176 zum Sp.
2256 1112 3120 1169 ein bißchen Wirklichkeit gedichtet. Es ist aus
482 1091 1222 1169 Theater unter der Spielleitung
1247 1119 1353 1176 Paul
1378 1154 2242 1208 hüllt wird, so ungefähr wie Rosen aus Nizza
2266 1154 3325 1229 geschlossen, daß Schnitzler die Bücher der Thür= Worte de
478 1154 1140 1208 Kalbecks eine Neuaufführung
1229 1147 1349 1225 chnitz
1271 1200 2235 1254 das die wir in Samt gehüllt des Winters emp¬
2263 1200 3311 1247 heim kannte. Denn die Gräfin ist in den sie die 2
482 1208 1055 1271 lerschen „Anatol=Zyklus.
1381 1232 2245 1293 fangen. Anatol ist wieder einmal verliebt und
2270 1239 3322 1289 sechziger Jahren gestorben und hatte verfügt, einer Un
489 1247 1133 1300 Jugendwerk des Dichters. Ein
1236 1243 1349 1303 Wien
1374 1285 3318 1335 wieder einmal ein bißchen melancholisch. Denn daß ihre französisch geschriebenen Memoiren konnte si
485 1285 1137 1353 zieht an uns vorüber, ein junge
1197 1289 1353 1353 n dessen
2635 1328 2720 1392 und
1378 1324 2536 1370 er weiß nicht, ob seine Cora ihm treu ist, das geheimgehalten
2808 1332 2900 1381 erst
3141 1328 3322 1392 mehr er¬
2985 1332 3116 1381 fünfzig
485 1335 1137 1392 Freude ein Tropfen Melancholie
1193 1332 1349 1392 len ist
1385 1367 2235 1416 reizende, liebe Wiener Frühlingsgeschöpf!
2263 1346 3120 1438 Jahre nach ihrem Tode herausgegeben
3223 1363 3318 1438 Epä
478 1370 1130 1420 der sie so eigentlich adelt. Anatol
1254 1370 1346 1434 sein
3148 1399 3322 1466 jenen Ta¬
485 1406 3120 1463 Freunde und Freundinnen, es sind Wiener und bringt ihn sein Freund Max auf den Ge- werden dürfen. Was die Familie auch
1374 1448 2238 1501 danken, eines Mittels der Mode sich zu be¬
2263 1455 3322 1501 getreulich hielt. Doch nach Ablauf dieser Frist der Fürst
482 1466 1349 1509 Wienerinnen, aber so ganz andere als uns die
2263 1498 3322 1548 kam der Weltkrieg, so konnten die Lebens gefragt
482 1494 2238 1548 berufswienerischen Schriftsteller des Josef¬ dienen, der Hypnose, um die Wahrheit zu er¬
2263 1530 3325 1594 erinnerungen erst nach dem Umsturz erscheinen, wissen he
1388 1537 2238 1583 fahren. Das Gespräch zwischen den beiden
492 1540 1356 1597 städter Lokalbezirkes gezeigt hatten. Wiener
2337 1583 3318 1647 Was erzählt nun die Gräfin in diesem magnetis
478 1579 2235 1629 die den Smoking mit Anstand tragen, Wiener Freunden spielt sich in Anatols Wohnung ab
1381 1618 3308 1671 Da tritt Cora plötzlich ein. Max bringt das Kapitel: Dieser Franzi Prinz Liechtenstein Lachen
482 1629 1353 1703 Frauen und Mädchen, nicht nur bezaubernd
1381 1664 3120 1714 Gespräch auf die Hypnose, und das Mädchen war ein kreuzbraver junger Offizier, wahn
3148 1668 3322 1735 ganz gut
485 1675 1353 1742 schön, sondern auch gebildet, und doch in ihren
2273 1707 3120 1771 sinnig verliebt in die Fürstin Therese Ester
478 1703 2245 1764 Neigungen so unbedenklich, so wahrhaftig verlangt sofort, hypnotisiert zu werden, weil
3145 1732 3322 1806 Herr M.
1378 1742 3120 1802 es sich das „sehr hübsch vorstellt. Cora wird hazy, selbstverständlich eine verheiratete Frau
478 1764 1353 1806 wie das Wiener Vorstadtmädel eines Anton
1374 1792 2238 1838 also eingeschläfert. Anatol schärft der Ge¬
2263 1785 3322 1834 Sie hatte den denkbar schlechtesten Ruf, Aber Jahrhun
482 1795 1346 1856 Langer oder O. F. Berg. Das ist, was imme
3148 1827 3300 1887 Worte
2270 1834 3123 1884 Franzi hoffte sie zur Tugend zu führen, da¬
478 1827 2245 1898 gleich bleibt in allen Wiener Frauengene liebten sofort ein, nur die Wahrheit zu sagen
1441 1873 3315 1951 in allem — und Cora verspricht's. Nun heißt nämlich, daß sie ihren fürstlichen Gatten in der
482 1887 1353 1930 rationen. Doch was das eigentlich Künstle¬
2266 1919 3130 1980 nur mit ihm betrüge. Eines Nachts wird der
1378 1919 2245 1972 stellt Anatol die erste verfängliche Frage¬
482 1930 1353 1976 rische dieses Zyklus, und das unnachahmlich
2273 1958 3123 2019 Fürstin in Gegenwart des Geliebten furchtba¬
1385 1958 2249 2019 „Wie alt bist Du?" — „21 Jahr!" antwortet
478 1972 1349 2019 Persönliche bedeutet, das ist der feine, dunkle
3230 1965 3322 2029 Wol
2266 2011 3123 2054 übel. Schon will er die Glocke ziehen, un
1381 2004 1661 2075 die Schlafende
478 2015 1353 2068 glitzernde, geheimnisvolle Florvorhang, der
3148 1997 3329 2079 Schnitzler
2263 2043 3120 2107 Hilfe herbeizurufen, doch sie erklärt, sie stürbe
478 2054 1349 2107 uns von Anatol und seiner Gesellschaft trennt
1463 2036 2238 2111 Es war die erste Wahrheit! Denn bisnun
3141 2061 3322 2114 nicht er
2263 2089 3116 2135 überraschte ein Dritter sie beide in solch näch¬
489 2096 1353 2167 so daß wir nie wissen: leben diese Gestalten
3148 2104 3315 2171 Wachhyt
1374 2086 2242 2174 hatte Cora immer nur gesagt, sie sei Neun¬
2263 2128 3127 2181 licher Stunde. In ihrer Verzweiflung legt sie
482 2135 1349 2188 oder sind es nur Gespenster von Fleisch und
1374 2142 2242 2213 zehn! Nun drängt Max seinen Freund, die
3148 2150 3322 2199 Geständ¬
2266 2174 3123 2224 plötzlich seine Hand auf ihr Herz und beschwör
482 2185 2181 2231 Blut, die unsere Sprache sprechen? Dieser eigentliche Frage zu stellen, die Anatol
3152 2196 3325 2245 zuzauber
2270 2220 3120 2273 ihn, ihr den Schmerz durch sanfte Striche weg
489 2220 1353 2277 Flor, den der Dichter über sein Jünglings¬
1385 2224 2235 2281 schwermütig gemacht hatte, die Frage: „Cor¬
3145 2235 3325 2288 Atem. T
478 2259 3130 2323 werk hat herabgehen lassen — er ist heute noch bist Du mir auch immer treu gewesen?" Doch zumagnetisieren. Damals (1827) war ja der
3148 2273 3329 2341 des Stück
485 2302 2844 2358 nicht aufgezogen. Und wir sehen auch fast Anatol findet diese Frage plötzlich doch zu Mesmerismus gang und gäbe,
3152 2312 3293 2369 schwach
2341 2327 3127 2401 In der Tat: Die schmerzhaften Krämpfe
478 2348 1353 2405 alle späteren Helden der Gesellschaftsdrame
3159 2362 3297 2412 schauen
1378 2348 2242 2408 brutal. Er hat offenbar Furcht, die Wahrhei
478 2394 1353 2443 und der Romane Schnitzlers nur immer hinter
2270 2376 3329 2451 schwanden, zugleich verfiel die schöne Frau in verlieren
1381 2397 2245 2447 zu erfahren. Er findet plötzlich, es sei unedel
478 2433 3318 2486 diesem mysteriösen Gewebe von Gaze, so daß die Vorteile einer solchen Situation auf diese einen somnambulen Zustand, in dem sie er auch
482 2475 3329 2536 alles in andere Sphären entrückt scheint, Art auszunützen. Max erwidert überrascht, plötzlich über metaphysische und rein religiöse das schick
482 2521 1353 2571 alles in jenen Höhen schwebt, wo Tag und
1381 2521 3123 2582 „Wie? Nun könntest Du die Wahrheit er¬ Fragen zu schwärmen begann. Seither be¬
3148 2532 3329 2596 Lippen
2263 2560 3130 2610 diente sich die Fürstin des öftern bei ihren
478 2567 1360 2610 Nacht, Wirklichkeit und Traum, einander um¬
3230 2567 3322 2621 Abe
1385 2564 2238 2617 fahren über die Treue der Geliebten. Dies
2270 2606 3123 2674 schmerzhaften Anfällen der magnetischen Hilf
475 2621 2245 2681 armen, ineinander verschwimmen. Nichts Wahrheit liegt auf dem Boden vor Dir und
3148 2599 3325 2674 träumeri
2263 2642 3127 2698 ihres Freundes. Schließlich wurde aber auch
485 2645 1356 2709 zauberhafter als der Florvorhang, den ein
3148 2656 3269 2709 Geist,
1381 2652 2050 2716 Du fürchtest Dich, sie aufzuheben
482 2688 1353 2741 Künstler mit seinen traumhaften Händen
2263 2691 3322 2741 der Arzt ins Vertrauen gezogen. Der Doktor Mittel
1459 2691 2235 2762 Nun schämt sich Anatol seiner Feighei¬
489 2730 1353 2780 spannt. Und wenn wir lange durchblicken und
2266 2741 3329 2791 empfahl dem jungen Magnetiseur, den Zustand verwende
1378 2752 2245 2805 Ja, er will die Frage stellen, aber nur, wenn
482 2780 1353 2829 die Bilder Anatols und seiner Freunde, und
2266 2780 3300 2829 der Trance (eine Art Verzückung) bei der Stückes
1381 2801 2249 2847 Max aus dem Zimmer geht. Denn wenn Cor¬
2277 2819 3123 2879 Fürstin nicht zu weit zu treiben und sie nich
489 2815 1353 2872 Hofrichters, und des jungen Medardus schließ
3148 2815 3322 2879 ist vor
1385 2840 2242 2893 die Treue verneint, so will er das Furchtbar
485 2861 1353 2914 lich zu verblassen beginnen, dann steht au
3148 2868 3325 2922 anderen
1378 2858 3127 2964 allein hören. Unglücklich sein, sei erst das halbe über Dinge zu befragen, die sie allzu sehr auf
489 2907 1356 2957 einmal die Gestalt Artur Schnitzlers vor uns
2266 2900 3325 2953 regen könnten. Denn ein solcher Zustand könne tigen Fr.
1385 2925 2079 2982 Unglück, bedauert werden, das ganze.
2273 2946 2571 3014 Gefahr bringen!
3148 2950 3329 3003 aber viel
492 2939 1356 3017 Denn auch er, der Dichter, ist stets hinter dem
1466 2960 2242 3035 Der Freund verläßt also de. Zimmer
489 2989 776 3070 Flor geblieben.
2344 2968 3300 3045 Die Gräfin Thürheint unterbricht hier Ebenso
1374 3017 2249 3074 Anatol betrachtet die schlafende Geliebte mi¬
3152 3031 3329 3088 schlagene
2266 3031 3123 3113 ihren streng sachlichen Bericht durch eine per
1381 3063 2245 3123 Angst und mit Bewunderung. Endlich wir
3155 3077 3332 3134 Phantasi
2277 3084 3123 3134 sönliche Bemerkung. Diese liebenswürdig
570 3074 1363 3148 Der „Anatolzyklus hätte dem junger
1388 3109 2245 3162 er entschlossen und — erweckt Cora und küß
3148 3116 3325 3177 daß sie
2281 3127 3127 3177 seine Dame, die inmitten der von ihr so tie
485 3138 1367 3205 Artur Schnitzler leicht verhängnisvoll werden
1392 3152 2249 3205 sie! Und als der Freund gleich darauf eintritt
2277 3155 3329 3215 bedauerten sittlichen Fäulnis des österreichi¬ guten F.
489 3180 1360 3233 können. Denn der Vater, Regierungsrat Doktor
1381 3198 2249 3244 weiß er, Anatol habe es nicht gewagt, die
2270 3205 3329 3290 schen Hochadels reinen, unschuldsvollen Geistes mehr an
485 3226 1360 3272 Schnitzler, hatte seinem Freunde Adol
1392 3240 2249 3297 Frage an das Schicksal zu stellen. Uebrigen¬
3240 3240 3329 3293 Wa¬
2277 3258 3134 3308 geblieben war, gibt da ihrer Vermutung
492 3261 1356 3318 Sonnenthal, damals Leiter des Burgtheaters
3230 3286 3332 3346 Ma¬
1392 3297 3141 3375 ist er überzeugt: die Frauen lügen auch in der Raum, diese Warnung des Arztes sei von
489 3308 1356 3357 das Anatol=Manuskript zur Prüfung über
1392 3322 1565 3396 Hypnose.
2263 3322 3332 3382 Therese Esterhazy ausgegangen, die sich nicht geht: An
485 3346 1367 3396 lassen. Je nach seinem Urteil sollte Artur ent¬
3155 3371 3329 3431 und Pri
2270 3378 3134 3439 habe der Gefahr aussetzen wollen, als Som¬
485 3385 1360 3439 weder Mediziner oder Dichter werden. Wie da¬
1466 3417 3329 3506 Vor drei Jahren ungefähr stieß ich auf die nambule ihre Liebesabenteuer auszu¬
492 3414 2589 3566 Urteil Meister Sonnenhals über den Anal eine Lebenserinnerungen der Gräfin Ander¬
489 3470 1023 3552 lautete? „Völlig talents
