<?xml version="1.0" encoding="UTF-8" standalone="yes"?>
<PcGts xmlns="http://schema.primaresearch.org/PAGE/gts/pagecontent/2013-07-15" xmlns:xsi="http://www.w3.org/2001/XMLSchema-instance" xsi:schemaLocation="http://schema.primaresearch.org/PAGE/gts/pagecontent/2013-07-15 http://schema.primaresearch.org/PAGE/gts/pagecontent/2013-07-15/pagecontent.xsd">
    <Metadata>
        <Creator>prov=READ-COOP:name=PyLaia@TranskribusPlatform:version=2.12.1:model_id=39995:lm=provided:date=29_03_2024_01:46</Creator>
        <Created>2019-10-07T11:49:31.192+02:00</Created>
        <LastChange>2024-03-29T01:46:39.661+01:00</LastChange>
        <TranskribusMetadata docId="223994" pageId="9504252" pageNr="60" tsid="156430098" status="IN_PROGRESS" userId="40391" imgUrl="https://files.transkribus.eu/Get?id=GGLBQNMEDOBXYBWMNLDHHAJK&amp;fileType=view" xmlUrl="https://files.transkribus.eu/Get?id=XKMPCGEJCMSKKWMRDZHUUEXP" imageId="6194466"/>
    </Metadata>
    <Page imageFilename="223994_0060.jpeg" imageWidth="3436" imageHeight="4224">
        <ReadingOrder>
            <OrderedGroup id="ro_1712662513950" caption="Regions reading order">
                <RegionRefIndexed index="0" regionRef="tr_1"/>
            </OrderedGroup>
        </ReadingOrder>
        <TextRegion orientation="0.0" id="tr_1" custom="readingOrder {index:0;}">
            <Coords points="247,198 247,3169 3295,3169 3295,198"/>
            <TextLine id="tr_1_tl_1" custom="readingOrder {index:0;}">
                <Coords points="1349,248 1410,241 1425,252 1475,237 1525,255 1543,237 1594,237 1622,259 1662,237 1709,245 1709,151 1619,176 1597,158 1551,187 1457,180 1428,151 1349,155"/>
                <Baseline points="1370,226 1396,226 1423,226 1450,226 1477,226 1504,226 1531,226 1557,226 1584,226 1611,224 1638,223 1665,223 1692,222 1719,220"/>
                <TextEquiv>
                    <Unicode>box 8/5</Unicode>
                </TextEquiv>
            </TextLine>
            <TextLine id="tr_1_tl_2" custom="readingOrder {index:1;}">
                <Coords points="227,245 281,248 327,277 353,273 367,259 417,270 486,252 486,194 432,201 371,165 331,194 259,169 241,187 223,187"/>
                <Baseline points="247,232 274,236 302,237 329,236 357,235 384,235 412,237 439,239 467,241 495,242"/>
                <TextEquiv>
                    <Unicode>4.9.</Unicode>
                </TextEquiv>
            </TextLine>
            <TextLine id="tr_1_tl_3" custom="readingOrder {index:2;}">
                <Coords points="669,273 1097,270 1097,173 917,173 863,194 773,173 734,173 712,191 669,176"/>
                <Baseline points="689,241 714,240 740,238 766,241 792,245 818,248 844,250 870,250 896,246 921,241 947,241 973,241 999,241 1025,241 1051,241 1077,241 1103,240"/>
                <TextEquiv>
                    <Unicode>1 - Zykl</Unicode>
                </TextEquiv>
            </TextLine>
            <TextLine id="tr_1_tl_4" custom="readingOrder {index:3;}">
                <Coords points="522,277 540,277 550,266 561,266 572,277 579,277 590,266 597,270 619,270 619,191 597,191 590,187 568,194 554,180 522,180"/>
                <Baseline points="541,243 569,244 597,244 626,244"/>
                <TextEquiv>
                    <Unicode></Unicode>
                </TextEquiv>
            </TextLine>
            <TextLine id="tr_1_tl_5" custom="readingOrder {index:4;}">
                <Coords points="335,1212 360,1216 371,1209 389,1220 392,1212 425,1212 439,1202 453,1209 482,1209 482,1151 453,1151 435,1166 399,1148 381,1155 371,1148 363,1155 335,1155"/>
                <Baseline points="355,1200 382,1200 409,1201 437,1203 464,1205 492,1206"/>
                <TextEquiv>
                    <Unicode>New¬</Unicode>
                </TextEquiv>
            </TextLine>
            <TextLine id="tr_1_tl_6" custom="readingOrder {index:5;}">
                <Coords points="723,1266 788,1259 838,1270 856,1259 943,1277 1011,1270 1007,1220 989,1220 975,1205 914,1216 896,1198 856,1198 838,1216 824,1209 802,1220 748,1187 720,1187"/>
                <Baseline points="743,1250 770,1252 797,1254 824,1258 851,1258 878,1256 905,1258 932,1260 959,1261 986,1263 1014,1265"/>
                <TextEquiv>
                    <Unicode>burg, Forchte.</Unicode>
                </TextEquiv>
            </TextLine>
            <TextLine id="tr_1_tl_7" custom="readingOrder {index:6;}">
                <Coords points="673,1295 752,1309 806,1299 827,1317 878,1324 925,1306 1050,1317 1047,1263 993,1277 748,1263 712,1230 673,1227"/>
                <Baseline points="692,1286 718,1288 744,1289 770,1289 796,1290 822,1292 848,1292 874,1292 900,1294 926,1296 952,1297 978,1299 1004,1301 1030,1303 1056,1301"/>
                <TextEquiv>
                    <Unicode>(Quellenangabe ohne Gewähr.</Unicode>
                </TextEquiv>
            </TextLine>
            <TextLine id="tr_1_tl_8" custom="readingOrder {index:7;}">
                <Coords points="331,1363 367,1356 425,1392 457,1367 518,1389 666,1385 705,1374 702,1292 622,1270 550,1309 532,1295 482,1309 410,1292 356,1306 327,1295"/>
                <Baseline points="346,1346 372,1348 398,1349 424,1349 450,1350 477,1352 503,1352 529,1352 555,1354 581,1355 608,1355 634,1356 660,1358 686,1358 713,1358"/>
                <TextEquiv>
                    <Unicode>Ausschnitt aus:</Unicode>
                </TextEquiv>
            </TextLine>
            <TextLine id="tr_1_tl_9" custom="readingOrder {index:8;}">
                <Coords points="327,1507 353,1504 367,1511 378,1504 478,1500 471,1399 453,1403 435,1389 417,1389 381,1410 367,1403 353,1410 320,1407"/>
                <Baseline points="343,1462 371,1464 399,1466 427,1468 455,1471 483,1471"/>
                <TextEquiv>
                    <Unicode>von</Unicode>
                </TextEquiv>
            </TextLine>
            <TextLine id="tr_1_tl_10" custom="readingOrder {index:9;}">
                <Coords points="644,1536 795,1540 845,1507 1000,1554 1054,1500 1112,1497 1385,1543 1374,1399 1338,1385 1234,1432 1054,1421 975,1378 910,1410 881,1389 820,1417 781,1392 637,1407"/>
                <Baseline points="659,1462 695,1467 732,1470 769,1471 806,1472 842,1475 879,1479 916,1484 953,1489 989,1492 1026,1493 1063,1495 1100,1495 1136,1499 1173,1502 1210,1505 1247,1507 1283,1510 1320,1515 1357,1518 1394,1522"/>
                <TextEquiv>
                    <Unicode>Neue Züricher Zeitung</Unicode>
                </TextEquiv>
            </TextLine>
            <TextLine id="tr_1_tl_11" custom="readingOrder {index:10;}">
                <Coords points="1029,1554 1090,1554 1122,1565 1137,1558 1169,1583 1176,1576 1234,1569 1230,1518 1198,1522 1130,1500 1072,1507 1058,1497 1043,1511 1025,1511"/>
                <Baseline points="1050,1540 1077,1542 1105,1544 1133,1546 1160,1546 1188,1547 1216,1554 1244,1561"/>
                <TextEquiv>
                    <Unicode></Unicode>
                </TextEquiv>
            </TextLine>
            <TextLine id="tr_1_tl_12" custom="readingOrder {index:11;}">
                <Coords points="1353,1680 2302,1669 2302,1615 2205,1608 1353,1626"/>
                <Baseline points="1373,1659 1420,1659 1467,1656 1514,1656 1561,1656 1608,1656 1655,1657 1702,1658 1749,1656 1796,1656 1843,1656 1890,1656 1937,1656 1984,1656 2031,1656 2078,1654 2125,1655 2172,1656 2219,1659 2266,1656 2313,1656"/>
                <TextEquiv>
                    <Unicode>Es gibt deren nur drei: den Liebhaber Anatol, der</Unicode>
                </TextEquiv>
            </TextLine>
            <TextLine id="tr_1_tl_13" custom="readingOrder {index:12;}">
                <Coords points="2331,1676 3256,1680 3256,1622 2331,1604"/>
                <Baseline points="2352,1662 2397,1662 2443,1662 2488,1662 2534,1662 2580,1662 2625,1662 2671,1665 2717,1662 2762,1662 2808,1665 2854,1664 2899,1663 2945,1665 2991,1665 3036,1665 3082,1665 3128,1665 3173,1665 3219,1664 3265,1662"/>
                <TextEquiv>
                    <Unicode>sich zur „Liebelei", wie Richard Wagners „Träume</Unicode>
                </TextEquiv>
            </TextLine>
            <TextLine id="tr_1_tl_14" custom="readingOrder {index:13;}">
                <Coords points="1356,1716 2306,1712 2306,1673 2245,1662 1356,1676"/>
                <Baseline points="1376,1704 1422,1701 1469,1701 1516,1701 1563,1700 1610,1699 1657,1701 1703,1701 1750,1700 1797,1698 1844,1700 1891,1701 1938,1701 1985,1701 2031,1701 2078,1701 2125,1701 2172,1701 2219,1701 2266,1701 2313,1701"/>
                <TextEquiv>
                    <Unicode>Freund Max und Eva — die Geliebte in unendlicher</Unicode>
                </TextEquiv>
            </TextLine>
            <TextLine id="tr_1_tl_15" custom="readingOrder {index:14;}">
                <Coords points="687,1759 752,1727 791,1738 856,1716 921,1720 964,1745 1011,1730 1050,1741 1047,1644 914,1655 853,1626 827,1637 716,1630 684,1644"/>
                <Baseline points="707,1698 732,1698 757,1698 782,1696 807,1696 832,1700 857,1702 883,1704 908,1704 933,1704 958,1706 983,1707 1008,1709 1033,1711 1059,1713"/>
                <TextEquiv>
                    <Unicode>Feuilleton.</Unicode>
                </TextEquiv>
            </TextLine>
            <TextLine id="tr_1_tl_16" custom="readingOrder {index:15;}">
                <Coords points="2328,1720 3277,1720 3277,1669 2328,1673"/>
                <Baseline points="2349,1707 2395,1704 2442,1704 2489,1704 2536,1705 2583,1707 2630,1707 2676,1707 2723,1707 2770,1707 2817,1707 2864,1709 2911,1710 2958,1708 3004,1707 3051,1707 3098,1707 3145,1709 3192,1710 3239,1710 3286,1707"/>
                <TextEquiv>
                    <Unicode>zum „Tristan". Das liebe süße Mädel hat erst in Chri¬</Unicode>
                </TextEquiv>
            </TextLine>
            <TextLine id="tr_1_tl_17" custom="readingOrder {index:16;}">
                <Coords points="1356,1752 2306,1759 2306,1712 1356,1712"/>
                <Baseline points="1376,1746 1422,1746 1469,1746 1516,1746 1562,1746 1609,1745 1656,1744 1702,1745 1749,1743 1796,1743 1843,1743 1889,1744 1936,1746 1983,1744 2029,1743 2076,1745 2123,1746 2169,1746 2216,1744 2263,1745 2310,1746"/>
                <TextEquiv>
                    <Unicode>Metamorphose, das Weibchen, das bald Cora, bald</Unicode>
                </TextEquiv>
            </TextLine>
            <TextLine id="tr_1_tl_18" custom="readingOrder {index:17;}">
                <Coords points="2328,1756 3270,1766 3245,1716 2328,1723"/>
                <Baseline points="2349,1746 2395,1749 2442,1746 2488,1749 2535,1749 2581,1749 2628,1749 2674,1749 2721,1749 2767,1750 2814,1752 2861,1752 2907,1752 2954,1752 3000,1752 3047,1752 3093,1752 3140,1752 3186,1750 3233,1751 3280,1752"/>
                <TextEquiv>
                    <Unicode>stine Weiring seine vollwertige, unvergängliche Ge¬</Unicode>
                </TextEquiv>
            </TextLine>
            <TextLine id="tr_1_tl_19" custom="readingOrder {index:18;}">
                <Coords points="1360,1806 2302,1802 2302,1756 1360,1756"/>
                <Baseline points="1379,1791 1425,1788 1472,1788 1518,1788 1565,1788 1611,1789 1658,1790 1704,1788 1751,1788 1797,1789 1844,1790 1891,1788 1937,1788 1984,1788 2030,1788 2077,1788 2123,1788 2170,1788 2216,1790 2263,1789 2310,1791"/>
                <TextEquiv>
                    <Unicode>Bianca, aber immer Eva heißt. Anatol war in der</Unicode>
                </TextEquiv>
            </TextLine>
            <TextLine id="tr_1_tl_20" custom="readingOrder {index:19;}">
                <Coords points="2335,1802 3270,1802 3270,1763 3205,1752 2335,1759"/>
                <Baseline points="2355,1791 2401,1791 2447,1791 2493,1791 2540,1794 2586,1794 2632,1794 2678,1794 2725,1794 2771,1794 2817,1795 2863,1797 2910,1797 2956,1797 3002,1797 3048,1797 3095,1797 3141,1797 3187,1795 3233,1796 3280,1797"/>
                <TextEquiv>
                    <Unicode>staltung erhalten; von ihr aus fällt ein poetisches</Unicode>
                </TextEquiv>
            </TextLine>
            <TextLine id="tr_1_tl_21" custom="readingOrder {index:20;}">
                <Coords points="669,1824 723,1835 752,1813 802,1824 817,1813 863,1828 903,1817 928,1831 957,1820 1004,1831 1061,1817 1061,1759 860,1756 845,1770 802,1741 727,1745 698,1766 669,1759"/>
                <Baseline points="689,1797 714,1797 739,1797 764,1799 789,1801 814,1802 839,1803 864,1803 889,1803 914,1803 939,1805 964,1806 989,1806 1014,1806 1039,1806 1065,1806"/>
                <TextEquiv>
                    <Unicode>Berliner Theater.</Unicode>
                </TextEquiv>
            </TextLine>
            <TextLine id="tr_1_tl_22" custom="readingOrder {index:21;}">
                <Coords points="1356,1842 2306,1846 2306,1802 2184,1792 1356,1799"/>
                <Baseline points="1376,1832 1422,1835 1469,1835 1516,1835 1562,1835 1609,1833 1656,1835 1702,1835 1749,1834 1796,1832 1843,1833 1889,1835 1936,1835 1983,1833 2029,1832 2076,1834 2123,1833 2169,1834 2216,1835 2263,1835 2310,1832"/>
                <TextEquiv>
                    <Unicode>Darstellung des Lessing=Theaters mindestens um</Unicode>
                </TextEquiv>
            </TextLine>
            <TextLine id="tr_1_tl_23" custom="readingOrder {index:22;}">
                <Coords points="2328,1842 3277,1860 3277,1806 2328,1802"/>
                <Baseline points="2346,1832 2393,1832 2440,1835 2487,1835 2534,1835 2581,1835 2628,1835 2675,1835 2722,1835 2769,1836 2816,1836 2863,1837 2910,1838 2957,1840 3004,1839 3051,1838 3098,1838 3145,1841 3192,1838 3239,1838 3286,1841"/>
                <TextEquiv>
                    <Unicode>Licht auf Anatols leichtblütigere Freundinnen zurück.</Unicode>
                </TextEquiv>
            </TextLine>
            <TextLine id="tr_1_tl_24" custom="readingOrder {index:23;}">
                <Coords points="446,1864 1263,1885 1331,1878 1327,1810 716,1831 590,1792 442,1817"/>
                <Baseline points="465,1850 508,1850 552,1853 596,1856 640,1856 683,1859 727,1859 771,1859 815,1861 858,1862 902,1864 946,1863 990,1864 1033,1865 1077,1867 1121,1868 1165,1868 1208,1866 1252,1865 1296,1865 1340,1865"/>
                <TextEquiv>
                    <Unicode>Es ist das vierte Mal seit Eröffnung der Spiel</Unicode>
                </TextEquiv>
            </TextLine>
            <TextLine id="tr_1_tl_25" custom="readingOrder {index:24;}">
                <Coords points="1360,1892 2299,1889 2299,1842 2245,1838 1360,1846"/>
                <Baseline points="1379,1883 1425,1879 1471,1877 1518,1877 1564,1877 1611,1877 1657,1877 1703,1877 1750,1879 1796,1878 1843,1877 1889,1877 1935,1879 1982,1880 2028,1878 2075,1879 2121,1880 2167,1877 2214,1877 2260,1877 2307,1880"/>
                <TextEquiv>
                    <Unicode>zehn, Max mindestens um dreißig Jahre zu alt. Wir</Unicode>
                </TextEquiv>
            </TextLine>
            <TextLine id="tr_1_tl_26" custom="readingOrder {index:25;}">
                <Coords points="2328,1889 3069,1903 3277,1892 3274,1856 2324,1846"/>
                <Baseline points="2349,1877 2395,1877 2442,1877 2489,1877 2535,1877 2582,1878 2629,1880 2675,1880 2722,1880 2769,1881 2816,1883 2862,1883 2909,1883 2956,1883 3002,1883 3049,1883 3096,1883 3142,1883 3189,1883 3236,1883 3283,1883"/>
                <TextEquiv>
                    <Unicode>Anatol selbst freilich ist für alle Zeiten gezeichnet: der</Unicode>
                </TextEquiv>
            </TextLine>
            <TextLine id="tr_1_tl_27" custom="readingOrder {index:26;}">
                <Coords points="389,1917 1338,1921 1338,1878 1284,1874 389,1860"/>
                <Baseline points="408,1898 454,1901 501,1901 548,1901 595,1901 641,1902 688,1903 735,1901 782,1902 828,1904 875,1905 922,1907 969,1907 1015,1907 1062,1909 1109,1910 1156,1910 1202,1910 1249,1910 1296,1910 1343,1910"/>
                <TextEquiv>
                    <Unicode>zeit, daß sich Otto Brahm, Leiter des Lessing=Theaters,</Unicode>
                </TextEquiv>
            </TextLine>
            <TextLine id="tr_1_tl_28" custom="readingOrder {index:27;}">
                <Coords points="1371,1939 2295,1928 2295,1889 2230,1881 1371,1892"/>
                <Baseline points="1391,1922 1436,1922 1482,1922 1527,1922 1573,1922 1619,1922 1664,1922 1710,1922 1756,1922 1801,1922 1847,1922 1893,1922 1938,1922 1984,1922 2030,1922 2075,1922 2121,1922 2167,1922 2212,1919 2258,1919 2304,1919"/>
                <TextEquiv>
                    <Unicode>sahen zwei mit allen Hunden gehetzte Wiener Lebe¬</Unicode>
                </TextEquiv>
            </TextLine>
            <TextLine id="tr_1_tl_29" custom="readingOrder {index:28;}">
                <Coords points="2328,1943 3234,1943 3270,1935 3267,1896 2324,1892"/>
                <Baseline points="2346,1919 2392,1922 2439,1922 2486,1922 2532,1922 2579,1923 2626,1925 2672,1925 2719,1925 2766,1925 2813,1924 2859,1923 2906,1925 2953,1925 2999,1927 3046,1928 3093,1926 3139,1925 3186,1927 3233,1928 3280,1928"/>
                <TextEquiv>
                    <Unicode>leichtsinnige Melancholiker, der ironische Genießer</Unicode>
                </TextEquiv>
            </TextLine>
            <TextLine id="tr_1_tl_30" custom="readingOrder {index:29;}">
                <Coords points="389,1950 1331,1971 1331,1921 389,1907"/>
                <Baseline points="408,1940 454,1940 501,1943 547,1943 594,1943 641,1946 687,1946 734,1946 780,1947 827,1949 874,1949 920,1949 967,1950 1013,1952 1060,1952 1107,1954 1153,1955 1200,1953 1246,1954 1293,1955 1340,1955"/>
                <TextEquiv>
                    <Unicode>in ihrem vierten Monat zum Worte meldet. Welch¬</Unicode>
                </TextEquiv>
            </TextLine>
            <TextLine id="tr_1_tl_31" custom="readingOrder {index:30;}">
                <Coords points="1363,1979 2295,1971 2295,1928 1363,1939"/>
                <Baseline points="1382,1961 1428,1964 1474,1964 1520,1964 1566,1964 1612,1964 1658,1964 1704,1964 1750,1963 1796,1962 1843,1964 1889,1964 1935,1964 1981,1964 2027,1964 2073,1964 2119,1964 2165,1964 2211,1964 2257,1964 2304,1964"/>
                <TextEquiv>
                    <Unicode>männer, von denen der eine nel mezzo del cammir</Unicode>
                </TextEquiv>
            </TextLine>
            <TextLine id="tr_1_tl_32" custom="readingOrder {index:31;}">
                <Coords points="2335,1971 3270,1982 3270,1935 2335,1935"/>
                <Baseline points="2355,1958 2401,1964 2447,1967 2493,1964 2540,1967 2586,1964 2632,1967 2678,1967 2725,1967 2771,1967 2817,1967 2863,1968 2910,1970 2956,1970 3002,1970 3048,1970 3095,1970 3141,1970 3187,1970 3233,1970 3280,1970"/>
                <TextEquiv>
                    <Unicode>— ein vorwiegend österreichischer Typus, in aller Fad¬</Unicode>
                </TextEquiv>
            </TextLine>
            <TextLine id="tr_1_tl_33" custom="readingOrder {index:32;}">
                <Coords points="385,1993 2292,2018 2292,1975 2087,1964 385,1946"/>
                <Baseline points="405,1982 499,1985 594,1988 689,1988 784,1991 879,1993 973,1994 1068,1997 1163,1997 1258,2000 1353,2001 1447,2009 1542,2007 1637,2009 1732,2009 1827,2006 1921,2009 2016,2008 2111,2009 2206,2009 2301,2006"/>
                <TextEquiv>
                    <Unicode>Heldentaten hat er bis dahin vollbracht? Er begann di nostra vita, der andre schon auf der Schattenseit</Unicode>
                </TextEquiv>
            </TextLine>
            <TextLine id="tr_1_tl_34" custom="readingOrder {index:33;}">
                <Coords points="2324,2018 3267,2018 3267,1979 3227,1975 2324,1971"/>
                <Baseline points="2343,2006 2389,2009 2436,2009 2483,2009 2529,2009 2576,2009 2623,2011 2669,2011 2716,2011 2763,2011 2810,2011 2856,2011 2903,2011 2950,2011 2996,2013 3043,2014 3090,2014 3136,2012 3183,2013 3230,2014 3277,2014"/>
                <TextEquiv>
                    <Unicode>heit liebenswürdig. Max, der Freund, ist daneben</Unicode>
                </TextEquiv>
            </TextLine>
            <TextLine id="tr_1_tl_35" custom="readingOrder {index:34;}">
                <Coords points="389,2043 1342,2051 1338,2011 1302,2004 389,1997"/>
                <Baseline points="408,2029 454,2032 501,2032 548,2029 595,2032 641,2032 688,2033 735,2034 782,2033 828,2036 875,2037 922,2036 969,2038 1015,2038 1062,2040 1109,2041 1156,2039 1202,2040 1249,2041 1296,2041 1343,2038"/>
                <TextEquiv>
                    <Unicode>diesmal mit einem ältern Hauptmann: den „Ein¬</Unicode>
                </TextEquiv>
            </TextLine>
            <TextLine id="tr_1_tl_36" custom="readingOrder {index:35;}">
                <Coords points="1363,2065 2299,2069 2274,2015 1363,2018"/>
                <Baseline points="1382,2053 1428,2050 1474,2051 1520,2052 1567,2050 1613,2050 1659,2052 1705,2053 1752,2051 1798,2050 1844,2050 1890,2050 1937,2050 1983,2050 2029,2050 2075,2050 2122,2050 2168,2053 2214,2053 2260,2053 2307,2050"/>
                <TextEquiv>
                    <Unicode>stand. Ich muß gestehn, daß für mich viel von dem</Unicode>
                </TextEquiv>
            </TextLine>
            <TextLine id="tr_1_tl_37" custom="readingOrder {index:36;}">
                <Coords points="2331,2065 3267,2065 3267,2018 3115,2011 2331,2022"/>
                <Baseline points="2352,2053 2398,2053 2444,2053 2490,2050 2536,2053 2582,2053 2628,2053 2674,2053 2720,2053 2766,2054 2813,2055 2859,2053 2905,2054 2951,2056 2997,2056 3043,2056 3089,2056 3135,2056 3181,2056 3227,2056 3274,2056"/>
                <TextEquiv>
                    <Unicode>nur ein Stichwortbringer, der herkömmliche confi¬</Unicode>
                </TextEquiv>
            </TextLine>
            <TextLine id="tr_1_tl_38" custom="readingOrder {index:37;}">
                <Coords points="392,2083 2306,2112 2302,2061 392,2040"/>
                <Baseline points="411,2071 510,2074 610,2075 710,2077 810,2077 910,2080 1010,2083 1110,2085 1210,2083 1310,2086 1410,2094 1510,2095 1610,2095 1710,2094 1810,2095 1910,2095 2010,2095 2110,2095 2210,2095 2310,2095"/>
                <TextEquiv>
                    <Unicode>samen Menschen"; ließ des greisen Björnson forciert Duft der Dialoge, von ihrem spezifischen Parfüm</Unicode>
                </TextEquiv>
            </TextLine>
            <TextLine id="tr_1_tl_39" custom="readingOrder {index:38;}">
                <Coords points="2328,2101 3267,2115 3267,2065 2328,2065"/>
                <Baseline points="2346,2092 2392,2095 2438,2095 2485,2095 2531,2095 2578,2098 2624,2097 2670,2096 2717,2098 2763,2098 2810,2098 2856,2098 2902,2098 2949,2099 2995,2100 3042,2100 3088,2101 3134,2101 3181,2101 3227,2101 3274,2104"/>
                <TextEquiv>
                    <Unicode>dent, die Grammophonplatte, die mitfühlende Brust,</Unicode>
                </TextEquiv>
            </TextLine>
            <TextLine id="tr_1_tl_40" custom="readingOrder {index:39;}">
                <Coords points="389,2130 2302,2155 2302,2112 2162,2094 389,2083"/>
                <Baseline points="408,2116 503,2116 598,2120 693,2121 789,2122 884,2125 979,2125 1074,2128 1170,2128 1265,2128 1360,2133 1455,2137 1551,2137 1646,2137 1741,2137 1836,2137 1932,2138 2027,2140 2122,2138 2217,2138 2313,2137"/>
                <TextEquiv>
                    <Unicode>lebfrisches Lustspiel vom jungen Wein folgen; hielt verloren ging. Es war Crabapple, und es sollte New</Unicode>
                </TextEquiv>
            </TextLine>
            <TextLine id="tr_1_tl_41" custom="readingOrder {index:40;}">
                <Coords points="2328,2151 3267,2158 3267,2115 3216,2108 2328,2105"/>
                <Baseline points="2349,2137 2395,2137 2441,2140 2488,2140 2534,2140 2581,2138 2627,2140 2673,2141 2720,2143 2766,2143 2813,2142 2859,2141 2905,2143 2952,2143 2998,2143 3045,2143 3091,2143 3137,2143 3184,2143 3230,2145 3277,2143"/>
                <TextEquiv>
                    <Unicode>der Anatol seine Erlebnisse anvertraut. (Uebrigens</Unicode>
                </TextEquiv>
            </TextLine>
            <TextLine id="tr_1_tl_42" custom="readingOrder {index:41;}">
                <Coords points="381,2180 1338,2184 1335,2141 1256,2130 378,2123"/>
                <Baseline points="400,2164 447,2161 494,2164 542,2162 589,2164 637,2164 684,2165 732,2167 779,2167 827,2167 874,2167 921,2167 969,2169 1016,2170 1064,2170 1111,2173 1159,2173 1206,2173 1254,2173 1301,2173 1349,2173"/>
                <TextEquiv>
                    <Unicode>es für seine Freundespflicht, einem schon in Wien</Unicode>
                </TextEquiv>
            </TextLine>
            <TextLine id="tr_1_tl_43" custom="readingOrder {index:42;}">
                <Coords points="1363,2198 2299,2194 2299,2151 2259,2144 1363,2151"/>
                <Baseline points="1385,2182 1431,2179 1477,2182 1523,2182 1569,2179 1615,2182 1661,2182 1707,2181 1753,2179 1799,2179 1846,2180 1892,2182 1938,2182 1984,2182 2030,2182 2076,2182 2122,2182 2168,2182 2214,2182 2260,2182 2307,2185"/>
                <TextEquiv>
                    <Unicode>mown hay sein. „Also spielen wir Theater, spielen</Unicode>
                </TextEquiv>
            </TextLine>
            <TextLine id="tr_1_tl_44" custom="readingOrder {index:43;}">
                <Coords points="2328,2198 3277,2194 3245,2155 2328,2148"/>
                <Baseline points="2349,2185 2395,2185 2442,2182 2489,2182 2536,2185 2583,2185 2630,2185 2676,2185 2723,2185 2770,2185 2817,2185 2864,2185 2911,2185 2958,2187 3004,2188 3051,2188 3098,2188 3145,2188 3192,2188 3239,2188 3286,2185"/>
                <TextEquiv>
                    <Unicode>stört mich mitunter diese Wiener Sucht, alles auszu¬</Unicode>
                </TextEquiv>
            </TextLine>
            <TextLine id="tr_1_tl_45" custom="readingOrder {index:44;}">
                <Coords points="396,2220 1331,2223 1331,2184 396,2173"/>
                <Baseline points="414,2203 460,2203 506,2203 552,2206 599,2206 645,2209 691,2209 738,2209 784,2209 830,2210 877,2212 923,2212 969,2213 1015,2214 1062,2214 1108,2213 1154,2213 1201,2213 1247,2213 1293,2214 1340,2214"/>
                <TextEquiv>
                    <Unicode>sang= und klanglos bestatteten Drama von Georg</Unicode>
                </TextEquiv>
            </TextLine>
            <TextLine id="tr_1_tl_46" custom="readingOrder {index:45;}">
                <Coords points="1356,2230 1511,2259 1619,2230 2306,2238 2306,2198 2184,2187 1356,2194"/>
                <Baseline points="1376,2223 1422,2223 1469,2223 1516,2226 1562,2226 1609,2223 1656,2224 1702,2226 1749,2225 1796,2223 1843,2223 1889,2223 1936,2225 1983,2226 2029,2226 2076,2226 2123,2226 2169,2226 2216,2226 2263,2226 2310,2226"/>
                <TextEquiv>
                    <Unicode>unsere eignen Stücke, frühgereift und zart und trau¬</Unicode>
                </TextEquiv>
            </TextLine>
            <TextLine id="tr_1_tl_47" custom="readingOrder {index:46;}">
                <Coords points="2328,2238 3277,2248 3277,2194 2328,2198"/>
                <Baseline points="2349,2226 2395,2226 2442,2226 2489,2226 2536,2226 2583,2226 2630,2227 2676,2228 2723,2227 2770,2229 2817,2228 2864,2226 2911,2228 2958,2229 3004,2229 3051,2231 3098,2230 3145,2229 3192,2231 3239,2229 3286,2232"/>
                <TextEquiv>
                    <Unicode>plaudern, von der Heimlichkeit der Liebe gar nichts</Unicode>
                </TextEquiv>
            </TextLine>
            <TextLine id="tr_1_tl_48" custom="readingOrder {index:47;}">
                <Coords points="385,2259 1335,2270 1335,2227 1230,2212 385,2216"/>
                <Baseline points="405,2247 451,2247 498,2247 545,2250 592,2250 639,2252 686,2250 733,2251 780,2253 827,2253 874,2253 920,2254 967,2256 1014,2256 1061,2256 1108,2258 1155,2259 1202,2259 1249,2259 1296,2259 1343,2259"/>
                <TextEquiv>
                    <Unicode>Hirschfeld („Das zweite Leben") zu einem Berliner</Unicode>
                </TextEquiv>
            </TextLine>
            <TextLine id="tr_1_tl_49" custom="readingOrder {index:48;}">
                <Coords points="1363,2277 2299,2281 2299,2238 2209,2227 1363,2234"/>
                <Baseline points="1382,2268 1428,2268 1474,2268 1520,2268 1567,2268 1613,2265 1659,2268 1705,2268 1752,2268 1798,2268 1844,2268 1890,2268 1937,2268 1983,2268 2029,2268 2075,2268 2122,2270 2168,2269 2214,2270 2260,2271 2307,2274"/>
                <TextEquiv>
                    <Unicode>rig ...", heißt es in dem programmatischen Prolog</Unicode>
                </TextEquiv>
            </TextLine>
            <TextLine id="tr_1_tl_50" custom="readingOrder {index:49;}">
                <Coords points="2331,2284 3270,2284 3267,2241 3209,2238 2328,2238"/>
                <Baseline points="2349,2271 2395,2271 2442,2271 2488,2268 2535,2271 2581,2271 2628,2271 2674,2271 2721,2271 2767,2271 2814,2271 2861,2271 2907,2271 2954,2273 3000,2274 3047,2274 3093,2274 3140,2274 3186,2274 3233,2276 3280,2274"/>
                <TextEquiv>
                    <Unicode>für sich zu behalten. Diese Wiener Lebejünglinge ken¬</Unicode>
                </TextEquiv>
            </TextLine>
            <TextLine id="tr_1_tl_51" custom="readingOrder {index:50;}">
                <Coords points="381,2302 1335,2317 1335,2270 1306,2266 381,2256"/>
                <Baseline points="402,2292 449,2292 496,2295 543,2295 590,2295 637,2294 684,2293 731,2295 778,2296 825,2298 872,2298 919,2300 966,2299 1013,2300 1060,2301 1107,2301 1154,2301 1201,2301 1248,2301 1295,2301 1343,2304"/>
                <TextEquiv>
                    <Unicode>Begräbnis erster Klasse zu verhelfen; und ist jetzt bei</Unicode>
                </TextEquiv>
            </TextLine>
            <TextLine id="tr_1_tl_52" custom="readingOrder {index:51;}">
                <Coords points="1363,2324 2295,2331 2295,2281 2176,2270 1363,2277"/>
                <Baseline points="1385,2313 1433,2310 1481,2310 1530,2310 1578,2310 1626,2310 1675,2310 1723,2310 1771,2310 1820,2310 1868,2310 1917,2310 1965,2313 2013,2313 2062,2313 2110,2313 2158,2312 2207,2311 2255,2313 2304,2313"/>
                <TextEquiv>
                    <Unicode>zu diesem weichen Wiener Liebesbrevier. Frühgereift</Unicode>
                </TextEquiv>
            </TextLine>
            <TextLine id="tr_1_tl_53" custom="readingOrder {index:52;}">
                <Coords points="2331,2320 3267,2324 3263,2284 2328,2284"/>
                <Baseline points="2346,2310 2392,2313 2439,2313 2485,2313 2532,2313 2578,2313 2625,2313 2671,2314 2718,2316 2764,2316 2811,2316 2858,2316 2904,2316 2951,2316 2997,2316 3044,2316 3090,2316 3137,2316 3183,2316 3230,2318 3277,2316"/>
                <TextEquiv>
                    <Unicode>nen offenbar nicht den Reiz einer vita privata und</Unicode>
                </TextEquiv>
            </TextLine>
            <TextLine id="tr_1_tl_54" custom="readingOrder {index:53;}">
                <Coords points="385,2346 2295,2367 2295,2328 2220,2320 385,2302"/>
                <Baseline points="405,2334 504,2338 604,2339 704,2340 804,2340 904,2343 1004,2346 1104,2345 1204,2346 1304,2343 1404,2354 1504,2352 1604,2355 1704,2353 1804,2354 1904,2355 2004,2355 2104,2355 2204,2355 2304,2361"/>
                <TextEquiv>
                    <Unicode>dem längst bekannten, längst geschätzten Dialogy. Darauf kommt es an. Verfallende Jugend muß auf</Unicode>
                </TextEquiv>
            </TextLine>
            <TextLine id="tr_1_tl_55" custom="readingOrder {index:54;}">
                <Coords points="2331,2371 3267,2374 3267,2324 2331,2320"/>
                <Baseline points="2352,2358 2398,2358 2444,2355 2490,2358 2537,2358 2583,2358 2629,2358 2675,2358 2722,2358 2768,2359 2814,2360 2860,2358 2907,2358 2953,2358 2999,2358 3045,2359 3092,2361 3138,2361 3184,2361 3230,2361 3277,2361"/>
                <TextEquiv>
                    <Unicode>fühlen sich nur wohl, wenn sie einen Leporello an ih¬</Unicode>
                </TextEquiv>
            </TextLine>
            <TextLine id="tr_1_tl_56" custom="readingOrder {index:55;}">
                <Coords points="378,2396 3270,2414 3270,2371 3216,2364 378,2353"/>
                <Baseline points="397,2379 540,2382 684,2383 828,2385 972,2385 1116,2388 1260,2391 1403,2396 1547,2397 1691,2397 1835,2397 1979,2398 2123,2400 2267,2400 2410,2397 2554,2400 2698,2403 2842,2403 2986,2403 3130,2406 3274,2403"/>
                <TextEquiv>
                    <Unicode>klus „Anatol“ von Arthur Schnitzler ange¬ der Bühne stehn, aber nicht konserviertes Alter, rer Seite haben, der genau über ihre Abenteuer Buch</Unicode>
                </TextEquiv>
            </TextLine>
            <TextLine id="tr_1_tl_57" custom="readingOrder {index:56;}">
                <Coords points="381,2436 1338,2443 1338,2400 1234,2389 381,2396"/>
                <Baseline points="402,2423 449,2423 496,2426 543,2426 590,2426 638,2426 685,2426 732,2426 779,2427 826,2429 874,2429 921,2429 968,2431 1015,2434 1062,2433 1110,2434 1157,2435 1204,2432 1251,2435 1298,2435 1346,2435"/>
                <TextEquiv>
                    <Unicode>langt. In einem Vierteljahrlieren</Unicode>
                </TextEquiv>
            </TextLine>
            <TextLine id="tr_1_tl_58" custom="readingOrder {index:57;}">
                <Coords points="1363,2450 2299,2457 2299,2410 2256,2407 1363,2403"/>
                <Baseline points="1382,2441 1428,2441 1474,2438 1520,2441 1567,2441 1613,2441 1659,2441 1705,2440 1752,2439 1798,2441 1844,2440 1890,2438 1937,2438 1983,2439 2029,2441 2075,2441 2122,2441 2168,2441 2214,2443 2260,2444 2307,2441"/>
                <TextEquiv>
                    <Unicode>Jung=Wien mit altersmüder Geste. Schon die Wil¬</Unicode>
                </TextEquiv>
            </TextLine>
            <TextLine id="tr_1_tl_59" custom="readingOrder {index:58;}">
                <Coords points="2331,2453 3270,2468 3267,2414 2331,2410"/>
                <Baseline points="2352,2438 2398,2444 2444,2444 2490,2444 2537,2444 2583,2441 2629,2444 2675,2444 2722,2444 2768,2445 2814,2447 2860,2447 2907,2447 2953,2447 2999,2447 3045,2447 3092,2447 3138,2447 3184,2447 3230,2447 3277,2447"/>
                <TextEquiv>
                    <Unicode>führt und in ihre Seelenregungen eingeweiht ist.</Unicode>
                </TextEquiv>
            </TextLine>
            <TextLine id="tr_1_tl_60" custom="readingOrder {index:59;}">
                <Coords points="399,2475 2288,2504 2284,2461 2205,2443 399,2439"/>
                <Baseline points="420,2462 513,2471 607,2471 701,2469 795,2472 888,2475 982,2477 1076,2477 1170,2477 1263,2477 1357,2480 1451,2486 1545,2483 1638,2486 1732,2486 1826,2483 1920,2483 2013,2484 2107,2486 2201,2486 2295,2486"/>
                <TextEquiv>
                    <Unicode>— wohlgemerkt von Werken, für die Berlin nicht kelkinder in Wien neigen zur Reflexion; die Jüng</Unicode>
                </TextEquiv>
            </TextLine>
            <TextLine id="tr_1_tl_61" custom="readingOrder {index:60;}">
                <Coords points="2328,2529 2425,2493 3267,2500 3267,2468 3205,2453 2328,2453"/>
                <Baseline points="2346,2489 2392,2489 2438,2486 2485,2486 2531,2486 2578,2487 2624,2489 2670,2488 2717,2487 2763,2489 2810,2489 2856,2490 2902,2491 2949,2490 2995,2492 3042,2492 3088,2490 3134,2491 3181,2492 3227,2492 3274,2495"/>
                <TextEquiv>
                    <Unicode>Wahrhaft lieben aber heißt: keinen Mitwisser haben.)</Unicode>
                </TextEquiv>
            </TextLine>
            <TextLine id="tr_1_tl_62" custom="readingOrder {index:61;}">
                <Coords points="378,2536 2299,2543 2263,2497 378,2475"/>
                <Baseline points="397,2510 492,2513 587,2513 683,2513 778,2516 873,2518 969,2519 1064,2516 1159,2522 1255,2520 1350,2520 1445,2526 1541,2528 1636,2526 1731,2528 1827,2525 1922,2528 2017,2528 2113,2528 2208,2530 2304,2531"/>
                <TextEquiv>
                    <Unicode>Anfangs=, sondern Endstation war — und zwei Neu- linge verfügen über die Weisheit von Geronten.</Unicode>
                </TextEquiv>
            </TextLine>
            <TextLine id="tr_1_tl_63" custom="readingOrder {index:62;}">
                <Coords points="2382,2540 2691,2565 2752,2536 3263,2551 3263,2500 2382,2507"/>
                <Baseline points="2403,2531 2446,2531 2489,2531 2533,2531 2576,2531 2620,2531 2663,2533 2706,2534 2750,2534 2793,2534 2837,2534 2880,2534 2923,2534 2967,2534 3010,2534 3054,2536 3097,2537 3140,2537 3184,2537 3227,2537 3271,2534"/>
                <TextEquiv>
                    <Unicode>„Und worin löst sich bei dir das Rätsel der Frau</Unicode>
                </TextEquiv>
            </TextLine>
            <TextLine id="tr_1_tl_64" custom="readingOrder {index:63;}">
                <Coords points="381,2565 1331,2572 1331,2536 1072,2518 381,2529"/>
                <Baseline points="400,2558 447,2558 494,2558 541,2558 588,2558 635,2557 682,2555 729,2556 776,2559 823,2561 870,2561 917,2563 964,2564 1011,2564 1058,2564 1105,2564 1152,2564 1199,2561 1246,2564 1293,2564 1340,2567"/>
                <TextEquiv>
                    <Unicode>einstudierungen. Ein bißchen wenig, will mir scheinen</Unicode>
                </TextEquiv>
            </TextLine>
            <TextLine id="tr_1_tl_65" custom="readingOrder {index:64;}">
                <Coords points="1356,2576 2295,2583 2295,2547 2112,2533 1356,2540"/>
                <Baseline points="1376,2570 1422,2573 1468,2570 1515,2570 1561,2570 1608,2573 1654,2573 1700,2572 1747,2570 1793,2570 1840,2570 1886,2570 1932,2571 1979,2572 2025,2570 2072,2570 2118,2572 2164,2573 2211,2573 2257,2575 2304,2573"/>
                <TextEquiv>
                    <Unicode>Halbes Empfinden gibt ihren erotischen Abenteuern</Unicode>
                </TextEquiv>
            </TextLine>
            <TextLine id="tr_1_tl_66" custom="readingOrder {index:65;}">
                <Coords points="2324,2587 3267,2594 3267,2551 3148,2536 2324,2529"/>
                <Baseline points="2343,2579 2389,2573 2436,2573 2483,2570 2529,2571 2576,2576 2623,2576 2669,2576 2716,2576 2763,2576 2810,2576 2856,2576 2903,2576 2950,2576 2996,2578 3043,2579 3090,2579 3136,2579 3183,2581 3230,2580 3277,2582"/>
                <TextEquiv>
                    <Unicode>In der Stimmung." Auch das Rätsel der Wirkung</Unicode>
                </TextEquiv>
            </TextLine>
            <TextLine id="tr_1_tl_67" custom="readingOrder {index:66;}">
                <Coords points="385,2615 2295,2630 2295,2583 2187,2579 385,2565"/>
                <Baseline points="405,2600 504,2603 604,2603 704,2603 804,2606 904,2606 1004,2609 1104,2609 1204,2609 1304,2609 1404,2614 1504,2614 1604,2614 1704,2614 1804,2614 1904,2614 2004,2614 2104,2614 2204,2616 2304,2617"/>
                <TextEquiv>
                    <Unicode>Man müßte an Arterienverkalkung leiden, wollte man das Gepräge, weil ihres Wesens andere Hälfte an¬</Unicode>
                </TextEquiv>
            </TextLine>
            <TextLine id="tr_1_tl_68" custom="readingOrder {index:67;}">
                <Coords points="2324,2630 3274,2633 3274,2594 3223,2587 2324,2594"/>
                <Baseline points="2343,2617 2390,2617 2437,2614 2484,2617 2531,2617 2578,2617 2625,2617 2672,2618 2719,2619 2766,2618 2813,2620 2860,2620 2907,2620 2954,2620 3001,2622 3048,2623 3095,2623 3142,2623 3189,2623 3236,2623 3283,2626"/>
                <TextEquiv>
                    <Unicode>eines Kunstwerkes löst sich in der Stimmung. „Was</Unicode>
                </TextEquiv>
            </TextLine>
            <TextLine id="tr_1_tl_69" custom="readingOrder {index:68;}">
                <Coords points="385,2659 1335,2666 1335,2619 385,2615"/>
                <Baseline points="405,2641 451,2644 498,2644 545,2644 592,2647 639,2646 686,2645 733,2647 780,2647 827,2647 874,2648 920,2650 967,2650 1014,2650 1061,2652 1108,2653 1155,2651 1202,2652 1249,2653 1296,2653 1343,2650"/>
                <TextEquiv>
                    <Unicode>solchen Quietismus als künstlerische Initiative, als</Unicode>
                </TextEquiv>
            </TextLine>
            <TextLine id="tr_1_tl_70" custom="readingOrder {index:69;}">
                <Coords points="1360,2673 2295,2680 2295,2637 2234,2623 1360,2626"/>
                <Baseline points="1379,2659 1425,2659 1471,2659 1517,2659 1564,2659 1610,2659 1656,2659 1702,2658 1749,2656 1795,2657 1841,2658 1887,2657 1934,2659 1980,2659 2026,2659 2072,2659 2119,2659 2165,2659 2211,2659 2257,2661 2304,2659"/>
                <TextEquiv>
                    <Unicode>Denken gekettet ist. Frühreife darf nicht durch Johan¬</Unicode>
                </TextEquiv>
            </TextLine>
            <TextLine id="tr_1_tl_71" custom="readingOrder {index:70;}">
                <Coords points="2320,2666 3277,2677 3277,2633 2320,2623"/>
                <Baseline points="2340,2659 2387,2662 2434,2659 2481,2662 2529,2661 2576,2660 2623,2661 2671,2660 2718,2662 2765,2662 2813,2662 2860,2662 2907,2664 2954,2663 3002,2664 3049,2665 3096,2665 3144,2665 3191,2665 3238,2665 3286,2668"/>
                <TextEquiv>
                    <Unicode>ist Wahrheit? In Sachen der Religion: die überlebte</Unicode>
                </TextEquiv>
            </TextLine>
            <TextLine id="tr_1_tl_72" custom="readingOrder {index:71;}">
                <Coords points="378,2713 1220,2705 1220,2662 378,2655"/>
                <Baseline points="397,2689 438,2689 479,2689 521,2691 562,2690 604,2689 645,2689 687,2690 728,2691 770,2690 811,2692 852,2692 894,2692 935,2692 977,2695 1018,2692 1060,2694 1101,2695 1143,2695 1184,2695 1226,2695"/>
                <TextEquiv>
                    <Unicode>Wagemut und Unternehmungsgeist bezeichnen.</Unicode>
                </TextEquiv>
            </TextLine>
            <TextLine id="tr_1_tl_73" custom="readingOrder {index:72;}">
                <Coords points="1356,2716 2295,2713 2295,2677 2252,2669 1356,2673"/>
                <Baseline points="1376,2701 1422,2701 1468,2701 1515,2701 1561,2701 1608,2701 1654,2702 1700,2704 1747,2703 1793,2701 1840,2701 1886,2702 1932,2704 1979,2704 2025,2704 2072,2704 2118,2704 2164,2704 2211,2704 2257,2704 2304,2704"/>
                <TextEquiv>
                    <Unicode>nistrieb ersetzt sein. Immerhin, die fünf Geliebten</Unicode>
                </TextEquiv>
            </TextLine>
            <TextLine id="tr_1_tl_74" custom="readingOrder {index:73;}">
                <Coords points="2324,2713 3277,2720 3277,2680 3216,2673 2324,2666"/>
                <Baseline points="2343,2701 2390,2704 2437,2704 2484,2704 2531,2706 2578,2704 2625,2704 2673,2705 2720,2707 2767,2707 2814,2707 2861,2707 2908,2707 2955,2707 3003,2707 3050,2709 3097,2710 3144,2707 3191,2710 3238,2710 3286,2710"/>
                <TextEquiv>
                    <Unicode>Meinung. In Dingen der Wissenschaft: die letzte Ent¬</Unicode>
                </TextEquiv>
            </TextLine>
            <TextLine id="tr_1_tl_75" custom="readingOrder {index:74;}">
                <Coords points="435,2745 1331,2756 1327,2691 1162,2716 432,2702"/>
                <Baseline points="456,2731 500,2734 544,2734 588,2734 632,2734 676,2734 720,2737 764,2737 808,2737 852,2734 896,2736 940,2737 984,2739 1028,2740 1072,2740 1116,2740 1160,2738 1204,2741 1248,2741 1292,2740 1337,2743"/>
                <TextEquiv>
                    <Unicode>Aber selbstverständlich entscheidet nicht die Zahl</Unicode>
                </TextEquiv>
            </TextLine>
            <TextLine id="tr_1_tl_76" custom="readingOrder {index:75;}">
                <Coords points="1360,2756 3267,2770 3267,2723 3184,2716 1360,2720"/>
                <Baseline points="1379,2743 1473,2746 1568,2746 1663,2746 1758,2746 1853,2746 1948,2748 2043,2749 2138,2749 2233,2749 2328,2746 2422,2749 2517,2749 2612,2749 2707,2749 2802,2752 2897,2751 2992,2750 3087,2752 3182,2754 3277,2752"/>
                <TextEquiv>
                    <Unicode>machten wett, was der Liebhaber und sein Freund deckung. In der Kunst: unsre letzte Stimmung." Un¬</Unicode>
                </TextEquiv>
            </TextLine>
            <TextLine id="tr_1_tl_77" custom="readingOrder {index:76;}">
                <Coords points="389,2795 1331,2792 1331,2756 1295,2748 389,2731"/>
                <Baseline points="408,2776 454,2779 501,2776 547,2776 594,2776 641,2779 687,2779 734,2779 780,2779 827,2779 874,2780 920,2782 967,2782 1013,2782 1060,2782 1107,2782 1153,2784 1200,2785 1246,2785 1293,2785 1340,2782"/>
                <TextEquiv>
                    <Unicode>sondern der Wert des Geleisteten. (Am Stadttheater</Unicode>
                </TextEquiv>
            </TextLine>
            <TextLine id="tr_1_tl_78" custom="readingOrder {index:77;}">
                <Coords points="1360,2813 1396,2820 1435,2795 1461,2795 1471,2806 1540,2795 1648,2799 1648,2759 1529,2748 1507,2763 1486,2752 1432,2763 1410,2752 1363,2752"/>
                <Baseline points="1385,2791 1411,2789 1438,2788 1465,2788 1492,2789 1519,2791 1545,2789 1572,2788 1599,2788 1626,2788 1653,2788"/>
                <TextEquiv>
                    <Unicode>schuldig blieben.</Unicode>
                </TextEquiv>
            </TextLine>
            <TextLine id="tr_1_tl_79" custom="readingOrder {index:78;}">
                <Coords points="2328,2802 3263,2810 3263,2770 3187,2752 2328,2756"/>
                <Baseline points="2349,2794 2395,2794 2441,2791 2487,2791 2533,2791 2579,2791 2625,2794 2671,2794 2717,2794 2763,2794 2810,2794 2856,2794 2902,2794 2948,2794 2994,2794 3040,2795 3086,2796 3132,2795 3178,2797 3224,2799 3271,2797"/>
                <TextEquiv>
                    <Unicode>sere letzte Stimmung war der ersten Schöpfung Ar¬</Unicode>
                </TextEquiv>
            </TextLine>
            <TextLine id="tr_1_tl_80" custom="readingOrder {index:79;}">
                <Coords points="381,2835 1331,2846 1331,2795 1299,2792 381,2795"/>
                <Baseline points="402,2820 448,2823 495,2823 542,2820 589,2820 635,2823 682,2823 729,2822 776,2820 822,2821 869,2824 916,2825 963,2825 1009,2826 1056,2826 1103,2826 1150,2826 1196,2826 1243,2826 1290,2828 1337,2826"/>
                <TextEquiv>
                    <Unicode>in Kottbus wird vielleicht im Laufe einer Woche so</Unicode>
                </TextEquiv>
            </TextLine>
            <TextLine id="tr_1_tl_81" custom="readingOrder {index:80;}">
                <Coords points="1414,2838 2292,2849 2292,2774 2252,2770 1414,2795"/>
                <Baseline points="1432,2829 1475,2832 1518,2832 1562,2832 1605,2832 1649,2832 1692,2832 1736,2832 1779,2832 1823,2832 1866,2832 1909,2834 1953,2835 1996,2835 2040,2835 2083,2835 2127,2835 2170,2835 2214,2834 2257,2833 2301,2832"/>
                <TextEquiv>
                    <Unicode>Doch ist wirklich der „Anatol", das graziöse Prä¬</Unicode>
                </TextEquiv>
            </TextLine>
            <TextLine id="tr_1_tl_82" custom="readingOrder {index:81;}">
                <Coords points="2320,2856 3270,2849 3270,2810 3004,2795 2320,2810"/>
                <Baseline points="2340,2832 2386,2835 2433,2832 2480,2835 2526,2835 2573,2835 2620,2835 2666,2835 2713,2835 2760,2835 2807,2835 2853,2835 2900,2835 2947,2835 2993,2837 3040,2838 3087,2838 3133,2840 3180,2841 3227,2841 3274,2841"/>
                <TextEquiv>
                    <Unicode>thur Schnitzlers nicht mehr so hold wie früher; aber</Unicode>
                </TextEquiv>
            </TextLine>
            <TextLine id="tr_1_tl_83" custom="readingOrder {index:82;}">
                <Coords points="381,2874 1331,2882 1295,2835 381,2835"/>
                <Baseline points="400,2865 446,2865 493,2865 540,2868 587,2866 634,2868 681,2867 727,2866 774,2868 821,2868 868,2868 915,2870 962,2869 1009,2870 1055,2871 1102,2871 1149,2871 1196,2871 1243,2871 1290,2871 1337,2871"/>
                <TextEquiv>
                    <Unicode>viel bewältigt, wie am Lessing=Theater im Laufe eines</Unicode>
                </TextEquiv>
            </TextLine>
            <TextLine id="tr_1_tl_84" custom="readingOrder {index:83;}">
                <Coords points="1360,2889 3267,2892 3267,2849 3184,2846 1360,2835"/>
                <Baseline points="1379,2874 1473,2877 1568,2874 1663,2876 1758,2874 1852,2874 1947,2877 2042,2875 2137,2877 2231,2877 2326,2879 2421,2877 2516,2877 2610,2877 2705,2880 2800,2880 2895,2880 2989,2882 3084,2883 3179,2883 3274,2889"/>
                <TextEquiv>
                    <Unicode>ludium zu Schnitzlers Schaffen, von solcher Bedeu¬ es ist doch ein besondrer Genuß, diesem wählerisch</Unicode>
                </TextEquiv>
            </TextLine>
            <TextLine id="tr_1_tl_85" custom="readingOrder {index:84;}">
                <Coords points="378,2918 1331,2928 1327,2882 378,2874"/>
                <Baseline points="397,2907 443,2910 490,2910 537,2910 584,2910 631,2910 678,2910 724,2910 771,2911 818,2913 865,2912 912,2910 959,2912 1006,2913 1052,2913 1099,2913 1146,2913 1193,2915 1240,2916 1287,2916 1334,2913"/>
                <TextEquiv>
                    <Unicode>Vierteljahres.) Während das Wiener Burgtheater alle</Unicode>
                </TextEquiv>
            </TextLine>
            <TextLine id="tr_1_tl_86" custom="readingOrder {index:85;}">
                <Coords points="1356,2932 2292,2932 2292,2889 2169,2882 1356,2892"/>
                <Baseline points="1376,2919 1422,2919 1468,2919 1514,2919 1561,2919 1607,2919 1653,2919 1699,2918 1746,2917 1792,2919 1838,2920 1884,2921 1931,2919 1977,2919 2023,2919 2069,2920 2116,2922 2162,2922 2208,2922 2254,2922 2301,2919"/>
                <TextEquiv>
                    <Unicode>tung, daß man jetzt, nach fünfzehn Jahren, gleich ein</Unicode>
                </TextEquiv>
            </TextLine>
            <TextLine id="tr_1_tl_87" custom="readingOrder {index:86;}">
                <Coords points="2324,2932 3263,2939 3263,2892 2324,2885"/>
                <Baseline points="2343,2916 2389,2922 2435,2922 2482,2922 2528,2921 2575,2920 2621,2922 2667,2923 2714,2925 2760,2925 2807,2925 2853,2925 2899,2925 2946,2927 2992,2926 3039,2925 3085,2927 3131,2928 3178,2928 3224,2928 3271,2925"/>
                <TextEquiv>
                    <Unicode>pointierten, wiewohl gelegentlich etwas zu aphori¬</Unicode>
                </TextEquiv>
            </TextLine>
            <TextLine id="tr_1_tl_88" custom="readingOrder {index:87;}">
                <Coords points="381,2968 1320,2972 1320,2925 381,2921"/>
                <Baseline points="400,2955 446,2955 493,2955 539,2955 586,2955 632,2955 679,2955 725,2955 772,2955 818,2955 865,2956 912,2957 958,2956 1005,2958 1051,2958 1098,2958 1144,2958 1191,2958 1237,2958 1284,2958 1331,2958"/>
                <TextEquiv>
                    <Unicode>Kraft und alle Kräfte für den jungen Medardus ein</Unicode>
                </TextEquiv>
            </TextLine>
            <TextLine id="tr_1_tl_89" custom="readingOrder {index:88;}">
                <Coords points="1353,2972 2288,2975 2288,2932 2212,2928 1353,2928"/>
                <Baseline points="1373,2964 1419,2964 1465,2964 1511,2964 1558,2961 1604,2961 1650,2963 1696,2962 1743,2963 1789,2962 1835,2964 1881,2964 1928,2964 1974,2964 2020,2963 2066,2962 2113,2964 2159,2964 2205,2964 2251,2966 2298,2964"/>
                <TextEquiv>
                    <Unicode>Quintett dieser Plaudereien hervorzieht, währen</Unicode>
                </TextEquiv>
            </TextLine>
            <TextLine id="tr_1_tl_90" custom="readingOrder {index:89;}">
                <Coords points="2324,2979 3267,2986 3241,2936 2324,2932"/>
                <Baseline points="2343,2967 2389,2967 2436,2967 2482,2967 2529,2964 2575,2966 2622,2965 2668,2967 2715,2967 2761,2968 2808,2970 2855,2970 2901,2969 2948,2969 2994,2970 3041,2970 3087,2974 3134,2974 3180,2971 3227,2970 3274,2970"/>
                <TextEquiv>
                    <Unicode>stisch oder feuilletonistisch gespitzten Dialog zu lau¬</Unicode>
                </TextEquiv>
            </TextLine>
            <TextLine id="tr_1_tl_91" custom="readingOrder {index:90;}">
                <Coords points="385,3015 1320,3011 1320,2972 1259,2961 385,2964"/>
                <Baseline points="405,3000 451,2997 497,2997 543,3000 590,3000 636,3000 682,2998 729,3000 775,3000 821,3000 868,3000 914,3000 960,3000 1006,3001 1053,3003 1099,3003 1145,3003 1192,3003 1238,3001 1284,3002 1331,3003"/>
                <TextEquiv>
                    <Unicode>setzte, wärmte Brahm den alten Anatol auf. Ein</Unicode>
                </TextEquiv>
            </TextLine>
            <TextLine id="tr_1_tl_92" custom="readingOrder {index:91;}">
                <Coords points="1349,3018 2299,3018 2299,2982 2259,2975 1349,2972"/>
                <Baseline points="1370,3006 1416,3006 1463,3006 1510,3006 1557,3006 1604,3006 1651,3006 1697,3006 1744,3006 1791,3006 1838,3006 1885,3006 1932,3006 1979,3008 2025,3009 2072,3009 2119,3009 2166,3007 2213,3009 2260,3009 2307,3009"/>
                <TextEquiv>
                    <Unicode>man sich früher mit den bühnenwirksamsten Stücken</Unicode>
                </TextEquiv>
            </TextLine>
            <TextLine id="tr_1_tl_93" custom="readingOrder {index:92;}">
                <Coords points="2328,3029 3277,3025 3274,2979 2324,2979"/>
                <Baseline points="2343,3012 2390,3012 2437,3012 2484,3009 2531,3009 2578,3010 2625,3011 2672,3010 2719,3011 2766,3010 2813,3014 2860,3013 2907,3012 2954,3012 3001,3014 3048,3015 3095,3017 3142,3015 3189,3015 3236,3015 3283,3015"/>
                <TextEquiv>
                    <Unicode>schen, und wenn uns der Inhalt dieses zahmeren</Unicode>
                </TextEquiv>
            </TextLine>
            <TextLine id="tr_1_tl_94" custom="readingOrder {index:93;}">
                <Coords points="381,3058 1331,3065 1331,3011 1238,3000 381,3011"/>
                <Baseline points="400,3041 446,3041 493,3041 540,3041 587,3041 634,3041 681,3042 727,3044 774,3044 821,3044 868,3044 915,3044 962,3044 1009,3044 1055,3044 1102,3044 1149,3046 1196,3047 1243,3044 1290,3047 1337,3047"/>
                <TextEquiv>
                    <Unicode>musterhafte Vorstellung hätte die reaktionäre Wahl</Unicode>
                </TextEquiv>
            </TextLine>
            <TextLine id="tr_1_tl_95" custom="readingOrder {index:94;}">
                <Coords points="1353,3058 2288,3061 2288,3018 1353,3015"/>
                <Baseline points="1373,3047 1419,3050 1465,3050 1511,3050 1558,3047 1604,3047 1650,3047 1696,3048 1743,3050 1789,3050 1835,3050 1881,3050 1928,3050 1974,3050 2020,3050 2066,3050 2113,3050 2159,3050 2205,3052 2251,3053 2298,3053"/>
                <TextEquiv>
                    <Unicode>begnügte? Wahre Bedeutung gewinnen sie erst durch</Unicode>
                </TextEquiv>
            </TextLine>
            <TextLine id="tr_1_tl_96" custom="readingOrder {index:95;}">
                <Coords points="2324,3065 2745,3054 2946,3097 3277,3065 3277,3025 2968,3011 2324,3029"/>
                <Baseline points="2343,3053 2390,3053 2437,3050 2484,3053 2531,3053 2578,3052 2625,3051 2673,3053 2720,3053 2767,3054 2814,3054 2861,3055 2908,3056 2955,3056 3003,3058 3050,3059 3097,3059 3144,3062 3191,3062 3238,3062 3286,3065"/>
                <TextEquiv>
                    <Unicode>„Reigens nicht mehr wie einst ergreift: die Form,</Unicode>
                </TextEquiv>
            </TextLine>
            <TextLine id="tr_1_tl_97" custom="readingOrder {index:96;}">
                <Coords points="374,3108 2284,3108 2263,3061 374,3058"/>
                <Baseline points="394,3083 489,3086 584,3086 679,3086 774,3088 869,3087 964,3091 1059,3089 1154,3089 1249,3089 1344,3091 1439,3093 1534,3092 1629,3092 1724,3092 1819,3092 1914,3092 2009,3093 2104,3093 2199,3092 2295,3092"/>
                <TextEquiv>
                    <Unicode>erklären und verklären können. Zu spielen ist daran die „Liebelei. Denn (si parva licet componere ma</Unicode>
                </TextEquiv>
            </TextLine>
            <TextLine id="tr_1_tl_98" custom="readingOrder {index:97;}">
                <Coords points="2310,3119 2389,3123 2464,3101 2515,3105 2543,3130 2637,3115 2731,3133 2774,3101 2795,3105 2795,3061 2687,3076 2630,3058 2554,3061 2540,3076 2475,3058 2310,3061"/>
                <Baseline points="2331,3095 2356,3095 2381,3095 2406,3095 2431,3095 2456,3095 2481,3096 2506,3098 2531,3098 2556,3098 2581,3098 2606,3098 2631,3098 2656,3098 2681,3098 2706,3098 2731,3098 2756,3099 2781,3101 2806,3101"/>
                <TextEquiv>
                    <Unicode>bleibt eine „joy for ever.</Unicode>
                </TextEquiv>
            </TextLine>
            <TextLine id="tr_1_tl_99" custom="readingOrder {index:98;}">
                <Coords points="374,3151 1324,3166 1324,3097 374,3108"/>
                <Baseline points="394,3131 440,3131 487,3131 534,3131 580,3134 627,3131 674,3131 720,3132 767,3134 814,3134 861,3134 907,3134 954,3134 1001,3136 1047,3137 1094,3135 1141,3136 1187,3137 1234,3137 1281,3137 1328,3137"/>
                <TextEquiv>
                    <Unicode>nicht viel. Die Schauspieler müssen die Figuren sein</Unicode>
                </TextEquiv>
            </TextLine>
            <TextLine id="tr_1_tl_100" custom="readingOrder {index:99;}">
                <Coords points="1349,3162 2306,3151 2306,3101 1349,3097"/>
                <Baseline points="1370,3140 1417,3137 1464,3137 1511,3137 1559,3137 1606,3137 1653,3137 1701,3137 1748,3138 1795,3138 1843,3139 1890,3140 1937,3140 1984,3138 2032,3139 2079,3140 2126,3140 2174,3140 2221,3140 2268,3140 2316,3143"/>
                <TextEquiv>
                    <Unicode>gnis) Arthur Schnitzlers Anatol-Dialoge verhalten</Unicode>
                </TextEquiv>
            </TextLine>
            <TextLine id="tr_1_tl_101" custom="readingOrder {index:100;}">
                <Coords points="2371,3155 2389,3151 2410,3173 2421,3169 2428,3177 2453,3155 2486,3162 2493,3155 2515,3159 2511,3105 2471,3108 2443,3101 2432,3112 2418,3105 2367,3112"/>
                <Baseline points="2391,3137 2417,3139 2444,3141 2471,3142 2498,3144 2525,3146"/>
                <TextEquiv>
                    <Unicode>4. Dez.</Unicode>
                </TextEquiv>
            </TextLine>
            <TextLine id="tr_1_tl_102" custom="readingOrder {index:101;}">
                <Coords points="3097,3151 3144,3155 3159,3169 3184,3169 3198,3180 3223,3169 3263,3191 3285,3184 3281,3076 3231,3083 3216,3097 3191,3090 3159,3108 3112,3097 3094,3101"/>
                <Baseline points="3116,3149 3141,3149 3167,3149 3192,3149 3218,3150 3243,3152 3269,3155 3295,3158"/>
                <TextEquiv>
                    <Unicode>M.</Unicode>
                </TextEquiv>
            </TextLine>
            <TextEquiv>
                <Unicode></Unicode>
            </TextEquiv>
        </TextRegion>
    </Page>
</PcGts>
