3344 4256
262 153 1197 251 4.9. Anatol - Zyklu-
1390 146 1739 244 box 9/1
560 346 1063 539 .
2325 502 3279 582 THE SONS, MAI
313 611 2387 822 A FAMOUS VIENNESE
2562 633 2860 822 LAY
2565 819 2893 888 Max Who was she
1838 822 2525 913 Max Dash it, no! It's you want to find
1801 870 2100 946 things out, not
2565 855 3260 928 Anatol-It doesn't matter. I held ber
1838 891 3242 964 Anatol-Yes. There's another thing to in my arms once. That's all there is to her
327 891 1965 993 Winthrop Ames to Give the Anatol thinko.
2558 953 3228 997 Max (as he put the packet aside)
1834 961 2140 1033 Max What now?
2529 975 3253 1052 Stand down, Matilda. She does up small
1838 993 2678 1084 Anatol-What about her sub-responsible anyhow
509 997 1634 1088 Cycle by Arthur Schnitzler
1798 1048 1889 1103 self
2565 1033 3006 1121 Anatole look of hair.
2558 1084 2864 1139 Max No letter?
1838 1063 2314 1135 Max What the devil's that
2554 1099 3242 1164 Anatoletters from Matilda
670 1095 1448 1186 for the First time
1827 1103 2518 1172 Anatol-Under the stimulus of certain
1798 1153 3242 1197 extraordinary circumstances, quite be¬
353 1157 3242 1270 Arthur Schnitzler is perhaps the fore- the recipient of all his confidences. On lieve that one is not a fully independent sometimes with women weren't taugh
2518 1223 2955 1284 to write Exit Matilda.
320 1223 1918 1277 most dramatist of Austria. He has this particular afternoon of a day which agent.
2565 1259 2984 1306 Max reads another label.
1830 1241 2489 1303 Max Would you put that into English?
324 1277 1779 1325 written many long plays of which only is rapidly drawing to an end the fortunate
2558 1263 3249 1335 Max Women are like in one thing,
1823 1295 2514 1354 Antell imagine some room, of
324 1317 3242 1386 one has ever been acted here in English. Anatol is receiving the congratulations of ourtained, dimly lit, glowing with warmth they turn impudent if you catch then
2522 1357 2740 1408 out in alie.
324 1350 1983 1405 There was given at the Berkeley Lyceum Max on his success as a hypnotist. It and color.
2565 1368 2871 1441 Anatol-They do
324 1383 1779 1441 The Reckning," an adaptation of "Lie¬ also happens that Anatol is as usual pos¬
1838 1383 2347 1456 Max Right, I've imagined it.
2558 1401 3217 1470 Max Who was it has very her.
313 1412 1783 1481 belei," which had previously been played sessed with the thoughts of one of his
1838 1423 2511 1496 Anatol-There she sits, she and som¬
2565 1459 3246 1517 Anatol-Lies eight pages long. Oh, put it
1805 1466 1994 1525 other man.
324 1470 1783 1521 with great success by Agnes Sorma at loves. He cannot sleep for the thought
1823 1481 2656 1546 Max-But what's she doing there at all away.
320 1506 1790 1557 the Irving Place Theatre. Mrs. Fiske that his Hilda may not be devoted to him
1819 1543 2514 1594 Anatolas not the point for the
320 1550 2518 1616 produced at the Lyceum "The Green Cock- as single heartedly as he wants. So moment. She is there, we'll suppose
320 1590 1779 1641 too in English. Of all the plays of Max suggests that there could be nothing
1801 1608 2525 1652 Supper, a glass of wine, cigarettes, silence.
324 1623 2522 1685 Schnitzler, however, none has done so easier than to hypnotize Hilda and find And then a whispered word or two. Oh,
317 1667 2522 1717 much for his fame outside of his own out just what her motions are toward my dear Max, colder women than she
324 1707 2522 1754 country as the so-called "Anatol Cycle," him. When Hilda arrives she is quite haven't stood prim against such temptation.
324 1736 1787 1790 But this has never been presented here, willing to undergo the experience. She
1827 1750 2518 1787 I should say that if you're in love
317 1779 2514 1819 One episode from this so-called cycle of even suggests to Anatol that she would with some one, you've no business to find
1801 1816 2511 1878 yourself in a room like that with somebody
320 1823 1779 1867 seven short plays has been acted in French like to be hypnotized some time. She
317 1841 1881 1899 in this city. Curiously enough, it was places herself on a chair and after a few
1827 1859 2518 1950 Anatol-But I know how things war
317 1899 1041 1961 also seen at the Berkeley Lyceum. Char
1066 1899 1943 1976 passes from the hero she shows signs of happen.
309 1929 1783 1987 lotte Wiche gave there the scene called passing into a state of unconsciousness
1823 1925 2522 1998 Max Anatol, it won't do. Here's pour
317 1976 2518 2027 The well Supper," The six other. It is rather disturbing to her friends to riddle with its answer ready. It’s to be
309 2020 2518 2060 incidents of the cycle remain quite un have her tell one fib when Anatol begins solved with a word. One question to find
302 2045 2522 2100 known to this country. Now Winthrop his investigations. Here is a specimen of out who shares her with you, and how big
1794 2092 2518 2132 is the share. You won't as the You
302 2092 1299 2140 Ames has been courageus enough to the dialogue:
1801 2125 2518 2169 suffer agonies. What wouldn't you give
309 2129 1052 2176 announce at the Litte Theatre will
1092 2114 1601 2191 Anatol-How shall we begin
1801 2161 2514 2201 to know, just to be sure. Well, the
309 2161 1052 2220 next year be given over to these plays
1092 2169 1768 2220 Max (after a moment) How old is she?
1798 2194 2525 2234 book one and you won't even turn the
295 2194 1055 2252 che internationalen
1092 2212 1779 2274 Anator Steendet. Lata, how die
1801 2223 2525 2271 page. Why? Because you might fin¬
317 2234 1223 2289 Mr. Ames is thus sufficiently flattering are you
1794 2260 2518 2300 written there that a woman you're in love
1092 2263 1434 2322 Hilda Twenty-five.
313 2278 1055 2329 to New Yorks taste to put it on a level
1798 2292 2522 2336 with is no better than you ser all women
313 2322 1048 2365 with that of the other cities of the world
1092 2271 2518 2372 Max-Ohl (and he dissolves into sient are you don't want the truth, you want
324 2340 1234 2409 which have delighted in the light humor us).
1801 2365 2518 2405 to keep your illusions. Wake her un, and
1084 2351 2522 2442 Anatoirsch! That's od. But the morrow be content with the globus
313 2387 1546 2482 and the sprightly philosophy of Schnitz- brighten, but there you are
1801 2434 2525 2500 thought that you could have found out,
313 2434 517 2489 ler's hero.
1088 2423 2125 2522 Max She never thought che'd be such a only you wouldn't.
353 2445 1215 2543 For this young man is, it is to be feared, success.
1819 2478 2518 2554 So Anatol never finds out what the fee¬
317 2514 1048 2562 not at all a straightlaced and Puritanica
1084 2500 1776 2558 Anatol-Well, one more martyr to science
313 2547 2522 2605 youth. On the other hand, he has en¬ Let's try again. Hilda, do you love me ings of his friend may be toward the rest
1790 2584 2514 2631 of the world. And he is the happier for
320 2587 1536 2645 joyed his young life. He has not in the Hilda, dear, do you love me?
1092 2627 1306 2667 Hilda Yes.
1787 2624 2518 2667 it since Hilda has shown in saying that she
324 2634 1052 2674 least ignored the pleasures that were to
1099 2627 1630 2704 Anatol-There, that's the truth.
1798 2664 2511 2707 was 10 and not 25 that when can fi¬
324 2667 1052 2718 be had on the easy progress through his
1092 2689 2525 2758 Max-And now for the all important just as well when they are asleep as when
320 2696 1525 2762 fortunate existence. The world has been question, is she true to you
1794 2736 2092 2791 they are awke.
317 2747 1044 2787 very kind to him. In return he has grace¬
1092 2736 1779 2802 Anatol strikes the correct attitude for this
1830 2751 2522 2824 A Christmas (ift" is a conversation
317 2780 1052 2827 fully partaken of all the delights the world
1084 2791 1772 2846 Anatoires. Hilda, are you (but
1798 2809 2522 2864 that takes place between Anatol and one
317 2809 1543 2878 had to offer. The sucess of the so-called frowns). No, that won't do¬
1794 2856 2525 2915 of his women friends when they take
1790 2896 2522 2944 refuge under a s'affolding to awaita
1790 2933 2514 2980 cab. She mi ht have been very much
1787 2973 2511 3020 closer to Anatol than she ever has been
1790 3017 2514 3067 which is shown by the one he assumes
1783 3042 2518 3104 toward her. With family and friends
1787 3086 2518 3137 and weath to protect her, she weathered
1783 3129 2507 3177 the storm without trouble. Both are
1794 3169 2511 3213 buying gifts, since it is the eye of Christ¬
1787 3206 2511 3253 mas. He is looking for one of a modest
1779 3242 2507 3300 member of his admiring circle of woman¬
1790 3282 2514 3326 kind. He tells his purpose to Gabrielle,
1783 3319 2518 3384 his old friend, and her curiosity in the girl
1790 3362 2212 3424 is immediately aroused
1819 3399 2161 3453 Gabriello¬
2223 3384 2518 3468 What sort of a
1787 3420 2329 3490 castle does the princess live in
1827 3460 2514 3519 Anatol-Can you imagine a fairy princesa
1787 3486 2511 3559 in anything but the smartest of drawing
1787 3548 1929 3595 rooms
1787 3551 2511 3639 Gabrielle a little tarttui Thank you,
1787 3617 1878 3671 can.
1812 3621 2518 3690 Anatol-Because this one lives in a little
1779 3682 2507 3737 room, with a cheap and nasty wallpaper
1790 3719 2514 3759 With a few Christmas numbers hanging
1787 3752 2514 3792 about and a white shades lamp on her
1783 3784 2511 3828 table. You can see the sunst from the
1790 3821 2514 3864 window over the roofs and through the
1790 3850 2514 3893 chimneys. And in the spring you can al¬
1787 3890 2522 3941 most smell the flowers in a garden across
1794 3926 1998 3981 the way.
1819 3930 2518 4006 Gabrielle It must be a sign of great
1790 3977 2496 4046 happies, looking forward to the spring.
1819 4021 2511 4068 Anatole, even I feel happy now and
1794 4043 2507 4115 then, sitting with her at the window
1812 4086 2554 4134 Gabriele gives a little shiver, the
