3296 4224
472 19 1410 81 vierden das eigentlich Typische an Schnitzler.
477 70 1404 153 Daß die fünf „Anatol-Einakter für das
471 118 1411 184 Olmützer Theater eine Novität waren, ist eine
468 170 1213 246 Tatsache, die den Referenten in den
1241 184 1412 250 Zustand
468 215 1403 298 einer Art kritischer Melancholie versetzt. Längst
479 270 1400 347 Gesagtes noch einmal sagen! In eine Zeitung
471 326 1395 404 zu setzen, was schon lange in der Literaturge¬
480 374 1403 443 schichte steht. Und so sehr neuartig auch heute
471 426 1404 493 noch diese fünf Akte anmuten, so überholt
469 483 1394 561 müßte ein Referat klingen, das sich darin ge¬
471 521 1394 604 fiele, „Anatol“ heute als eine „Novität" auszu¬
468 579 1337 656 fassen. Hier fünf literarische Immortellen,
464 629 1398 705 und da eine Zeitung von — gestern Nein!
466 670 1398 749 Es war mir peinlich genug, als ich hier vor
464 726 1326 811 drei Jahren über Ibsens „Rosmersholm
463 777 1265 861 24 Jahre nach der Ur=Aufführung!
468 821 1301 896 schreiben mußte. Es ist ja klar, warum
464 879 1396 964 diese fünf Akte so spät in das Repertoire eines
458 926 1391 1016 Provinztheaters eingliedern: sie erheischen eine
463 983 1395 1067 ausgesuchte Darstellergruppe von einer ganz
456 1029 1390 1111 spezifischen Art, wie sie das Theater nicht alle
458 1088 1393 1161 Jahre findet. Der Durchschnitts=Komödiant
458 1140 1393 1214 macht eine verzerrte Posse daraus. Aber diese
463 1180 1395 1264 fünf Sachen müssen so gespielt werden, als
458 1237 1396 1303 würden sie gar nicht von ungeschlachten Men¬
466 1283 1394 1357 schen dargestellt, sondern nur von kleinen, zier¬
466 1339 1393 1426 lichen Porzellan=Figurchen auf einen kostbaren,
454 1393 1393 1455 mit Perlmutter eingelegten Spieluhr, die dazu
454 1430 1386 1514 leise, mehr in Moll als in Dur, einen Lan¬
454 1486 1386 1561 ner'schen Walzer ausspielte, während dem ver¬
451 1533 1389 1615 träumten Zuschauer von irgendwoher ein seiner
454 1588 1137 1669 Thymian=Duft entgegenströmte..
544 1641 1385 1716 Und mit diesem Bilde sende ich der Tar¬
456 1682 1386 1776 stellung des gestrigen Abends das höchste Lob.
464 1738 1381 1810 Sie gab sich so. Ja, ich mache mich ganz be¬
456 1796 1381 1873 stimmt keiner Übertreibung schuldig, wenn ich
452 1839 811 1909 erkläre, daß ich —
845 1849 1381 1919 so weit es sich um die bo¬
451 1886 1117 1967 denständigen Ensembles handelte
1205 1911 1375 1980 seit Jah¬
444 1951 1377 2016 ren in Olmütz keinen so vollends abgerunde
446 1996 1379 2068 ten, harmonisch zusammengestimmten Theater¬
452 2060 1381 2131 abend miterlebt habe, wie den gestrigen. Das
442 2100 1374 2187 wurde allerdings vor allem durch den Umstand
444 2160 1269 2225 ermöglicht, daß die Besetzungsmetrie
444 2192 1377 2266 diesen Abend nur mit einigen wenigen Grö¬
454 2249 1373 2324 ßen zu operieren braucht, die aber freilich durch¬
444 2305 1233 2382 wegs vollgültige Einheiten sein müssen.
1282 2320 1371 2379 Eine
440 2361 1373 2433 einzige Null hebt die ganze Summe auf. Viel¬
440 2403 1375 2486 leicht gewann man im letzten Akte manchmal
447 2454 1375 2531 den Eindruck, daß sich die allgemeine Stim¬
435 2499 1362 2576 mung der Gesamtdarstellung — vielleicht unter
439 2558 1363 2637 den stimulierenden Wirkungen des Applauses
524 2604 1363 2683 jener verhängnisvollen Grenzlinie nähere
432 2668 1365 2740 an der die gedankenvolle Berechnung jeder,
440 2715 1373 2789 auch der kleinsten, Nuance aufhört, um dem
439 2766 1371 2828 mehr possenhaften Outrieren Platz zu machen;
503 2806 1369 2889 aber nein, diese Grenzlinie wurde glück¬
432 2871 1370 2937 licherweise nicht überschritten. Immer hielt vor
436 2914 1367 2987 ihr vor allem die feinsinnige Darstellung des
436 2967 1367 3028 Herrn Hans Götz zurück, eines ausgezeichne¬
432 3024 1371 3104 ten Konversationsdarstellers, der — wie gestern
434 3064 1325 3129 ein guter Beobachter ganz richtig bemerkte
427 3115 1369 3196 an den Korff der jüngeren Jahre fast mit
444 3165 1362 3244 sinnfälliger Deutlichkeit erinnert. Die legere,
298 3201 1369 3298 durchaus natürliche Art, sich zu geben, der
430 3264 1389 3370 scheinbar nonchalante, aber gewiß nur gut be¬
310 751 422 846 5
1436 0 2359 100 endliches Kabinettsche temperament
1443 80 2367 158 voller Darstellungs = Plastik. Die Ilona des
1444 129 2362 210 Frls. Liebwalt war sehr tief erfaßt in der
1444 186 2359 258 ganzen Anlage sowohl, wie in der Erfassung
1435 235 2370 307 hysterischer Affektationen. Die Regie des Herrn
1446 285 2365 360 Paulmann sorgte für Eleganz und mög¬
1435 339 2274 411 lichst gute Ausstattung der Szenenbilder,
1435 379 2261 451 von gewissen Wiener Geschäfts=Auslagen
1431 432 2358 500 türlich vollständig abgesehen. Alles in allem:
1432 485 2363 564 ein tadelloser Abend, auf den wir das Publi¬
1434 531 2358 605 kum aufmerksam machen. Publikum? Das
1427 593 2365 656 Haus war ja nicht gerade schlecht besucht. Aber
1430 633 2369 708 dieser Abend hätte eben einen noch besseren
1430 685 2362 753 Besuch verdient. Jetzt hat das Publikum au¬
1430 745 2357 813 genscheinlich ein gutes Schauspiel. Warum
1432 793 2371 870 kommt es also nicht in hellen Scharen? Wo
1435 835 2361 935 steckt es denn? Hinter dem Ofen? — Der
1431 887 1890 971 Teufel soll es holen!-
2226 908 2320 980 ch.
