3436 4352
1636 67 2316 137 er den
1636 121 2321 173 ing, moves noiselessly to serve the
1638 165 2308 209 dishes and withdraws. The two are
1638 201 2316 260 left togethera gentleman upper¬
1638 242 2313 330 class Vienna, a lady of any class, or
1638 296 1742 345 none.
1669 309 2301 394 "We have seen this comedy before,
1636 376 2316 430 you say at first. It is sensuous, base.
1638 415 2313 484 It is none of these, for Schnitzel is a
1636 466 2321 518 magician. An honorable magician,
1638 495 2321 549 moreover. His work is never ugly. He
1638 536 2321 598 avoids sensuality by his honesty as an
1641 577 2321 634 artist. There is nothing unnatural.
1644 623 2326 672 nothing immoral, nothing even furtive
1644 660 2316 729 for him in the relationship of lover
1638 698 2319 770 and mistress. A certain discretion is
1644 747 2028 814 preserved that is all.
1675 763 2316 848 He traces the psychology of the in¬
1651 835 2324 899 timacy. Within the limits he has
1649 871 2329 927 chosen for himself he teils everything
1651 922 2324 971 that can be told, and much that the
1654 961 2329 1018 lesser artist is afraid to tell. Details of
1651 1000 2326 1054 circumstances are nothing to him,
1649 1033 2332 1092 moods everything. His drama depends
1649 1085 2332 1136 upon a crisis in the lives of two peo¬
1657 1121 2337 1188 ple the inevitable passing from old
1649 1162 2332 1216 relationships to new. No flash of
1651 1206 2326 1257 thought escapes him. He records every
1646 1247 2332 1316 motive. In the crisis itself there can
1649 1293 2332 1337 be no compromise. The break must
1654 1329 2334 1396 come when one of the lovers desires it,
1654 1376 1942 1438 however faintly.
1677 1407 2334 1466 As long as romance spreads her wings
1649 1445 2332 1523 the intimacy last; the instant they are
1649 1499 2329 1566 folded it must come to an end at what¬
1657 1541 2339 1592 ever cost of suffering. That is the first
1662 1587 2339 1646 condition of equality between men and
1662 1633 2344 1680 women; a brutal condition, but one
1659 1669 2342 1721 which must be faced. In the moment
1654 1711 2337 1772 of party pity is a dishonorable emo¬
1662 1752 2337 1809 tion, chivalry the grossest form of pat-
1657 1801 2344 1847 ronage, sentimentality a nauseous drug.
1662 1834 2342 1888 Even the most cynical frankness is
1654 1876 2344 1942 fairer, and that is Schnitzlers weapon.
1690 1919 2347 1976 He analyzes the transition moment
358 1894 1561 1986 Angele as he looks, he is a storm center in the forces particulari¬
1667 1955 2342 2012 in the scenes of Anatol. Outwardly,
793 1968 1134 2022 in the trial scenes
1659 1999 2344 2046 between the lovers, all is just as it was
1667 2038 2337 2097 upon the first evening; inwardly every¬
1669 2087 2344 2143 thing is changed. The man must be
281 2071 1572 2172 Schnitzler’s Affairs of Anatol
1669 2120 2357 2180 free. Conversation grows lame. At
1672 2164 2355 2218 last the explanation comes, and the
1675 2205 2344 2259 woman departs; sometimes with frankly
312 2141 1651 2285 As Summed up by Ashley Dukes
1669 2246 2352 2313 outstretched hand and a glance of un¬
1669 2288 2352 2350 derstanding, sometimes helplessly in
1672 2329 2342 2386 tears or riotously in a storm of indig¬
412 2298 1638 2398 COLLEGE freshman was asked Dramatiste, that are used as an intro¬
397 2373 2344 2445 once to make up sentences, duction to the Modern Library edition nation. For these latter types the man
1669 2417 2355 2473 has only a shug of the shoulders as
343 2388 1203 2491 using certain names in such a of Anatol.
1010 2427 2355 2535 The most famous of Schnitzlers he lights a cigarette. They offend his
286 2473 969 2540 way that they would show he knew who
1675 2496 2350 2566 sense of decorum and compel him to
291 2520 1649 2576 or what they were. He used the name plays, wrote Mr. Dukes, is "Lebel¬
1675 2545 2115 2607 regard them as inferiors.
291 2569 1654 2620 Loti by saying that "The Loti are in the English version Flitation")
1703 2566 2357 2641 For the others he bears a touch of
291 2607 1646 2656 tribe of Indians in Wyoming," and But in reality they are all Liebelei,
1672 2628 2355 2695 melancholy as a sign of mourning. He
281 2651 1644 2700 Schnitzler was identified as a brand of from "Anatole to the "Countes, Mitzi
984 2669 2355 2751 The moralis will und ration will think of them in future twilight
286 2697 608 2762 beer in Germany.
319 2710 2355 2782 While such egregious ignorance is uphemism, but Schnitzler has nothing moods. But a few weeks later he will
286 2759 2355 2834 rare, it remains true that Schnitzler is to do with moralists or morality. His hire a new room in another side street
291 2790 2355 2873 known to only a small group in America subject is always the same the lover (not the same room, for that would be
286 2844 2352 2921 as compared with his extensive follow and a mistress or two. It is treated unbeautiful) for the reception of an¬
294 2867 2355 2960 ing throughout Europe. Only during gracefully enough, with little passion other mistress, and the old light of love
291 2921 2100 3009 the last few years have his novels and much gentle melancholy, little will pass to a new lover.
1711 2937 2360 3012 There is Anatol, the Schnitzler hero,
296 2976 1664 3048 gained popularity here. And few are humor and much wit. His power lies
294 2999 2357 3081 familiar with his plays. However, in chiefly in the creation of an atmos¬ and there are the Schnitzler heroines
296 3035 2360 3117 central Europe and especially in his phere in twilight atmosphere as one finds in his company. They have
296 3081 2362 3164 native Vienna Anatol and his other of autumn evenings crowded with most of the vices of their city and the
1680 3122 2357 3174 quintessence of its charm; frivolity
301 3140 1657 3210 plays are regularly revived every season reminiscence. It is indescribably
994 3171 2365 3267 charming and completely aimless. A tinged with regret and intrigue with
296 3200 407 3269 or so,
330 3215 1796 3295 His fame in the United States has crisis arrives, a catastrophe occurs; but grace.
296 3264 1664 3334 he to await the development that has it is an intimately personal catastrophe.
299 3305 1664 3383 now come about, of a sophisticated au¬ accepted with ironical resignation by
304 3336 1675 3419 dience. For his dramatic method, ac¬ aristocrather, and added with a
299 3388 1608 3462 cording to the English critic Ashley sigh to his repertory of experience.
1030 3424 1672 3488 The aristocrat-hero, exemplified by
296 3450 984 3506 Dukes, is the intellectualization, the
299 3481 1677 3537 refinement, of the Viennese waltz, a Anatol, is Schnitzlers most charm¬
299 3504 1677 3576 method that requires a cultured and ing characteristic figure. New mis¬
997 3547 1680 3602 tresses for old" is his eternal problem
307 3563 951 3627 worldly audience for its appreciation.
332 3596 1672 3666 In view of the production by Bela and an imp is ever at his elbow whis¬
301 3627 1680 3702 Blau of Schnitzlers Anatole that is pering that the old were better. Still,
301 3669 1675 3743 opening at the Lyceum Theater next he must obey the law of his own na¬
304 3718 1675 3785 Friday evening with Joseph Schildkraut ture and the women come and go.
312 3764 1680 3826 in the central role the first appearance They arrive timidly, half-conscious
304 3795 1675 3870 of a Schnitzler work in English in New only of their power. They yield, and
314 3836 1680 3913 York in many years the casual play for a while some tiny raftered room
307 3885 1677 3947 goer can profitably be reintroduced to with latticed windows, discretly hid¬
312 3921 1680 3991 the playwright with the remarks of den in a narrow by way of the city, is
314 3962 1682 4076 Anley Dukes in his book, Modern made the meeting place. Frey
