3484 4352
270 199 777 310 4.9. Anatol
936 204 1172 311 Zyklu-
375 510 717 622 „OBSERVER
327 597 760 686 I. Österr. behördl.
382 658 708 728 konzessionirtes
459 707 630 782 Bureau
342 769 723 843 für Zeitungsnachrichten
462 826 629 888 Wien, 1.
365 860 698 944 Konkordiaplatz 4
398 980 1403 1121 167. 1910 Münchner Neueste Nachrichten
810 1142 1164 1215 Wiener Theater
563 1180 1439 1265 Artur Schnitzlers „Anatol"-Szenen haben
522 1242 1439 1307 bei ihrer Wiener Premiere ebenso wie bei der Ber¬
526 1284 1437 1336 liner dem Dichter einen schönen und ganz selbst¬
525 1325 1428 1386 verständlich mühelosen Erfolg gebracht. In den
526 1366 1430 1419 zwei Jahrzehnten, seitdem sie entstanden sind, ist ihr
535 1401 1428 1455 Duft ein wenig zarter geworden, und fast sehen wir
526 1432 1430 1494 Freund Anatol, den Wiener Lebejüngling, schon als
530 1480 1428 1536 würdigen Herrn der Literarhistorie. Es gibt Leute,
525 1509 1423 1580 die in ihm den Typus des reichen jungen, Wiener
526 1552 1426 1608 Patriziers sehen wollen, den Hausherrnsohn eines
529 1590 1428 1648 sanfteren und lächelnden Wien, das immer tiefer
522 1634 1422 1692 versinkt. Aber die spöttisch-sentimentalen Liebeleien
524 1664 1423 1728 dieses graziösen Genießers sind wohl nie typisch ge¬
520 1708 1426 1772 wesen. Dazu waren sie zu kultiviert, zu geistreich, zu
513 1750 1423 1812 wissend. Ich glaube nicht, daß solche Eigenschaften
520 1782 1423 1849 bei den „Süßen Mädeln" den Erfolg bringen.
526 1824 1426 1883 Schnitzler ist in seinen späteren Dichtungen unend¬
522 1853 1423 1925 lich reicher, stärker, bedeutender als in diesen kleinen
521 1906 1415 1960 Gaben seiner Jugend. Indes, es ist doch schon alles
521 1949 1414 1999 darin, was später in ihm reifte und wuchs, es blüh¬
530 1982 1416 2032 als Knospe, was dann Blume und Frucht ward.
520 2011 1437 2094 Noch dringt er hier nicht in Tiefen, aber schon sieht
584 2125 1478 2204 er sie überall mit Dichteraugen. Das Deutsche
576 2152 1476 2231 Volkstheater hat für Anatols Harem den gan¬
568 2201 1469 2277 zen Reichtum seiner schönen und begabten Schau¬
583 2231 1476 2321 spielerinnen gewidmet und so gab es noch überall
574 2270 923 2382 Erfolge im Erfolg.
1377 196 1733 301 box 8/4
2813 169 3157 261 Telephon 12.801.
2781 258 2941 390 R
2206 286 2723 419 „OBSER
2121 371 3158 473 österr. behördl. konz. Unternehmen für Zeitungs-Ausschnitte
2233 455 3037 553 Wien, I., Concordiaplatz 4.
2440 542 2827 615 Vertretungen
2106 601 3152 651 in Berlin, Budapest, Chicago, Christiania, Genf, Kopen¬
2103 628 3161 716 lagen, London, Madrid, Mailand, Minneapolis, New-York,
2150 675 3111 750 Paris, Rom, San Francisco, Stockholm, St. Petersburg.
2440 716 2831 789 (Quellenangabe ohne Gewähr).
2099 749 3037 876 Ausschnitt Wiener Leben
2382 852 2635 938 17 12.1910
2114 895 2230 979 vom
2764 922 3074 1006 (Schluß folgt.)
2314 1037 2990 1138 Wiener Theater.
2276 1134 3119 1220 Deutsches Volkstheater. Es war eine
2177 1190 3116 1257 ausgezeichnete Idee, in den „Medardus¬
2180 1249 3116 1319 Tagen an den „Anatole zu denken, der
2173 1315 3121 1379 seit schon fast achtzehn Jahren ein stilles
2177 1370 3119 1439 Buchdasein führt, nur zeitweilig in einem
2180 1431 3121 1513 Bruchstücke zum Bühnenleben erweckt. Es
2173 1488 3119 1556 ist sicherlich nicht die Schuld des Dichters
2173 1547 3112 1615 Artur Schiller, wenn heute diese
2180 1612 3121 1681 Einakter nicht mit jener bezwingenden Ur¬
2173 1664 3119 1733 sprünglichkeit wirken, die ihnen eigentlich
2173 1722 3112 1819 innewohnt, wenn die Farben etwas abge¬
2173 1838 3118 1900 blaßter sind und das Wort vom „süßen
2172 1894 3110 1973 Mädl“ an Klangreiz verloren hat. Achtzehn
2168 1950 3111 2023 Jahre sind eine lange Zeit und in dieser
2177 2001 3110 2074 langen Zeit fanden sich mehr als genug, die
2169 2064 3104 2135 aus diesem Anatol Duft, Farbe und Ideen
2168 2127 3107 2196 herausgriffen und in eigenen Gebrauch
2169 2193 3098 2283 nahmen. Schnitzler hatte bei dieser jüng¬
2173 2271 3114 2363 sten Première wohl unter seinem ersten
2180 2342 3118 2441 Erfolg zu leiden, er hatte die Schlagkraft
2180 2409 3111 2483 seiner eigensten Ideen zu büßen. So kam
2183 2467 3119 2548 es, daß die fünf Anatol-Einakter, die das
2181 2520 3116 2608 Deutsche Volkstheater aus den sieben
2192 2590 3123 2673 Stücken gewählt hatte, nicht jene große
2197 2639 3120 2726 Wirkung taten, deren sie vor Jahr und Tag
2185 2714 3125 2785 sicher gewesen wären. Dennoch konnte
2189 2758 3129 2833 der Dichter an seinem Erstlingswerke noch
2190 2822 3128 2895 helle Freude erleben. Man gab: „Die
2192 2881 3136 2950 Frage an das Schicksal“, „Weihnachtsein¬
2192 2936 3135 3009 käufe", „Abschiedssouper“, „Episode und
2201 2996 3099 3083 „Anatols Hochzeitsmorgen. Das Haus¬
2198 3042 3140 3129 auf Sensation gestimmt, von Frauen und
2198 3108 3140 3187 Mädchen überfüllt — stand vom ersten
2198 3177 3135 3260 Augenblicke in des Dichters Bann und gab
