3484 4256
1433 179 1775 284 box 9/1
316 183 1245 299 4.9. Anatol - Zyklus
1656 727 2666 802 von Welt und Vermögen gerade in der heutigen
1666 789 2663 856 Zeit in der ganzen Art der hier zum Ausdruck
1670 836 2654 893 kommenden Lebensauffassung und Weltanschau¬
1672 882 2663 956 ung schwächlich, ja frivol an — sie passen eben
1666 933 2660 994 zu dem Stimmungsumschwung, der sich in je¬
1670 975 2661 1040 dem mehr oder weniger nachhaltig vollzogen hat,
1666 1025 2665 1101 nicht mehr recht. — Die gestrige Aufführung der
1670 1073 2668 1135 vier Akte darf als für unsere Verhältnisse nicht
1670 1134 2668 1189 übel bezeichnet werden. Der Ton, den Schnitz¬
1677 1178 2674 1236 ler angeschlagen wissen will, wurde am besten
1673 1221 2669 1285 in „Weihnachtseinkäufe" getroffen, wozu wohl
1677 1273 2668 1336 Frau Speidel als Gabriele das Meiste bei¬
1666 1314 2665 1375 trug. Uebrigens sei auch das Verdienst des Hrn.
1677 1367 2674 1423 Hepper nicht etwa geschmälert. Sein Anatol
1666 1419 2673 1477 war vielleicht um ein Weniges zu oberflächlich
1665 1464 2675 1524 angelegt, sonst aber eine in allen vier Akten durch¬
1666 1521 2670 1578 aus einheitliche, gut durchdachte Leistung; der
1677 1567 2674 1622 Max des Herrn Karma ließ nur insoferne zu
1673 1611 2669 1669 wünschen übrig, als er äußerlich den Weltmann
1673 1661 2665 1723 nicht immer zur richtigen Geltung bringen konnte.
1670 1704 2674 1776 Die zwei letzten Akte „Abschiedssouper" und
1670 1756 2669 1824 „Anatols Hochzeitsmorgen" waren überhaupt auf
625 1778 867 1871 .
1677 1805 2674 1866 einen gröberen Ton gestimmt, als es in der Ab¬
725 1821 1542 1947 ME
1677 1857 2668 1920 sicht des Autors gelegen ist. Für ihren Erfolg
1677 1911 2668 1968 war dies zweifellos vorteilhaft, denn das Haus
1685 1944 2682 2011 fand an dieser Art der Wiedergabe sichtlich gro¬
1685 1992 2665 2065 ßen Gefallen. Frl. Schrattenbach als Annie
634 2001 1644 2089 Anatol. — Vier Akte von Arthur Schnitz
1679 2045 2676 2115 und Frl. Kret ((Ilona) hatten dabei günstige
792 2079 1653 2136 — In Innsbruck ist dieser Einakterzyklus
1685 2100 2665 2163 Gelegenheit, sich besonderen Beifall zu holen.
662 2084 1653 2198 Unseres Wissens bisher noch nie vollständig ge¬
667 2179 1562 2241 geben worden. Nur das „Abschiedssouper
664 2216 1661 2279 den ständigen Theaterbesuchern von wenigen, schon
664 2279 1658 2334 längere Zeit zurückliegenden Aufführungen her
664 2322 1660 2387 bekannt. Es darf daher unserer Theaterdirektion
664 2362 1660 2439 als besonderes Verdienst angerechnet werden, daß
675 2427 1663 2497 sie nun auch einmal den ganzen Zyklus auf die
664 2449 1678 2526 Bühne brachte und dadurch unserem Publikum
670 2514 1669 2581 einen Autor, wie Arthur Schnitzler, dessen Art
664 2562 1669 2626 und Ziel sich nicht so ohneweiters verstehen und
670 2613 1669 2671 würdigen lassen, wieder um ein Stück näher
670 2658 1668 2722 brachte. Die vier Einakter sind nicht mehr neu
736 2703 1669 2783 Schnitzler ist in seinen letzten Schaffensjahren
667 2756 1670 2825 über sie längst hinausgewachsen — aber sie kenn¬
682 2815 1666 2875 zeichnen gerade so, wie sie sind, nicht nur den
679 2851 1670 2919 Entwicklungsgang des Autors, sondern überhaupt
673 2904 1669 2974 jene ganz bestimmte, spezifisch wienerische Büh¬
673 2944 1668 3024 nenliteratur=Epoche vor 10 bis 15 Jahren, für
675 3005 1663 3062 die sie ihrerzeit als vorbildlich gelten konnten.
669 3046 1669 3115 Manches an ihnen — namentlich die mehr zum Li¬
678 3091 1670 3165 terarischen als zum Theatralischen neigende Form
756 3141 1668 3213 erscheint uns jetzt schon veralter und über¬
669 3192 1669 3262 wunden, aber das zeitlos Gute an diesen, äußer¬
675 3246 1674 3308 lich ganz anspruchslosen Einaktern ist auch heute
675 3289 1674 3362 noch der vollen Wirkung sicher: an der glänzen¬
675 3347 1675 3405 den und sicheren Dialogführung und an der knap¬
682 3389 1674 3468 pen, aber treffenden Charakterisierung seiner mit
675 3435 1674 3515 alles durchschauender, aber gutmütiger Ironie ge¬
675 3483 1673 3559 zeichneten Personen freut man sich nach wie vor.
675 3527 1684 3609 Freilich muten einem diese Szenen aus dem Leben
679 3580 1692 3660 des typischen, leichtlebigen Wiener Junggesellen
