3296 4224
1193 173 1554 272 box 8/6
80 173 570 284 4.9. Anato
450 185 907 298 k.
1685 480 2705 579 Bitte Rückseite beachten!
2285 553 2698 642 Telephon 12.801.
1924 734 2536 832 BSERVER
1685 806 2738 921 I. österr. behördl. konz. Unternehmen für
1976 881 2445 961 Zeitungsausschnitte
1695 916 2730 1001 Wien, I., Konkordiaplatz 4.
2086 994 2344 1057 Vertretungen
1685 1008 2740 1097 in Bern, Basel, Budapest, Chicago, Cleveland, Christiania,
1692 1076 2738 1132 Genf, Kopenhagen, London, Madrid, Mailand, Minneapolis,
1685 1123 2740 1191 New-York, Paris, Rom, San Francisco, Stockholm, St. Peters¬
2081 1160 2372 1226 burg, Toronto.
1936 1188 2498 1294 (Quellenangabe ohne Gewähr).
347 1212 1395 1334 Bitte Rückseite beachten!
1695 1280 2761 1373 Ausschnitt
961 1305 1369 1399 Telephon 12.801.
2288 1350 2550 1437 Berlin
1699 1385 2180 1479 vom 26 PRO
1170 1418 1268 1509 te
1624 1432 2782 1509 nuun. — Im Schauspielhause hat
1624 1500 2784 1552 Waldau den Szenen von Schnitzlers Anatol=Zyklus Leben
616 1486 1216 1584 BSERVER
1622 1540 2784 1589 ingehaucht. Lässig liebenswürdige Eleganz beseelt die Figur, deren
1624 1580 2782 1629 reicher, etwas versonnener Charme in Wesen des Künstlers in allen
335 1559 1411 1657 I. österr. behördl. konz. Unternehmen für
1622 1617 2794 1673 Facetten aufleuchtet. Waldau, rekte Baron Rummel, den München
633 1631 1104 1704 Zeitungsausschnitte
1617 1657 2782 1699 eider an das Burgtheater verliert, brachte gerade mit diesem Anatol
1617 1692 2780 1741 den Beweis, wie ausgeprägt und unvergleichlich seine echt künstlerische
352 1664 1399 1784 Wien, I., Konkordiaplatz.
1620 1734 2782 1781 Eigenart ist. Er wurde sekundiert von Randolf als getreuem Max,
743 1739 1005 1805 Vertretungen
1612 1774 2784 1823 von Frau Gerhäuser, welche die Plauderei mit ihm in den Weihnachts¬
342 1758 1397 1847 in Berlin, Basel, Budapest, Chicago, Cleveland, Christiania,
1620 1814 2782 1859 einkaufen zu einem Bijou feinziselierten Witzes und nervöser Grazie
340 1830 1399 1887 Genf, Kopenhagen, London, Madrid, Mailand, Minneapolis,
1610 1856 2784 1901 machte. Ebenbürtig war auch Fräulein Woiwodes süßes Mädel im
335 1863 1392 1948 New-York, Paris, Rom, San Francisco, Stockholm, St. Peters¬
1617 1889 2812 1962 Abschiedssouper, das an Beifall mit dem obengenannten Plauderduo,
734 1905 1015 1971 burg, Toronto.
1615 1924 1807 1983 wetteiferte.
586 1934 1174 2030 (Quellenangabe ohne Gewähr).
338 2004 1357 2107 Ausschnitteneralanzeiger für Düsseldorf
799 2084 1090 2184 Düsseldorf
342 2119 480 2208 vom
506 2116 776 2215 19
1514 2196 2459 2297 wenig variserischen Schwangeist atmet. Walter
1523 2280 2449 2332 Steinbeck gestaltete als Anatol den „leichtsinnigen
834 2229 1254 2346 Feuilleton.
1521 2311 2449 2370 Melancholiker mit allerliebster erwärmender Laune, er¬
1528 2355 2449 2412 freulich maßvoll in der Komik und mit all dem unge¬
1528 2400 2447 2454 zwungenen, einnehnenden Schick, der hier vonnöten ist.
858 2379 1209 2480 Schauspielhaus.
1521 2435 2454 2498 Als Freund Max stand ihm Georg Schnell mit
844 2452 1226 2548 Anatol-Zyklus.
1523 2470 2449 2527 Hingabe zur Seite, und auch die Damen Ellinor
1519 2515 2456 2578 Büller (Cora), Helene Robert (Gabriele),
923 2515 1455 2578 Düsseldorf, den 19. Mai.
1514 2562 2449 2606 Hertha Ellenhausen (Bianca), Maja Se¬
616 2545 1495 2627 Reizend inszeniert (Regie: Dr. Reinhard Bruck)
1523 2597 2449 2658 ring (Annie) und Emilia Unda (Ilona) waren
560 2606 2447 2705 umrahmt und verbunden von diskret gespielter ein tadellos bei der Sache — es war ein Abend voll
577 2653 1924 2735 schmeichelnder Wiener Walzermusik, gelangten gester Stimmung und Genuß.
572 2688 1498 2735 fünf Stücke des Anatol=Zyklus von Arthur Schnitzler
570 2730 1521 2780 zur Aufführung. Diese kleinen dramatischen Bilder sind
570 2766 1495 2810 schon 1892, also vier Jahre vor der „Liebelei“ erschienen
562 2808 1488 2852 und machten zuerst den schriftstellernden Wiener Arz
570 2838 1486 2892 bekannt, und wie kein anderes seiner Bücher sprechen
567 2880 1491 2925 sie von dem graziösen Geist, dem anmutigen Plauder
565 2923 1493 2970 ton, der seinen Menschenkenntnis Schnitzlers. Sie
560 2955 1495 3005 wurzeln völlig im Bannkreis der Wiener Empfindungs¬
567 3000 1493 3042 welt mit ihrer sentimentalen Lebenslust und plauschenden,
562 3038 1498 3082 ein bißchen weichlichen und leichtfertigen Gemütlichkeit,
570 3080 1495 3124 die Sorgen, die ihr Held Anatol hat, gelten fast immer
567 3115 1498 3157 dem füßen Mädel. Ohne aufzuregen, machen sie ein
560 3157 1495 3197 weg nachdenklich und unterhalten sie trefflich, wenn sie
562 3190 1498 3244 ausgezeichnet herauskommen, wie es gestern der
560 3234 738 3293 Fall war.
771 3241 1214 3323 Also spielen wir Theater
764 3309 1249 3356 Spielen unsre eignen Stücke,
764 3335 1364 3420 Frühgereift und zart und traurig,
764 3387 1223 3443 Die Komödie unsrer Seele,
764 3412 1348 3499 Unsres Fühlens Heut und Gestern,
766 3469 1259 3527 Böser Dinge hübsche Formel,
771 3509 1249 3555 Glatte Worte, bunte Bilder,
762 3544 1282 3607 Halbes, heimliches Empfinden,
766 3586 1165 3645 Agonien, Episoden.
558 3607 1498 3680 heißt es in der Einleitung. — „Abschiedssouper", das
553 3675 1493 3727 meistgegebene und theatralisch wirkungsvollste der
567 3703 1493 3757 Stückchen, sahen wir vor Jahren schon im Schauspiel¬
560 3745 1495 3795 haus. Es war auch gestern wieder zur Stelle. Ihm
553 3790 1493 3834 voraus gingen „Die Frage an das Schicksal", das psycho¬
562 3830 1498 3872 logisch interessanteste, „Weihnachtseinkäufe, das gemüt¬
567 3862 1498 3912 vollste, und die lustige „Episode", und hinterher kam
553 3909 1516 3973 dann noch „Anatols Hochzeitsmorgen", der vielleicht ein
