3344 4256
265 226 1172 302 4.9. Anatol - Zyklu-
1373 232 1731 320 ber 9/1
1428 511 2126 600 de Noten Sammeten
1430 607 2102 697 n
1414 684 2140 762 ERCIAL AVERTISE
1483 788 2098 895 Anatole and His
1522 877 2045 992 Affairs Afford
1483 1002 2137 1077 Keen Amusement
1438 1104 2127 1179 An Unmitigated Delight to Ary¬
1483 1172 2139 1243 body with Humor and a Taste
1485 1230 2130 1318 for Sophisticated Levity
1489 1303 2130 1373 Schnitzlers Clever Dialogues
1489 1360 2104 1446 Given at the Little Theatre.
1443 1467 2122 1528 THE AFFAIRS OF ANATOL
1506 1519 1612 1555 un
1689 1514 2135 1554 episodes, by Arthur
1476 1549 2134 1596 Schnitzler, paraphrase, by Granville
1474 1576 1988 1634 Barker. The Little Theatre.
1447 1608 2136 1654 Anatol.John Barrymore
1450 1647 2130 1699 Maxw York
1453 1677 2130 1726 tilda Marguerite Clark
1453 1704 2134 1753 Bianca
1453 1732 2134 1765 Mimosen
1450 1756 2139 1808 Gabriel Kateri Emme
1450 1789 2136 1828 Lonale
1483 1821 2144 1873 Nothing cleverer than Arthur
1443 1860 2145 1917 Schnitzlers Anatol dialogues has ever
1450 1906 2139 1968 been written. Of course they are
1450 1948 2134 2002 not to be taken seriously. It is diffi¬
1450 1991 2136 2039 cult to understand how anybody can
1458 2031 2137 2079 But it has been done. To be sure, it
1459 2075 2066 2136 requires a Dogberry type of mind.
1485 2114 2140 2171 For six humor, deft irony, and so¬
1456 2139 2136 2200 phisticated insight, these dialogues are
1459 2196 2139 2249 quite without equal. It is not merely
1450 2231 2136 2284 in the grave, almost pathetic egotism
1459 2277 2145 2333 of Anato himself, with his many loves.
1459 2315 2137 2370 It is in the diabolically keen way the
1455 2358 2143 2406 characters of the girls have been drawn.
1462 2402 2137 2465 Or, to be accurate, they have been sus¬
1465 2442 1931 2502 gested rather than drawn.
1493 2480 2143 2533 Five of the episodes were chosen by
1462 2520 2143 2570 Winthrop Ames to open the Little The¬
1667 2566 2136 2649 Questions and Youle¬
1464 2615 1597 2666 No Sto
1721 2630 2139 2667 Anatolis plagung his
1466 2654 1593 2700 brain
1709 2654 2119 2696 dering whether Hilda
1466 2682 1644 2731 true to hi
1716 2690 2100 2736 Why not hypnotize
1462 2720 1592 2765 says
1707 2722 2113 2773 find out the truth.
1460 2757 2119 2795 sooner said than done. But with
1469 2784 2122 2838 question is hardly. And that
1469 2819 2126 2862 tos. Let Max leave the room, the
1460 2854 2139 2894 Anatol will ask the important question
1467 2881 2148 2929 Max goes and Anato wakes Hilda
1462 2916 1958 2956 without daring to ask her¬
1494 2936 2122 2982 respi¬
1464 2968 2134 3020 is looking over some old trophies. H
1471 3006 2144 3053 finds the one that reminds him of Bibi¬
1471 3028 2144 3084 Poor, poor child. What was to
1466 3071 2128 3111 me? An episode But he'd never for
1467 3105 2127 3146 get. Some women can, but not she.
1474 3139 2135 3180 ibi comes into visit Max, sees Ana¬
1474 3168 2139 3222 to, and cannot for the life of he
1467 3197 1778 3247 recollecte
1516 3218 2126 3273 Then again "A Farell Supper.
1474 3250 2139 3300 Anatol is preparing to break the sa¬
1471 3296 2139 3338 ne to that the fair is finished
1479 3326 2136 3372 Mimi enters and gets to the point be
1479 3356 2143 3406 fore Anatol, much to our philanderer
1480 3390 2152 3431 disgust. Se, too, has found another
1480 3424 2152 3466 over. Anatol becomes more and more
1485 3454 2148 3494 in
1475 3488 2145 3527 been boring me till could only say in
1476 3518 2148 3556 the room with you by sitting and think
1476 3551 2148 3592 in other. I've had to what my eyes
1480 3585 2154 3644 tight and think it was her was kes-
1562 3641 2155 3705 to that, my dear, simis
1475 3680 1817 3731 complacent answer.
1512 3687 2154 3749 But that is not all says Anatol.
1480 3738 2146 3787 Under the use of a confession¬
1476 3773 2157 3816 boasts that he was untrue to Mimi
1474 3812 2161 3865 weeks and weeks ago. Then Mimi is
1480 3838 2157 3882 outrage: "You cad, she says, after
1483 3870 2161 3910 all never told you that and I never
1480 3910 2161 3946 would have told it you. Only a man
1476 3934 2161 3972 could be so unpleasant. And she de¬
1480 3971 2163 4019 parts, grabbing a handful of cigars for
1483 3999 1746 4043 her new lover.
1510 4025 2161 4068 But it is not faible to describe all
1480 4052 2154 4105 the dialogues at length. Besides they
1480 4097 2154 4137 are so much more delightful than any
1480 4131 2152 4164 description could possibly be. The
1562 4157 2149 4199 the adroit dies at the human
