<?xml version="1.0" encoding="UTF-8" standalone="yes"?>
<PcGts xmlns="http://schema.primaresearch.org/PAGE/gts/pagecontent/2013-07-15" xmlns:xsi="http://www.w3.org/2001/XMLSchema-instance" xsi:schemaLocation="http://schema.primaresearch.org/PAGE/gts/pagecontent/2013-07-15 http://schema.primaresearch.org/PAGE/gts/pagecontent/2013-07-15/pagecontent.xsd">
    <Metadata>
        <Creator>prov=READ-COOP:name=PyLaia@TranskribusPlatform:version=2.12.1:model_id=39995:lm=provided:date=29_03_2024_01:46</Creator>
        <Created>2019-10-07T11:49:38.519+02:00</Created>
        <LastChange>2024-03-29T01:46:44.836+01:00</LastChange>
        <TranskribusMetadata docId="223994" pageId="9504369" pageNr="84" tsid="156430122" status="IN_PROGRESS" userId="40391" imgUrl="https://files.transkribus.eu/Get?id=FKOUUSMSMEPTCDBCWAXRMYEC&amp;fileType=view" xmlUrl="https://files.transkribus.eu/Get?id=HEYFGHPVKZJWLAINUBKDLFRJ" imageId="6194583"/>
    </Metadata>
    <Page imageFilename="223994_0084.jpeg" imageWidth="3436" imageHeight="4256">
        <ReadingOrder>
            <OrderedGroup id="ro_1712662515422" caption="Regions reading order">
                <RegionRefIndexed index="0" regionRef="tr_1"/>
                <RegionRefIndexed index="1" regionRef="tr_2"/>
            </OrderedGroup>
        </ReadingOrder>
        <TextRegion orientation="0.0" id="tr_1" custom="readingOrder {index:0;}">
            <Coords points="346,126 346,315 1033,315 1033,126"/>
            <TextLine id="tr_1_tl_1" custom="readingOrder {index:0;}">
                <Coords points="337,237 447,261 597,242 879,248 877,190 846,175 692,191 469,165 430,182 336,172"/>
                <Baseline points="346,226 372,228 399,230 426,231 453,233 480,235 507,237 533,238 560,238 587,240 614,244 641,240 668,238 695,238 721,239 748,241 775,239 802,238 829,238 856,238 883,238"/>
                <TextEquiv>
                    <Unicode>4.9. Anatol</Unicode>
                </TextEquiv>
            </TextLine>
            <TextLine id="tr_1_tl_2" custom="readingOrder {index:1;}">
                <Coords points="756,271 812,272 835,284 866,268 882,282 926,276 968,292 987,276 1008,285 1029,277 1029,225 1020,224 939,238 903,227 871,250 756,248"/>
                <Baseline points="764,262 790,262 817,262 844,262 871,262 898,262 925,264 952,265 979,265 1006,261 1033,255"/>
                <TextEquiv>
                    <Unicode></Unicode>
                </TextEquiv>
            </TextLine>
            <TextEquiv>
                <Unicode></Unicode>
            </TextEquiv>
        </TextRegion>
        <TextRegion orientation="0.0" id="tr_2" custom="readingOrder {index:1;}">
            <Coords points="996,225 996,3363 2307,3363 2307,225"/>
            <TextLine id="tr_2_tl_1" custom="readingOrder {index:0;}">
                <Coords points="1078,285 1101,287 1119,277 1132,292 1180,280 1201,280 1219,295 1235,282 1268,289 1269,204 1247,201 1222,212 1190,183 1159,173 1149,180 1117,178 1080,201"/>
                <Baseline points="1089,257 1115,253 1141,250 1168,252 1194,253 1221,253 1247,252 1274,251"/>
                <TextEquiv>
                    <Unicode>klu-</Unicode>
                </TextEquiv>
            </TextLine>
            <TextLine id="tr_2_tl_2" custom="readingOrder {index:1;}">
                <Coords points="1462,277 1550,282 1574,266 1616,271 1646,251 1668,274 1723,290 1744,274 1817,280 1816,201 1697,199 1634,225 1542,190 1490,203 1461,193"/>
                <Baseline points="1471,253 1497,256 1524,260 1551,261 1578,262 1605,262 1632,264 1658,265 1685,265 1712,266 1739,268 1766,266 1793,264 1820,262"/>
                <TextEquiv>
                    <Unicode>box 8/5</Unicode>
                </TextEquiv>
            </TextLine>
            <TextLine id="tr_2_tl_3" custom="readingOrder {index:2;}">
                <Coords points="1004,1141 2179,1156 2302,1148 2301,1091 1002,1085"/>
                <Baseline points="1011,1119 1075,1122 1140,1122 1205,1122 1270,1122 1335,1123 1399,1125 1464,1125 1529,1126 1594,1128 1659,1128 1723,1128 1788,1128 1853,1128 1918,1129 1983,1131 2047,1131 2112,1130 2177,1131 2242,1131 2307,1134"/>
                <TextEquiv>
                    <Unicode>des einen Triebs bewußt. Ein Dichter von Schnitzlers Geist und</Unicode>
                </TextEquiv>
            </TextLine>
            <TextLine id="tr_2_tl_4" custom="readingOrder {index:3;}">
                <Coords points="1002,1193 2294,1203 2294,1143 2117,1133 1002,1141"/>
                <Baseline points="1011,1172 1075,1176 1139,1175 1204,1176 1268,1178 1332,1178 1397,1178 1461,1181 1525,1181 1590,1181 1654,1181 1718,1181 1783,1183 1847,1183 1911,1184 1976,1184 2040,1184 2104,1185 2169,1187 2233,1187 2298,1184"/>
                <TextEquiv>
                    <Unicode>Kulturgefühl läßt die Geschöpfe seiner Phantasie und die Objekte seiner</Unicode>
                </TextEquiv>
            </TextLine>
            <TextLine id="tr_2_tl_5" custom="readingOrder {index:4;}">
                <Coords points="1002,1240 2297,1247 2234,1195 1002,1193"/>
                <Baseline points="1011,1226 1075,1230 1140,1232 1204,1232 1269,1232 1333,1232 1398,1234 1462,1232 1527,1235 1591,1235 1656,1235 1720,1235 1785,1236 1849,1238 1914,1238 1978,1238 2043,1238 2107,1239 2172,1241 2236,1241 2301,1241"/>
                <TextEquiv>
                    <Unicode>Beobachtung unaufhörlich das Tier mit den zwei Rücken spielen oder</Unicode>
                </TextEquiv>
            </TextLine>
            <TextLine id="tr_2_tl_6" custom="readingOrder {index:5;}">
                <Coords points="1008,1300 2297,1305 2284,1250 1008,1242"/>
                <Baseline points="1017,1286 1081,1286 1145,1286 1209,1285 1273,1285 1338,1286 1402,1286 1466,1289 1530,1289 1594,1289 1659,1289 1723,1289 1787,1290 1851,1292 1915,1292 1980,1291 2044,1292 2108,1293 2172,1293 2236,1292 2301,1292"/>
                <TextEquiv>
                    <Unicode>sich zu dieser Beschäftigung rüsten oder sich von ihr erholen oder</Unicode>
                </TextEquiv>
            </TextLine>
            <TextLine id="tr_2_tl_7" custom="readingOrder {index:6;}">
                <Coords points="1012,1354 2302,1357 2275,1303 1012,1300"/>
                <Baseline points="1020,1340 1084,1340 1148,1340 1213,1342 1277,1342 1341,1343 1406,1343 1470,1343 1534,1343 1599,1343 1663,1343 1727,1345 1792,1346 1856,1346 1920,1346 1985,1346 2049,1349 2113,1347 2178,1349 2242,1349 2307,1349"/>
                <TextEquiv>
                    <Unicode>sich, im besten Fall, vergeblich nach ihr sehnen. Im Laufe eines solchen</Unicode>
                </TextEquiv>
            </TextLine>
            <TextLine id="tr_2_tl_8" custom="readingOrder {index:7;}">
                <Coords points="1002,1419 2297,1422 2297,1363 1000,1346"/>
                <Baseline points="1011,1390 1075,1393 1140,1393 1204,1393 1269,1395 1333,1396 1398,1396 1462,1396 1527,1396 1591,1396 1656,1399 1720,1399 1785,1399 1849,1399 1914,1399 1978,1401 2043,1402 2107,1402 2172,1402 2236,1402 2301,1405"/>
                <TextEquiv>
                    <Unicode>Abends wird mit keiner Sterbenssilbe angedeutet, daß die Zeit nebenbei</Unicode>
                </TextEquiv>
            </TextLine>
            <TextLine id="tr_2_tl_9" custom="readingOrder {index:8;}">
                <Coords points="1005,1453 2297,1472 2297,1423 2197,1410 1005,1423"/>
                <Baseline points="1014,1444 1078,1448 1142,1450 1207,1450 1271,1450 1335,1450 1400,1450 1464,1450 1528,1453 1593,1453 1657,1453 1721,1453 1786,1453 1850,1455 1914,1456 1979,1456 2043,1456 2107,1456 2172,1456 2236,1458 2301,1456"/>
                <TextEquiv>
                    <Unicode>noch andre Nöte und Ideen, Strömungen und Ziele hat. Das ist eine</Unicode>
                </TextEquiv>
            </TextLine>
            <TextLine id="tr_2_tl_10" custom="readingOrder {index:9;}">
                <Coords points="1005,1509 2301,1517 2273,1462 1005,1467"/>
                <Baseline points="1014,1498 1078,1504 1143,1504 1207,1504 1272,1504 1336,1504 1401,1504 1465,1507 1530,1505 1594,1507 1659,1508 1723,1510 1788,1508 1852,1506 1917,1507 1981,1509 2046,1510 2110,1510 2175,1510 2239,1511 2304,1513"/>
                <TextEquiv>
                    <Unicode>Welt, das heißt eine Welt! An sich ist dieses Welthen sicherlich mit</Unicode>
                </TextEquiv>
            </TextLine>
            <TextLine id="tr_2_tl_11" custom="readingOrder {index:10;}">
                <Coords points="1002,1584 2161,1589 2279,1581 2296,1519 1000,1517"/>
                <Baseline points="1011,1554 1075,1557 1140,1557 1204,1557 1269,1559 1333,1560 1398,1560 1462,1563 1527,1560 1591,1560 1656,1560 1720,1560 1785,1563 1849,1563 1914,1560 1978,1563 2043,1563 2107,1565 2172,1563 2236,1564 2301,1563"/>
                <TextEquiv>
                    <Unicode>Meisterschaft gezeichnet. In einem sechsten Akt wird von der Auf¬</Unicode>
                </TextEquiv>
            </TextLine>
            <TextLine id="tr_2_tl_12" custom="readingOrder {index:11;}">
                <Coords points="1005,1629 2297,1631 2297,1584 2250,1577 1005,1584"/>
                <Baseline points="1014,1611 1078,1611 1142,1611 1207,1611 1271,1611 1335,1614 1400,1614 1464,1614 1528,1615 1593,1617 1657,1617 1721,1617 1786,1617 1850,1617 1914,1617 1979,1617 2043,1620 2107,1620 2172,1620 2236,1620 2301,1620"/>
                <TextEquiv>
                    <Unicode>richtigkeit ermüdeter Lügner gesprochen; und wenn Anatol sie auch nicht</Unicode>
                </TextEquiv>
            </TextLine>
            <TextLine id="tr_2_tl_13" custom="readingOrder {index:12;}">
                <Coords points="1002,1678 2297,1686 2288,1629 1002,1624"/>
                <Baseline points="1011,1665 1075,1665 1140,1665 1204,1665 1269,1667 1333,1666 1398,1668 1462,1668 1527,1670 1591,1671 1656,1671 1720,1671 1785,1674 1849,1672 1914,1671 1978,1671 2043,1671 2107,1674 2172,1674 2236,1674 2301,1674"/>
                <TextEquiv>
                    <Unicode>hat, sondern durchaus nicht müde wird, zu lügen, so ist es doch diese</Unicode>
                </TextEquiv>
            </TextLine>
            <TextLine id="tr_2_tl_14" custom="readingOrder {index:13;}">
                <Coords points="1005,1735 2302,1741 2302,1680 1005,1680"/>
                <Baseline points="1014,1716 1078,1719 1143,1722 1207,1719 1272,1719 1337,1722 1401,1722 1466,1722 1531,1721 1595,1722 1660,1725 1725,1725 1789,1725 1854,1725 1919,1725 1983,1725 2048,1725 2113,1727 2177,1728 2242,1728 2307,1728"/>
                <TextEquiv>
                    <Unicode>Stimmung von ironischer Wehmut und melancholischer Heiterkeit, die</Unicode>
                </TextEquiv>
            </TextLine>
            <TextLine id="tr_2_tl_15" custom="readingOrder {index:14;}">
                <Coords points="999,1779 2297,1804 2297,1743 2241,1736 999,1731"/>
                <Baseline points="1008,1772 1072,1773 1137,1772 1201,1772 1266,1772 1331,1775 1395,1775 1460,1775 1525,1775 1589,1775 1654,1778 1719,1778 1783,1778 1848,1778 1913,1778 1977,1778 2042,1778 2107,1781 2171,1778 2236,1779 2301,1781"/>
                <TextEquiv>
                    <Unicode>dem Zyklus die psychologische Wahrheit und die künstlerische Einheit</Unicode>
                </TextEquiv>
            </TextLine>
            <TextLine id="tr_2_tl_16" custom="readingOrder {index:15;}">
                <Coords points="1005,1847 2292,1847 2292,1804 2070,1788 1005,1800"/>
                <Baseline points="1014,1832 1078,1827 1142,1824 1206,1826 1270,1828 1334,1829 1398,1829 1462,1829 1526,1830 1590,1832 1654,1832 1718,1832 1782,1832 1846,1832 1910,1832 1974,1832 2038,1835 2102,1834 2166,1834 2230,1835 2295,1832"/>
                <TextEquiv>
                    <Unicode>gibt. Wir schlendern behaglich um die Liebe im allgemeinen, unter¬</Unicode>
                </TextEquiv>
            </TextLine>
            <TextLine id="tr_2_tl_17" custom="readingOrder {index:16;}">
                <Coords points="1012,1898 2245,1911 2299,1860 1010,1845"/>
                <Baseline points="1020,1883 1084,1880 1148,1880 1212,1880 1276,1880 1340,1880 1404,1881 1468,1883 1532,1883 1596,1883 1660,1884 1724,1886 1788,1886 1852,1886 1916,1886 1980,1887 2044,1889 2108,1889 2172,1889 2236,1889 2301,1886"/>
                <TextEquiv>
                    <Unicode>scheiden im besondern die Liebe der Nähterin und der anständigen</Unicode>
                </TextEquiv>
            </TextLine>
            <TextLine id="tr_2_tl_18" custom="readingOrder {index:17;}">
                <Coords points="1002,1947 2301,1949 2091,1894 1002,1892"/>
                <Baseline points="1011,1936 1075,1935 1140,1936 1204,1934 1269,1934 1334,1934 1398,1936 1463,1936 1528,1936 1592,1936 1657,1936 1722,1939 1786,1939 1851,1939 1916,1939 1980,1939 2045,1942 2110,1942 2174,1942 2239,1942 2304,1939"/>
                <TextEquiv>
                    <Unicode>Frau und der Balleteuse und der Reifenspringerin und der pro¬</Unicode>
                </TextEquiv>
            </TextLine>
            <TextLine id="tr_2_tl_19" custom="readingOrder {index:18;}">
                <Coords points="1005,2009 2297,2005 2297,1949 1005,1944"/>
                <Baseline points="1014,1990 1078,1988 1142,1987 1207,1987 1271,1987 1335,1990 1400,1990 1464,1990 1528,1990 1593,1993 1657,1993 1721,1993 1786,1993 1850,1993 1914,1993 1979,1993 2043,1996 2107,1996 2172,1996 2236,1998 2301,1996"/>
                <TextEquiv>
                    <Unicode>fessionellen Amoureuse, erfahren, ohne überrascht zu sein, daß weder</Unicode>
                </TextEquiv>
            </TextLine>
            <TextLine id="tr_2_tl_20" custom="readingOrder {index:19;}">
                <Coords points="1002,2065 2297,2062 2297,2014 2174,2007 1002,2010"/>
                <Baseline points="1011,2041 1075,2042 1140,2041 1204,2044 1269,2044 1333,2044 1398,2044 1462,2044 1527,2047 1591,2047 1656,2047 1720,2047 1785,2049 1849,2049 1914,2050 1978,2050 2043,2050 2107,2050 2172,2050 2236,2050 2301,2050"/>
                <TextEquiv>
                    <Unicode>Männer noch Frauen monogam sind, und wünschten für eine dra¬</Unicode>
                </TextEquiv>
            </TextLine>
            <TextLine id="tr_2_tl_21" custom="readingOrder {index:20;}">
                <Coords points="1002,2111 2297,2116 2297,2078 2156,2062 1002,2059"/>
                <Baseline points="1011,2095 1075,2098 1140,2095 1204,2096 1269,2098 1333,2098 1398,2098 1462,2101 1527,2099 1591,2101 1656,2101 1720,2101 1785,2103 1849,2101 1914,2101 1978,2103 2043,2104 2107,2104 2172,2104 2236,2104 2301,2107"/>
                <TextEquiv>
                    <Unicode>matische Steigerung nur, daß Anatol, dem jede Frau, mehr oder</Unicode>
                </TextEquiv>
            </TextLine>
            <TextLine id="tr_2_tl_22" custom="readingOrder {index:21;}">
                <Coords points="1002,2169 2301,2177 2283,2112 1002,2114"/>
                <Baseline points="1011,2148 1075,2151 1140,2151 1204,2149 1269,2151 1334,2151 1398,2151 1463,2154 1528,2154 1592,2154 1657,2154 1722,2154 1786,2154 1851,2154 1916,2154 1980,2156 2045,2157 2110,2157 2174,2157 2239,2157 2304,2160"/>
                <TextEquiv>
                    <Unicode>weniger schnell, sexuell langweilig wird, genügend Ressourcen in sich</Unicode>
                </TextEquiv>
            </TextLine>
            <TextLine id="tr_2_tl_23" custom="readingOrder {index:22;}">
                <Coords points="1002,2224 2234,2236 2297,2224 2296,2182 1000,2172"/>
                <Baseline points="1011,2205 1075,2205 1140,2205 1204,2205 1269,2205 1333,2205 1398,2207 1462,2208 1527,2208 1591,2208 1656,2208 1720,2208 1785,2208 1849,2208 1914,2211 1978,2211 2043,2211 2107,2214 2172,2211 2236,2212 2301,2217"/>
                <TextEquiv>
                    <Unicode>hätte, um uns nicht in jedem Falle noch schneller langweilig zu werden.</Unicode>
                </TextEquiv>
            </TextLine>
            <TextLine id="tr_2_tl_24" custom="readingOrder {index:23;}">
                <Coords points="1002,2267 2093,2289 2271,2283 2296,2234 1000,2224"/>
                <Baseline points="1011,2256 1075,2256 1140,2259 1204,2259 1269,2259 1333,2259 1398,2261 1462,2262 1527,2262 1591,2262 1656,2262 1720,2262 1785,2265 1849,2265 1914,2265 1978,2265 2043,2262 2107,2265 2172,2265 2236,2265 2301,2265"/>
                <TextEquiv>
                    <Unicode>Diese Gefahr hat Schnitzler, tief, allzu tief in sein Weltchen ein¬</Unicode>
                </TextEquiv>
            </TextLine>
            <TextLine id="tr_2_tl_25" custom="readingOrder {index:24;}">
                <Coords points="1005,2333 2294,2328 2231,2273 1005,2270"/>
                <Baseline points="1014,2319 1078,2313 1142,2316 1206,2316 1270,2316 1335,2316 1399,2315 1463,2316 1527,2316 1591,2316 1656,2316 1720,2318 1784,2319 1848,2319 1912,2316 1977,2318 2041,2319 2105,2319 2169,2319 2233,2319 2298,2321"/>
                <TextEquiv>
                    <Unicode>gesponnen, ganz und gar übersehen: daß sein Anatol, im Geiste</Unicode>
                </TextEquiv>
            </TextLine>
            <TextLine id="tr_2_tl_26" custom="readingOrder {index:25;}">
                <Coords points="1012,2383 2288,2378 2288,2328 2077,2359 1923,2317 1012,2330"/>
                <Baseline points="1020,2366 1083,2366 1147,2368 1210,2366 1274,2368 1338,2369 1401,2368 1465,2369 1528,2369 1592,2369 1656,2369 1719,2369 1783,2369 1846,2369 1910,2372 1974,2372 2037,2374 2101,2372 2164,2372 2228,2372 2292,2372"/>
                <TextEquiv>
                    <Unicode>schwach, im Herzen arm, auch als bloßer Liebhaber, als Viven</Unicode>
                </TextEquiv>
            </TextLine>
            <TextLine id="tr_2_tl_27" custom="readingOrder {index:26;}">
                <Coords points="1008,2429 2297,2443 2297,2386 2177,2377 1008,2385"/>
                <Baseline points="1017,2423 1081,2420 1145,2420 1209,2420 1273,2420 1338,2420 1402,2423 1466,2423 1530,2423 1594,2423 1659,2423 1723,2425 1787,2426 1851,2426 1915,2426 1980,2425 2044,2426 2108,2427 2172,2427 2236,2429 2301,2432"/>
                <TextEquiv>
                    <Unicode>im oberflächlichsten Sinne kein genügend reizvolles, launenhaftes,</Unicode>
                </TextEquiv>
            </TextLine>
            <TextLine id="tr_2_tl_28" custom="readingOrder {index:27;}">
                <Coords points="1005,2489 2297,2492 2276,2435 1005,2429"/>
                <Baseline points="1014,2471 1078,2474 1142,2474 1207,2474 1271,2474 1335,2477 1400,2477 1464,2477 1528,2477 1593,2477 1657,2477 1721,2479 1786,2478 1850,2480 1914,2480 1979,2480 2043,2480 2107,2480 2172,2483 2236,2483 2301,2483"/>
                <TextEquiv>
                    <Unicode>schillerndes Exemplar seiner Gattung ist. Nach einer halben Stunde</Unicode>
                </TextEquiv>
            </TextLine>
            <TextLine id="tr_2_tl_29" custom="readingOrder {index:28;}">
                <Coords points="1005,2540 2294,2553 2294,2500 2252,2493 1005,2490"/>
                <Baseline points="1014,2530 1078,2530 1142,2527 1206,2527 1270,2527 1335,2530 1399,2530 1463,2530 1527,2530 1591,2530 1656,2530 1720,2530 1784,2530 1848,2532 1912,2530 1977,2533 2041,2533 2105,2533 2169,2533 2233,2533 2298,2530"/>
                <TextEquiv>
                    <Unicode>kennt man ihn auswendig; dann wird er immer unerträglicher. Es</Unicode>
                </TextEquiv>
            </TextLine>
            <TextLine id="tr_2_tl_30" custom="readingOrder {index:29;}">
                <Coords points="999,2591 2294,2607 2270,2544 999,2545"/>
                <Baseline points="1008,2581 1072,2582 1137,2584 1201,2582 1266,2584 1330,2584 1395,2584 1459,2587 1524,2585 1588,2584 1653,2584 1717,2584 1782,2584 1846,2586 1911,2584 1975,2587 2040,2587 2104,2589 2169,2587 2233,2587 2298,2587"/>
                <TextEquiv>
                    <Unicode>ist nicht verwunderlich, daß die deutschen Theaterdirektoren sich seit</Unicode>
                </TextEquiv>
            </TextLine>
            <TextLine id="tr_2_tl_31" custom="readingOrder {index:30;}">
                <Coords points="1002,2652 2291,2675 2291,2604 2234,2596 1002,2597"/>
                <Baseline points="1011,2635 1075,2638 1139,2638 1203,2638 1267,2638 1332,2638 1396,2638 1460,2638 1524,2638 1588,2638 1653,2638 1717,2638 1781,2638 1845,2638 1909,2641 1974,2641 2038,2641 2102,2641 2166,2643 2230,2642 2295,2644"/>
                <TextEquiv>
                    <Unicode>achtzehn Jahren darüber klar sind. Aber es ist sehr verwunderlich,</Unicode>
                </TextEquiv>
            </TextLine>
            <TextLine id="tr_2_tl_32" custom="readingOrder {index:31;}">
                <Coords points="1005,2709 2213,2704 2211,2665 2108,2651 1004,2651"/>
                <Baseline points="1014,2692 1074,2689 1134,2691 1194,2692 1254,2692 1314,2690 1374,2692 1435,2692 1495,2692 1555,2692 1615,2692 1675,2692 1735,2692 1795,2692 1856,2694 1916,2692 1976,2695 2036,2695 2096,2698 2156,2698 2217,2698"/>
                <TextEquiv>
                    <Unicode>daß der klügste von ihnen sich darüber hat unklar werden können.</Unicode>
                </TextEquiv>
            </TextLine>
            <TextLine id="tr_2_tl_33" custom="readingOrder {index:32;}">
                <Coords points="1086,2756 2292,2777 2292,2703 1086,2703"/>
                <Baseline points="1095,2745 1155,2745 1215,2745 1275,2745 1335,2742 1395,2744 1455,2745 1515,2745 1575,2745 1635,2745 1695,2747 1755,2747 1815,2748 1875,2745 1935,2747 1995,2748 2055,2751 2115,2749 2175,2751 2235,2748 2295,2751"/>
                <TextEquiv>
                    <Unicode>Dazu war es eine schlechte Aufführung. Gerade das, was für</Unicode>
                </TextEquiv>
            </TextLine>
            <TextLine id="tr_2_tl_34" custom="readingOrder {index:33;}">
                <Coords points="1002,2805 2297,2823 2297,2774 2166,2759 1002,2769"/>
                <Baseline points="1011,2799 1075,2799 1140,2799 1204,2799 1269,2797 1333,2799 1398,2799 1462,2799 1527,2799 1591,2799 1656,2802 1720,2802 1785,2802 1849,2802 1914,2799 1978,2802 2043,2805 2107,2803 2172,2805 2236,2805 2301,2805"/>
                <TextEquiv>
                    <Unicode>die dramatische Sterilität hätte entschädigen müssen: ein Hauch von</Unicode>
                </TextEquiv>
            </TextLine>
            <TextLine id="tr_2_tl_35" custom="readingOrder {index:34;}">
                <Coords points="999,2862 2294,2871 2294,2824 2241,2816 999,2803"/>
                <Baseline points="1008,2853 1072,2853 1137,2853 1201,2853 1266,2853 1330,2851 1395,2853 1459,2856 1524,2853 1588,2853 1653,2856 1717,2856 1782,2856 1846,2856 1911,2856 1975,2858 2040,2859 2104,2859 2169,2859 2233,2860 2298,2859"/>
                <TextEquiv>
                    <Unicode>wienerisch süßer Stimmung, von lächelnder Sentimentalität, von der</Unicode>
                </TextEquiv>
            </TextLine>
            <TextLine id="tr_2_tl_36" custom="readingOrder {index:35;}">
                <Coords points="1005,2917 2297,2921 2297,2871 2255,2866 1005,2871"/>
                <Baseline points="1014,2903 1078,2907 1142,2906 1207,2906 1271,2906 1335,2906 1400,2906 1464,2906 1528,2906 1593,2909 1657,2909 1721,2907 1786,2907 1850,2910 1914,2909 1979,2912 2043,2912 2107,2912 2172,2912 2236,2915 2301,2915"/>
                <TextEquiv>
                    <Unicode>Grazie einer leichten Lebensführung — gerade das, aber noch viel</Unicode>
                </TextEquiv>
            </TextLine>
            <TextLine id="tr_2_tl_37" custom="readingOrder {index:36;}">
                <Coords points="995,2967 2294,2980 2281,2920 994,2926"/>
                <Baseline points="1005,2960 1069,2960 1134,2963 1198,2963 1263,2961 1328,2961 1392,2963 1457,2963 1522,2962 1586,2963 1651,2963 1716,2963 1780,2963 1845,2963 1910,2963 1974,2963 2039,2966 2104,2966 2168,2966 2233,2966 2298,2966"/>
                <TextEquiv>
                    <Unicode>mehr fehlte. Je häufiger man Herrn Monnard in tragenden Rollen</Unicode>
                </TextEquiv>
            </TextLine>
            <TextLine id="tr_2_tl_38" custom="readingOrder {index:37;}">
                <Coords points="1002,3035 2294,3050 2294,2991 2236,2977 1002,2970"/>
                <Baseline points="1011,3014 1075,3016 1139,3017 1204,3015 1268,3015 1332,3014 1397,3014 1461,3017 1525,3015 1590,3017 1654,3017 1718,3017 1783,3018 1847,3018 1911,3017 1976,3019 2040,3020 2104,3020 2169,3020 2233,3023 2298,3020"/>
                <TextEquiv>
                    <Unicode>sieht, desto neidischer wird man auf die Besucher des münchner Hof¬</Unicode>
                </TextEquiv>
            </TextLine>
            <TextLine id="tr_2_tl_39" custom="readingOrder {index:38;}">
                <Coords points="1005,3084 2294,3093 2294,3041 2189,3028 1005,3037"/>
                <Baseline points="1014,3068 1078,3069 1142,3071 1206,3071 1270,3071 1335,3071 1399,3071 1463,3071 1527,3071 1591,3071 1656,3071 1720,3071 1784,3073 1848,3073 1912,3071 1977,3074 2041,3074 2105,3075 2169,3077 2233,3077 2298,3077"/>
                <TextEquiv>
                    <Unicode>theaters, die ihn nicht mehr sehen. Er gab den Ton von Ueberdeut¬</Unicode>
                </TextEquiv>
            </TextLine>
            <TextLine id="tr_2_tl_40" custom="readingOrder {index:39;}">
                <Coords points="1004,3126 2294,3155 2292,3093 1002,3084"/>
                <Baseline points="1011,3121 1075,3124 1139,3121 1204,3124 1268,3124 1332,3124 1397,3123 1461,3124 1525,3124 1590,3124 1654,3124 1718,3124 1783,3124 1847,3126 1911,3127 1976,3127 2040,3127 2104,3127 2169,3130 2233,3130 2298,3130"/>
                <TextEquiv>
                    <Unicode>lichkeit an, der die ganze Vorstellung vergröberte, und der früher in</Unicode>
                </TextEquiv>
            </TextLine>
            <TextLine id="tr_2_tl_41" custom="readingOrder {index:40;}">
                <Coords points="1002,3191 2301,3199 2301,3155 2228,3140 1002,3127"/>
                <Baseline points="1011,3175 1075,3177 1140,3178 1204,3177 1269,3175 1334,3178 1398,3178 1463,3178 1528,3178 1592,3178 1657,3179 1722,3178 1786,3181 1851,3181 1916,3181 1980,3181 2045,3184 2110,3184 2174,3184 2239,3184 2304,3184"/>
                <TextEquiv>
                    <Unicode>diesem Hause nicht möglich gewesen wäre. Aber den Ton für die</Unicode>
                </TextEquiv>
            </TextLine>
            <TextLine id="tr_2_tl_42" custom="readingOrder {index:41;}">
                <Coords points="999,3270 1159,3238 2297,3268 2257,3197 999,3187"/>
                <Baseline points="1008,3232 1072,3232 1137,3232 1201,3232 1266,3232 1331,3232 1395,3232 1460,3232 1525,3232 1589,3232 1654,3234 1719,3232 1783,3235 1848,3235 1913,3236 1977,3238 2042,3238 2107,3238 2171,3238 2236,3240 2301,3238"/>
                <TextEquiv>
                    <Unicode>Figur fand er nicht; und nachdem er ihn lange genug vergeblich ge¬</Unicode>
                </TextEquiv>
            </TextLine>
            <TextLine id="tr_2_tl_43" custom="readingOrder {index:42;}">
                <Coords points="987,3356 1007,3361 1017,3371 1033,3364 1046,3372 1072,3356 1085,3356 1099,3367 1115,3362 1114,3309 1102,3306 1094,3311 1077,3293 1055,3293 1010,3315 986,3312"/>
                <Baseline points="996,3348 1026,3348 1057,3349 1088,3351 1119,3351"/>
                <TextEquiv>
                    <Unicode>1262</Unicode>
                </TextEquiv>
            </TextLine>
            <TextEquiv>
                <Unicode></Unicode>
            </TextEquiv>
        </TextRegion>
    </Page>
</PcGts>
