3436 4352
1386 160 1747 259 box 9/5
268 172 859 259 4.9. Anatol
886 163 1214 277 Zyklus
2588 515 3022 621 DIE BUNE
2419 618 2808 720 Agathe Barsescu
575 593 2193 783 Die Handschrift des Dichters
2428 699 2775 774 Zu ihrer Wiederkehr
630 783 1359 874 Wir beginnen heute mit der Wieder¬
1512 804 1714 898 do
587 844 1359 916 gabe von kleinen Bruchstücken aus den
581 907 1362 967 Werken berühmter Dichter der Gegen¬
1470 883 1982 997 Tag /
581 958 1362 1018 wart, in der ersten Niederschrift des
1467 970 2055 1069 Briten / 1.
584 1006 1365 1066 Autors. Die Reihe der psycho- und
584 1045 1356 1112 graphologisch interessanten Handschriften
1461 1048 1976 1142 ne o-
575 1103 1356 1166 eröffnet eine Seite aus Arthur Schnitzlers
1446 1118 1943 1214 Anker /
575 1154 1356 1220 „Abschiedssouper und die bisher noch
575 1199 1356 1262 nicht veröffentlichten Daten, die Ent¬
1428 1202 2000 1307 dahlens ist /
575 1250 1356 1307 stehung der einzelnen Akte von „Anatole
581 1301 1362 1356 betreffend, die uns der Dichter freundlich
578 1350 1359 1404 zur Verfügung gestellt hat und die
1425 1347 2181 1467 te /
578 1398 1359 1449 durch die Aufführung des Zyklus bei
575 1443 1359 1521 Reinhardt besondere Aktualität gewinnen.
1964 1585 2109 1732 V
599 1654 2196 1817 and be an ihn den
2244 1844 3031 1931 Die Künstlerin als Elisabeth zur Zeit ihrer Wiener Tätigkeit
681 1838 2079 1979 on
2778 1907 3000 1970 Photo Pietzner
2772 1952 3000 2012 von einst,
2220 1913 2741 2018 Die wundersame „Hero¬
2332 1991 2994 2058 den würdig-gestrengen Ludwig
2220 2030 2994 2088 Seydel zu wahrhaften Hymnen be¬
596 1982 2058 2112 No niin, mutta
2220 2073 3000 2130 geisterte, die von ihm als das „Glück
2220 2121 3000 2163 des Burgtheaters, als die diesem Insti¬
2217 2160 3000 2208 tute „aufgehende Sonne gepriesen
2220 2199 2997 2247 wurde, deren Glockenstimme das Rai-
2214 2229 2994 2280 mund- und das Kaiser-Jubiläums-Stadt¬
2223 2277 2994 2320 theater (jetzt: Volksoper) lockend ein¬
2223 2314 2994 2362 läutete, sie schien verschollen. Sie war
2220 2353 2994 2401 in Amerika, wo sie als Heroine in deut¬
575 2241 2127 2452 Geld denen der Luft¬
2220 2398 2994 2464 scher und englischer Sprache große Er¬
2220 2434 2994 2488 folge errungen hatte, vom Weltkrieg
2220 2473 3003 2521 überrascht worden und brachte dort den
2220 2509 3000 2564 schönen Mut auf, in polyglotten Rezita¬
575 2449 2045 2675 to keep going
2223 2561 3000 2612 tionsveranstaltungen, die sehr populär
2223 2594 3003 2645 wurden, auch deutschen Dichtern Raum
2220 2639 2994 2681 zu geben, als jedes deutsche Wort ver
2220 2669 3000 2723 haßt und verpönt war. Als erste wagte
2220 2720 2997 2778 sie auch eine deutsche Klassikerauffüh¬
563 2645 2100 2814 is shed as if in de
2220 2753 3000 2802 rung nach dem Kriege. Neben dem
2217 2796 3000 2841 Hamburger Max Montor als Jason, spielte
2220 2838 3003 2898 sie in New York und Chicago die
2217 2871 3000 2919 „Medea“ Grillparzers und erregte damit
539 2768 1985 3006 den Falle, as if
2217 2913 2997 2967 eine durch keine Gegenstimme getrübte,
2217 2955 2997 2997 alle Gesellschaftskreise umfassende Be¬
2214 2991 2991 3052 geisterung. Nach einer kurzen Kunst
2220 3034 3000 3088 fahrt durch ihr rumännisches Vaterland,
2217 3067 3003 3121 das sie durch ein staatliches Lehramt zu
599 3016 2061 3157 our un pana on
2220 3112 3000 3163 fesseln bestrebt ist, kam die Künstlerin
2214 3154 3003 3205 zu kurzem Aufenthalte nach Wien, das
2217 3187 3003 3238 sie immer noch als ihre eigentliche
2223 3235 3003 3281 Kunstheimat betrachtet und liebt. Aller
621 3178 1934 3371 thing at
2226 3275 2991 3317 Wahrscheinlichkeit nach wird ein Gast
2217 3314 3003 3377 spiel an einer der Beer-Bühnen unserem
2220 3356 3003 3422 Publikum die erwünschte Gelegenheit
2220 3398 3000 3446 geben, Agathe Barsescu zu beweisen,
2217 3425 2991 3479 daß sie bei uns noch nicht vergessen
530 3398 1326 3543 y
1509 3434 2094 3519 Aus „Abschiedssouper von
2217 3473 2997 3516 daß ein Wiedersehen mit ihr und ihrer
1407 3488 2994 3561 Athur Schnitzler (geschrieben 1891). Kunst vielen Sehnsucht und Freude ist.
2829 3549 2955 3618 H. G.
1925 3742 2982 3844 STRAUSSE SALE
578 3754 1768 3850 ANZRESTAURAN
901 3811 2669 3862 Im Betriebe des „Weißen Hahn, Wien, 8. Bezirk, Josefstädterstraße 22. — Jazzband=Kapelle Mischa
581 3817 2967 3907 Täglich dance après le souper — Vor und nach dem Theater warme Küche — Jeden Samstag sowie Sonn= und Feiertag 5=Uhr=Tee.
1711 3937 1801 4058 3
