3436 4320
190 181 1188 281 4.9. Anatol - Zyklus
1282 174 1659 267 box 8/7
2013 181 3042 256 Bitte Rückseite beachten!
2619 257 3012 341 Telephon 12.801
2150 422 2873 549 „OBSERVER
2008 531 3059 601 1. österr. behördl. konz. Unternehmen für
2314 586 2759 643 Zeitungsausschnitte
2029 631 3051 702 Wien, I., Konkordiaplatz 4.
2423 692 2666 750 Vertretungen
2026 715 3060 783 in Berlin, Basel, Budapest, Chicago, Cleveland, Christiania,
2026 774 3060 818 Genf, Kopenhagen, London, Madrid, Mailand, Minneapolis,
2026 809 3063 873 New-York, Paris, Rom, San Francisco, Stockholm, St. Peters¬
2405 851 2683 913 burg, Toronto.
2263 893 2827 959 (Quellenangabe ohne Gewähr).
2035 956 2389 1046 Ausschnitt aus:
2187 1016 3000 1103 really Chronicle, London
2035 1084 2149 1137 von:
2303 1103 2489 1174 -
2157 1157 2903 1213 There was a very great change from the
2145 1195 2900 1256 day when they called and dent of social
2145 1244 2900 1286 re to these every year saw
2148 1281 2895 1326 mesure of social or Cheers
2139 1356 2900 1441 ANATOLS LOVE AFFAIRS
2154 1452 2900 1517 Tales of Five Sweethearts at
2291 1500 2758 1577 the Little Theatre.
2187 1568 2907 1650 The ideal home for those delightful little
2139 1622 2895 1693 Schnitzler plays of which three have already
2150 1674 2907 1727 ben vouched to a music-hall audience at
2154 1719 2903 1778 the Palace, was undoubtedly found on Satur¬
2153 1765 2907 1817 day night in the Little Theatre. There is an
2144 1808 2900 1858 air of choicences about the place that exactly
2154 1848 2903 1909 responded to the delicate texture of Anatole
2147 1880 2461 1930 little love affairs.
2177 1909 2898 1975 Not least te audience itself, which had
2157 1967 2903 2009 gathered to give a send-off to Mies Lilla
2144 2006 2898 2047 Marthye first essay in management,
2145 2027 2898 2077 seemed just about the right sort of audience
2145 2076 2894 2118 for the dialogues a very important point.
2141 2107 2900 2153 Abend of the advanced drama crowd
2144 2149 2898 2190 with men and women of the more or les
2145 2178 2906 2223 smart world seemed to touch off just the
2145 2211 2899 2272 necessary compromise between intellect,
2139 2240 2710 2280 elegante, and a sense of humour.
2183 2254 2900 2324 What, then, of Anto himself? To tell
2145 2310 2898 2368 the truth, he turns out a most entertaining
2144 2347 2900 2402 companion even for a whole evening. We
2149 2386 2907 2438 had no fewer than five of his love stories on
2150 2423 2898 2463 end, and so far from boring one they rather
2153 2464 2898 2503 grew upon the imagination. One found
2148 2497 2902 2536 oneself quite sorry to think that Anatol was
2150 2524 2891 2579 going to be married after all-perhaps, in¬
2148 2566 2903 2604 deed, he was not even though he started
2145 2596 2898 2646 out with his bouquet, who knows what have
2145 2637 2907 2674 a glance from a bright eye on his way to
2144 2666 2904 2729 the church might not have had upon the
2139 2701 2563 2739 Anatolian temperament
2178 2712 2900 2786 Of the five girls Hilda, Gabrielle, Bibi,
2139 2768 2898 2819 Mimi, and Lons who occupied his heart in
2139 2807 2891 2851 turn on Saturday night, only two were new
2139 2843 2900 2887 to London. These were Gabrielle and Bibi.
2139 2882 2891 2924 Hilda, Mimi, and Lona have already figured
2136 2919 2895 2962 in Ask No Questions," arwell
2133 2949 2848 3009 Supper," and "The Wedding Morning
2141 2990 2848 3025 the Palace. The two new dialogues
2139 3025 2900 3066 Christmas Presen and an "An Episode
2141 3064 2891 3108 were both vorthy of Schnitzler and of
2133 3093 2265 3140 Anatol.
2181 3110 2891 3175 The first one has a touch almost of patho¬
2133 3150 2886 3213 in it though heaven forbid that any heavy
2141 3205 2898 3243 business" should weigh down the heart of
2139 3232 2898 3279 Anatol. He has offered his umbrella to a
2139 3272 2895 3317 lady in a shower. She turns out to be
2141 3308 2887 3357 Gabrielle, an old flame of his, married. He
2136 3341 2882 3390 was buying a Christmas present for another
2141 3380 2891 3426 girl, just a dear little girl who lived
2136 3414 2886 3463 all alone in a little room with cheap and
2133 3442 2889 3487 nasty wallpaper," a little girl to whom he
2141 3488 2889 3526 was all the world for the moment, and
2133 3519 2893 3569 who would be sure to greet him by throwing
2133 3555 2886 3599 her arme round his neck and saying. It is
2141 3584 2887 3656 good to have again!" Take her¬
2133 3626 2889 3672 these flowers, said Gabrielle," and tell her
2141 3654 2881 3706 that they are from someone who might have
2133 3696 2883 3746 been as happy as she, if she had had the
2136 3738 2295 3793 courage.
2175 3759 2882 3808 The other new dialogue is, by way of
2133 3797 2889 3858 revenge, a humiliation for Anatol. He is
2133 3837 2882 3880 sorting his old love-letters with his friend
2136 3873 2880 3925 Max. He comes upon one with just the
2136 3908 2880 3953 remnants of a rosebud in it nothing more.
2145 3943 2880 3981 Ah, says he, that was little Bibi.
2133 3977 2893 4018 of our
2136 4045 2889 4100 cherheit
