3296 4224
1299 177 1659 262 box 8/6
811 182 1119 269 Zyklus
172 176 697 279 4.9. Anatol
1085 854 1533 914 —
481 908 1522 955 halb 24 Stunden, an die Scherebecker Amtskasse be¬
481 948 1531 992 zahlt werden. Die beiden Schreiben sind in Hadersleben
481 992 1535 1036 ausgestellt und lauten auf den 12. April, Man ist gespannt
475 1073 1532 1150 aus einem Balkongerüst bestehen, dem noch Wände und Putz
484 1117 600 1169 fehlen.
529 1149 1532 1212 Man könnte eine Menge Episoden zum Beweis des
480 1182 1528 1249 schundhaften Charakters der Veranstaltung Turins erbringen.
479 1244 1528 1289 Das Blendwerk kann uns nicht täuschen. Typisch ist ein Vor¬
481 1281 1531 1323 fall aus dem Konzert. Ein Kammerherr stellte dem eintreten¬
481 1323 1533 1365 den Könige einen Stuhl zurecht und behielt gleich den oberen
472 1361 1528 1403 Teil der Lehne in der Hand! Nach den hochtönenden Worten
469 1402 1528 1450 beim Eröffnungsakte, mit denen von der Bewunderung der
472 1440 1528 1496 ganzen Welt gesprochen ward, muten alle diese Zwischenfälle
476 1482 1528 1531 umso lächerlicher an. Italien ist also zurzeit nicht imstande,
472 1518 1531 1569 auch nur auf einem einzigen Gebiete seines Schaffens zu
479 1555 1528 1627 zeigen, inwiefern es sich wirtschaftlich, industriell und gewerb¬
476 1600 749 1657 lich fortbildete.
694 1713 1311 1810 Deutsches Schauspielhaus.
712 1782 1277 1874 Anna von unter Sr.
529 1865 1528 1910 Die sieben Gespräche des „Anatol"-Buches sind das
481 1890 1519 1947 Bekenntnis eines Dreißigjährigen. Als Erstlingswerk Arthur
481 1940 1522 1987 Schnitzlers ist der schlanke Band mit einem moschusweichen
476 1983 1526 2020 Rokokoprologe des achtzehnjährigen Gymnasiasten Hugo von
469 2016 1519 2062 Hofmannsthal im Jahre 1893 erschienen. Die Mädchen¬
479 2055 1522 2104 Katastrophen „Das Märchen“ und „Liebelei" folgten nach
481 2093 1519 2147 dieser gedämpften Ouvertüre. Con sordino spielte
479 2136 1519 2179 Schnier mit dem atlaszarten Poeten der szenischen So¬
472 2165 1522 2220 nate „Gestern die mildesten Cello=Träume vor. Schon
476 2210 1526 2256 waren die Bildhauer geneigt, das künftige Denkmal des
476 2252 1516 2301 Anatolsängers in Sèvres=Biskuit oder in kaiserlich=alt¬
479 2289 1522 2331 wienerischer Porzellanmasse zu denken. Wobei sie in
472 2328 1524 2375 ihren Entwürfen den glorifizierten Dichter von der musen¬
472 2367 1512 2407 haften Gestalt eines „süßen Mädels" mit Oleanderblüten
479 2406 1519 2447 und Fliederzweigen bekränzen ließen. Da zerbrach Arthur
476 2442 1522 2486 Schnitzler mit entrüsteter Faust den goldenen Käfig, der
475 2484 1516 2535 ihn allzu literarisch beengte. Dramen aus Blut und Feuer
476 2522 1522 2571 schlugen den falschen Sezessionisten ins Gesicht. Das „Ver¬
469 2560 1516 2601 mächtnis“, der „Grüne Kakadu", der „Schleier der
469 2592 1512 2643 Beatrice“, die „Lebendigen Stunden", der „Einsame Weg“
475 2639 1522 2679 das „Zwischenspiel, der „Ruf des Lebens wurden ein
475 2676 1522 2726 siebenfältiges Ereignis. Inzwischen war auch Hofmanns¬
469 2712 1516 2757 thal bei seiner tierischen „Elektra“ angelangt. Das süße
469 2746 1522 2804 Mädel lag in Scherben. Wenn das traditionelle Mai¬
469 2785 1522 2830 lüfterl darüber hinstrich, seufzten die papierdünnen Trüm¬
472 2828 1519 2877 mer melancholisch-heiter auf. Aber eine neue Tradition
472 2867 1519 2911 hub an. Und in der Bühnenhistorie des „Jungen Herrn
469 2906 1516 2955 Medardus“ meldete sich (1909) ein schicksalformender
472 2943 1519 2992 Meister, der seine kunstgewerbliche Periode endgiltig über¬
469 2982 1522 3030 wunden hatte und nun zwischen monumentalen Gebilden
469 3020 1516 3064 als großzügiger Plastiker dastand. „Beatrice" und „Me¬
469 3055 1522 3100 dardus“ sind die Gipfel seines Oeuvres. Wer heute ein
469 3098 1516 3145 Schnitzler=Denkmal entwerfen will, kann die winzige
479 3133 1516 3180 Figur des süßen Mädels nur noch als galvanoplastisches
479 3179 1519 3235 Zierstück auf der Rückseite des steinernen Sockels ver¬
472 3212 620 3262 wenden.
541 3227 1518 3292 Ein Theater, das mit der Zeit und mit den Ent¬
469 3286 1522 3334 wicklungen der zeitgenössischen Dichter Schritt hält und
472 3325 1510 3372 nicht in bequemen Aufgaben sein Heil sucht, wird also die
452 3354 1519 3437 kundamentalen und unbequemen Werke der respektiven
694 3453 1341 3664 t
1911 823 2661 890 einem Besitz rund 50000 Morgen im
1604 871 2652 932 Werte von 17 bis 18 Millionen in den vier Provinzen ver¬
1605 923 2656 976 loren gegangen. Insgesamt sind hiernach seit Mitte April
1607 951 2656 1008 1910 bis Ende April 1911 im Laufe eines einzigen Jahres
1599 1004 2656 1045 214 deutsche Besitzungen mit einer Gesamtfläche von 90 000
1604 1081 2656 1145 Autoren bevorzugen müssen. Aber das Deutsche Schau¬
1613 1132 2656 1178 spielhaus richtet sich nach Berlin. Berlin bringt den ver¬
1603 1173 2656 1230 ballhornten „Pourceaugnac. Das Hamburger Schauspiel¬
1609 1212 2660 1266 haus tut es auch. Berlin versucht den Amphitryon Mythos.
1607 1246 2653 1307 Das Hamburger Schauspielhaus tut es auch. Berlin ser¬
1607 1295 2651 1346 viert: „Herr und Diener“, „Die drei Grazien“, „Der Feld¬
1605 1329 2656 1382 herrnhügel“. Das Hamburger Schauspielhaus tut es auch.
1604 1362 2649 1414 Berlin gräbt (Winter 1910) fünf Szenen aus dem „Anatol¬
1613 1402 2653 1458 Zyklus aus. Das Hamburger Schauspielhaus tut es auch
1616 1442 2647 1495 Dagegen wäre nun gar nichts zu sagen, wenn sich diese
1605 1492 2647 1540 ornamentalen Randleisten den Hauptschöpfungen Arthur
1603 1515 2644 1569 Schnitzlers als ergänzende Arabesken anschließen würden
1605 1552 2649 1615 Wo aber bleibt die Bewältigung der großen und neueren
1609 1592 2652 1645 Werke? Die „Lebendigen Stunden“ und das „Zwischen¬
1609 1633 2649 1681 spiel stehen seit einigen Jahren im Repertoire oder in den
1607 1672 2649 1720 Archiven des Deutschen Schauspielhauses. Damit ist das
1603 1706 2653 1765 Schnitzler=Besitztum dieser Bühne erschöpft. Nun hat man
1601 1748 2653 1801 uns vor wenigen Monaten den „Schleier der Beatrice" in
1603 1786 2649 1843 Aussicht gestellt. Aber aus nichtsbesagenden Gründen wird
1604 1830 2648 1873 der mehrfach angekündigte „Schleier" auf einmal zurück¬
1613 1870 2653 1921 gezogen und dem nächsten Spieljahre vorbehalten. Wofür
1609 1905 2653 1954 der „Anatol“ Ersatz bieten soll. Gibt sich der Ehrgeiz des
1609 1940 2649 1994 Deutschen Schauspielhauses mit Miniaturen zufrieden, wo
1600 1988 2514 2034 ein Freskogemälde versprochen und erwartet wurde?
1665 1994 2648 2075 Fünf Gespräche — fünf Beichten. Der Dichter zieht die
1604 2043 2467 2105 zierlichste Diagonale durch jene tragikomische
2503 2063 2647 2112 Frauen¬
1597 2092 2652 2157 kennerschaft, die er als spielerisch überlegener Mensch
1607 2135 2652 2177 zwischen dem zwanzigsten und dreißigsten Lebensjahre er¬
1601 2180 2652 2221 worben. Gedankenstimmungen wechseln mit Stimmungs¬
1604 2216 2657 2268 gedanken. Das Verhältnis zum „Weibe" spiegelt sich in
1604 2250 2660 2293 nervösen Reflexen. Spitze Gesichtswinkel, stumpfe Gesichts¬
1604 2292 2652 2337 winkel ergeben psychologische Guckkastenbilder, die am
1597 2324 2652 2383 äußersten Ende eines langgestreckten Stereoskops in lieb¬
1604 2366 2652 2409 lich ernsten Dämmerfarben zu tanzen scheinen. Der Weib¬
1609 2403 2651 2459 Begriff schwankt zwischen den Konturen der anspruchslosen
1608 2441 2649 2496 Vorstadtmädchen, der begehrlichen Maitressen, der an¬
1597 2484 2651 2536 standsfüchtigen Halbweltdamen und der halbanständigen
1599 2523 2649 2564 Weltdamen. Ein Wiener Gourmand führt seine Amouren
1599 2560 2653 2599 vor. Er stöbert in lebendigen und fast schon zu Ende ge¬
1604 2599 2649 2648 schriebenen Liebesbriefen. Jeder Brief ist eine Frau mit
1596 2635 2644 2681 den naturwissenschaftlichen Merkmalen ihres besonderen Typs.
1599 2679 2644 2725 Und jeder Typ ist eine szenische Skizze, die knisternd und
1601 2712 2652 2781 duftend verbrennt. „Die Frage an das Schicksal“, „Weih¬
1599 2756 2637 2802 nachtseinkäufe", „Abschiedssouper, „Episode, „Anatol¬
1604 2792 2656 2837 Hochzeitsmorgen" bilden in dieser summarischen Art einen
1599 2829 2649 2886 rätselhältigen Reigen. Inmitten der wirbelnden Kette
1601 2869 2649 2923 steht Anatol. Steht ein Pierrot im Frack. Er ist Melan¬
1600 2907 2644 2951 choliker und Optimist, Träumer und Realpolitiker, Frauen¬
1601 2946 2644 2994 lob und Zyniker, Troubadour und Büßer, Abenteurer und
1601 2986 2644 3031 Mönch, Kantianer und Nietzscheaner, Leichenbitter und Har¬
1604 3022 2640 3068 lekin, Totengräber und Auferstehungsapostel, Neurasthé¬
1601 3062 2647 3112 niker und Phlegmatiker, Philister und Genie. Geist und
1601 3100 2652 3147 Grazie bewegen den komplizierten und doch so einfältigen
1599 3135 2643 3181 Mechanismus dieses wienerischen Don Juans. Aber man
1604 3177 2644 3231 fügt sich ohne Widerspruch der Stimmungsgewalt seiner
1596 3215 2652 3261 nachdenklichen Launen, weil er im Grunde das autobio¬
1604 3241 2660 3302 graphische Geschöpf eines echten, lieben und starken
1604 3285 1817 3340 Dichters ist.
1657 3321 2640 3381 Dieser Stimmungsgewalt, die den magischen Zauber des
1596 3365 2652 3421 Zwielichts hat, sucht das Deutsche Schauspielhaus sozusagen
2971 799 3217 866 en, die
2732 806 2840 868 au
2736 835 3220 898 nehmen gedenke, leicht ge
2738 887 3225 940 sitzende der hiesigen gerona
2736 928 3229 976 nant Ullitz, erklärt heute,
2732 971 3231 1012 lichung des Virckschen Plan
2729 1008 3233 1057 geronautischen Kreisen ist de
2725 1101 3231 1149 bei hellem Tage beizukom=
2737 1146 3237 1197 die doch sonst stilistische Neig
2738 1181 3232 1236 ganz ausschließlich mit no
2733 1218 3220 1274 sieht vier kompakt gestellte
2733 1258 3231 1306 „Ausstellung bemalter Wo
2736 1295 3229 1342 dem Kamin der ersten un
2736 1338 3233 1386 ein Hamburgisches Heidebild
2741 1377 3229 1422 im Wohnraume des Wiene
2736 1414 3229 1455 Dazu gesellt sich im zweiter
2736 1448 3233 1506 machung einer Wiener Stra
2736 1494 3233 1537 Spaziergängern und Geschä
2736 1532 3227 1573 von Ed. Weishappel, Seif¬
2736 1572 3236 1620 Brandhuber“). Auch ein re¬
2733 1608 3225 1653 ohne Zylinder) fährt zwei
2733 1647 3225 1709 nimmt die Heldin eines fi
2736 1681 3217 1736 gesprächs auf. So werden
2729 1720 3217 1784 unausgesprochenen Dramen
2736 1761 3233 1814 Zeitseele. Und die Galerie
2726 1794 3232 1854 und Darstellerinnen gehen
2736 1839 3227 1891 erster Linie Heinrich Lang
2724 1877 3225 1936 intensivere Ueberlegenheit,
2726 1918 3220 1970 winnen muß. Hermann
2724 1951 3232 2007 versagt und läßt Robert N.
2733 1995 3233 2056 bewünschen. Eugenie May
2726 2027 3231 2084 und Tony Heydorn schaffe
2733 2064 3204 2120 pikantesten Weiblichkeiten.
2736 2103 3241 2153 aber ungezügeltes Temperan
2738 2149 2898 2213 Stränge.
2875 2261 3209 2353 Kunst und
2850 2333 3217 2411 Stadttheater. In
2733 2391 3231 2457 Fräulein Anna Jacobs¬
2726 2433 3237 2480 die Carmen. Um eine Be¬
2729 2472 3233 2520 das eine nächste Jahr der hi¬
2733 2512 3148 2570 delt es sich hier kaum.
2721 2542 3232 2607 wartendes günstiges Ereig¬
2729 2594 3220 2639 Zeit, die den Opernfreund,
2721 2632 3241 2689 zugt, einigermaßen entsagun
2726 2669 3244 2712 Dinge, die im bequemen Glo¬
2726 2707 3237 2749 Opern angenommen, wochen
2717 2746 3209 2800 vor der bereits fixierten
2721 2772 3223 2837 Kräfteverbrauch umsonst
2721 2820 3239 2870 positionen. Der Rosenkavalie
2703 2856 3233 2915 Operette taucht empor. Der
2726 2894 3217 2957 kant" Bittners fliegt in die
2729 2942 3235 2990 später einmal neben der Op
2724 2977 3232 3036 zu bewegen, ohne doch dem
2724 3015 3237 3066 plan neues Leben einzublasen
2724 3060 3237 3107 Oper, die noch die Neugier
2715 3096 3235 3137 die neben dem Wagner=Per
2721 3133 3232 3181 sprechen ausersehen werden,
2724 3176 3225 3224 besitzt der Gast von gestern
2721 3217 3225 3257 geschmeidigen, schillernden
2717 3249 3237 3308 Bechungsgrazie zugute kon
2721 3290 3239 3340 Jugend und Wachstumsbedür
2724 3330 3232 3377 Sicherheit und darstellerische
2715 3370 3235 3433 gesicherten guten Eindrück¬
