3248 4224
164 4024 244 4075 or¬
250 125 1108 177 entstanden, vereinigte der Dichter zu einem
244 172 1107 231 bunten Blütenstrauß. Einer dieser Einakter
253 220 1111 279 geriet zu Anfang der neunziger Jahre auf die
250 265 1109 329 Ischler Bühne. Ich depeschierte meinem Blatte:
246 313 1117 382 „Zwar hat Schnitzler für den Sohn eines
253 369 1113 422 Laryngologen einen zu kurzen Atem, aber das
250 410 1110 475 kecke Stückchen atmet Geist und Leben. Das
250 470 1113 517 Publikum war angenehm entrüstet." So lautete
250 513 1117 574 das erste gedruckte Lob, das der junge Dichter
250 567 545 621 zu lesen bekam.
289 600 1113 675 Nein, es war nicht das erste Lob, denn schon
259 667 1115 719 zwei, oder drei Jahre früher hatte ich ein
259 711 1111 767 Festspiel, dass er zum Jubiläum seines Vaters,
244 754 1118 814 des Professors Dr. Johann Schnitzler, ge¬
262 804 1115 863 schrieben, sehr anerkennend besprochen. Der
262 855 1117 908 Verfasser selbst, längst ruhmgekrönt, machte
259 900 1111 965 mich auf dieses „allererste Lob freundlich auf¬
250 950 1122 1000 merksam. Und ich höre ihn noch, wie er in
256 996 1117 1057 diesem Festspiel einige Burgschauspieler glän¬
253 1048 1119 1133 zend kopiert, sogar den mitwirkenden Ernst
259 1100 463 1171 Hartmann.
298 1125 1117 1208 Fünf von den sieben Einaktern werden jetzt
256 1200 1120 1260 im Akademietheater gespielt, von Salmhofer
256 1251 1113 1311 am Klavier und einem ungenannten Geiger mit
262 1297 1120 1360 Schubert=Klängen stimmungsvoll begleitet. In
256 1342 1125 1398 einem Fauteuil nachlässig hingestreckt, spricht
259 1393 1122 1454 Raoul Aslan als Anatol den Prolog, den der
265 1447 1129 1505 junge Hofmannsthal unter seinem Pseudonym
262 1494 922 1564 Loris farbenfreudig hinzugedichtet:
380 1555 883 1619 „Also spielen wir Theater,
382 1609 1038 1676 Frühgereift und zart und traurig,
382 1647 899 1711 Die Komödie unserer Seele,
380 1705 1119 1763 Unseres Fühlens Heut und Gestern ..."
295 1751 1122 1813 Warum flüsterte der gewiegte Sprecher wie
262 1798 1130 1858 im Wachtraum den wunderbaren Prolog
262 1847 1123 1908 Muß denn auch eines der schönsten und klarsten
271 1909 1127 1957 Gedichte Hofmannsthals schwer zu verstehen
265 1946 1129 1998 sein? Und nun folgten die Stücke mit ihrem
265 1997 1122 2049 kultiviert galanten Dialog, ihrer sozusagen gra¬
262 2051 1127 2102 ziösen Erotik und ihren satirischen Anatolis¬
265 2092 1122 2151 men über Liebe, Ehe, Untreue und alle ein¬
265 2145 1127 2200 schlägigen Herzenssachen. Aslan pointierte den
271 2191 1125 2254 fünfmaligen Anatol fernhintreffend, aber dank
265 2239 1122 2294 der Umbesetzung durch Röbbeling den Plötz¬
262 2284 1123 2345 lichen, sah man einen, sagen wir, künstlerisch
256 2337 1125 2391 gereiften Anatol, der als melancholischer Leicht¬
262 2390 1127 2451 sinn die Melancholie bevorzugte. Immerhin
265 2429 698 2499 siegte seine Beliebtheit.
298 2464 1129 2542 Im Parkett saß das Vorbild des Max, der
265 2533 1131 2590 Medizinalrat Dr. Friedrich Kapper, dem vor
268 2581 1138 2640 seiner Maxahnlichkeit bange wurde, denn der
265 2630 1130 2694 Max des Emmerich Reimers litt ein wenig
265 2685 1131 2745 unter der jähen Umbesetzung, zog sich aber,
264 2731 1139 2789 wenn man beim Anatolreigen so sagen darf,
262 2782 1132 2848 mit Anstand aus der Affäre. Und dann die fünf
262 2834 1129 2894 Frauen! In der „Frage an das Schicksal" fügte
265 2885 1131 2949 sich Gerda Dreger als Cora klug in die Hyp¬
262 2935 1134 2994 nose. In „Weihnachtseinkäufe", von welchem
265 2980 1131 3044 Stück aus das Wort vom süßen Mädel“ zu
259 3032 1131 3094 ungeheurer Popularität in die Welt flatterte,
262 3071 1134 3149 hielt die Gabriele der Maria Mayen die poeti¬
265 3132 640 3206 sche Stimmung fest.
301 3155 1134 3252 Im „Abschiedssouper sah Alma Seidler als
265 3231 1135 3306 eine vom Ballett entzückend altmodisch aus.
268 3283 1138 3340 Sachverständig trank sie Champagner und
262 3333 1133 3404 schlürfte Austern (so was gab es einmal!),
262 3382 1131 3455 pampfte sich komisch den Magen voll, ergab sich
259 3440 1132 3495 mit einem Ruck ins Sentimentalische der wah¬
265 3485 1139 3542 ren Liebe und trieb dazu wein= und wonne¬
265 3533 1134 3598 trunken allerhand Allotria, ohne schließlich das
271 3590 1139 3650 eingewurzelte Extempore, Obersschaum am
265 3630 1134 3696 Munde, zu verschmähen. Der Befehl, die Bianca
271 3680 1141 3749 in „Episode zu spielen, war nicht Lili Mar¬
262 3731 1139 3796 bergs Wunsch, aber sie bewährte sich auch als
262 3782 1135 3857 pflichteifrige Einspringerin. Mit einem Ueber¬
270 3840 1141 3910 schuß an Temperament ging Ebba Johannsen
268 3889 1135 3944 als Ilona in „Anatols Hochzeitsmorgen" los.
275 3933 1134 3997 Direktor Röbbeling, der die gewitzte Regie Her¬
1160 92 2017 164 Mode von damals hatten viel an= und auszu¬
1158 160 2021 223 ziehen, aber sie erscheinen den Augen von heute
1158 208 2027 258 wie liebenswürdige Karikaturen. Der Vorhang
1158 258 2022 317 fühlte sich wiederholt gehoben, desgleichen das
1159 303 2027 361 Publikum, das die Künstler dankbar vor die
1158 346 2023 417 Rampe rief. Nur ein alter Herr in meiner
1158 404 2025 469 Nachbarschaft seufzte nach bekanntem Muster:
1158 455 2022 524 „Ja, ja, geliebt hat man in den neunziger
1159 514 1315 575 Jahren!
1194 595 2016 661 Vielleicht interessiert es die Leser, wenn ich
1160 648 2007 714 hier eine Episode auffrische, die mit „Anatol¬
1160 696 2019 765 zusammenhängt. Eines Tages überraschte mich
1151 748 2017 815 Charlotte Wolter mit einem Schreiben, worin
1170 809 2025 860 sie mich ersuchte, unter den Tagesneuigkeiten
1160 851 2018 914 meines Blattes von dem 25jährigen Jubiläum
1157 895 2027 965 ihrer vortrefflichen Köchin Notiz zu nehmen.
1164 950 2017 1012 Obgleich solche Jubiläumsergüsse just nicht zu
1158 1006 2025 1065 den literarischen Aufgaben eines Burgtheater¬
1158 1055 2025 1109 kritikers zählen, erfüllte ich gern den Wunsch
1157 1094 2029 1157 der großen Tragödin und machte mir den
1158 1146 2027 1209 Spaß, die Notiz mit den folgenden an die
1158 1211 1958 1273 Jubilarin gerichteten Versen zu schließen:
1274 1248 1789 1308 Täglich duften deine Tische
1271 1299 1780 1352 Wie der fliederreiche Mai,
1278 1348 1840 1404 Herrlich munden deine Fische,
1274 1390 1866 1456 Köstlich ist dein Hirn mit Ei!
1274 1445 1902 1501 Lob und Preis aus meiner Feder
1271 1493 1866 1554 Deiner hehren Kunst ich weih,
1278 1552 1857 1608 Ist doch deiner Krapfen jeder
1283 1592 1851 1653 Ein gebackner Wolter=Schrei!
1194 1638 2027 1700 Im Sommer darauf erhielt ich in Ischl eine
1170 1690 2033 1753 Einladung zu einem Mittagessen in der Villa
1164 1743 2035 1804 Wolter in Weißenbach. Professor Johann
1172 1790 2035 1851 Schnitzler, in dessen Begleitung ich den Aus¬
1170 1847 2037 1901 flug unternahm, redete während der Fahrt
1172 1899 2037 1949 wiederholt auf mich ein, ich müsse ihm ver¬
1172 1937 2039 2000 sprechen, seinen Sohn nicht wieder zu loben,
1167 1985 2032 2066 wie erst kürzlich gelegentlich der Ischler Auf¬
1170 2037 2040 2115 führung, denn das könnte seinem Sprößling
1232 2098 2030 2151 so meinte der besorgte Vater — dem ärzt¬
1170 2140 2039 2200 lichen Beruf abwendig machen. Ich habe es
1171 2188 2041 2258 nicht versprochen und dies wiederholt gehalten.
1208 2232 2051 2300 Nach der Mahlzeit dankte mir die Köchin in
1169 2289 2039 2347 einer ihr vom Grafen Sullivan, dem Gatten
1176 2340 2039 2393 der Wolter, einstudierten Ansprache, und zwar
1170 2391 2040 2450 in jenem Dialekt, den uns der Friedensvertrag
1170 2430 2039 2493 als Rest vom Kronlande Böhmen übrig ließ.
1176 2484 2044 2552 Dann löste sie ein Sträuschen Alpenrosen vom
1176 2543 2042 2594 Busen, überreichte es mir und knixte artig
1176 2583 2041 2641 davon. Beim Schwarzen bat Professor Schnitz¬
1179 2637 2044 2696 ler die Wolter, mir zuzureden, seinen Sohn
1179 2686 2048 2741 nicht mehr zu loben! Als jedoch später die
1176 2733 2041 2801 Lober überhand nahmen, fügte er sich in das
1179 2780 1887 2863 nun hochwillkommene Unvermeidliche.
1728 2826 2020 2901 Julius Bauer.
1210 2924 2053 2983 Bei Herzleiden und Adernverkalkung, so¬
1182 2970 2048 3031 wie Neigung zu Gehirnblutungen und
1182 3019 2048 3081 Schlaganfällen sichert das natürliche
1176 3073 2048 3145 „Franz=Josef“=Bitterwasser leichten Stuhl¬
1176 3123 2053 3193 gang ohne Anstrengung. In Apoth. erhältl.
