3248 4256
86 156 427 259 4.9. Ar
1220 134 1583 244 box 9/4
508 123 785 226 tol-
818 134 1049 222 klus
818 196 1053 251 ren
517 207 605 268 .
567 932 644 998 im
2454 965 2542 1038 wu
2463 1020 2548 1088 Mo
550 1027 646 1108 als
1704 864 2232 1137 en
904 943 1625 1141 Kunst und
2458 1073 2546 1137 not
1563 1099 2432 1198 sche Wurzel in der Lebensvergaßheit eines
2465 1126 2546 1181 vor¬
552 1097 640 1190 Ab¬
741 1126 1462 1229 „Arator im Akademietheater.
1570 1161 2546 1233 Hamlet. Emmerich Reimers gibt den Max als sind
2467 1216 2553 1282 erste
1574 1223 2434 1306 unaufdringlichen guten Kamerchen und ließen
688 1198 1546 1302 Die Aufführung des „Anatol“ von Artur
558 1192 644 1282 icht¬
2465 1269 2557 1330 mit
569 1266 1537 1341 glich Schnitzler im Akademietheater ist eine Ver¬
1572 1277 1669 1341 Kerl.
2463 1315 2551 1376 eine
1623 1282 2436 1376 Die Frauenrollen um Anatolich ungleich¬
668 1310 1537 1381 beugung des neuen Burgtheaterdirektors vor dem
1579 1354 2551 1423 mäßig besetzt. Am besten Aller als an
561 1352 1539 1429 lbst Geiste des Wienerischen und vor dem toten
1572 1403 2432 1475 g'schnappige Ballettratte des soupers"
673 1405 1537 1473 Dichter, der in diesem Jugendwerk die seelische
567 1431 646 1484 us¬
1577 1449 2449 1522 sie bietet nicht nur eine glantes prodistische
679 1453 1535 1528 Atmosphäre des „Jungen Wien“ der Jahr¬
567 1473 644 1522 Na¬
1581 1500 2447 1561 Schauspielerleistung, sie gibt Charakter¬
673 1502 1550 1577 hundertwende so vollkommen eingefangen hat,
1581 1552 2449 1618 studie über das süße Wiener die diesen
673 1544 1550 1625 wie später nur noch in der „Liebelei", Franz
1581 1594 2447 1656 vielverhimmelten Typ ebenso reich wie er¬
677 1607 1546 1678 Herterichs Inszenierung ist mit ehrfurchts¬
572 1640 651 1708 lich
1581 1640 2449 1708 barmungslos entlart. Maria hen läßt
671 1642 1546 1715 voller, fast feierlicher Behutsamkeit darauf be¬
1581 1684 2436 1752 hinter der Eitelkeit einer „Der von Welt
673 1689 1552 1763 dacht, vor allem die Stimmung, die graziöse,
1583 1735 2463 1803 glaubhaft die Einsamkeit und verhaltenen
688 1755 1548 1814 spielerische Melancholie jener Zeit wieder leben¬
1583 1781 2463 1862 Lebensschmerz einer aus Feigheit auf ihr Glück
679 1790 1548 1862 dig zu machen. Im Orchester steht aus dunkelrot
1581 1832 2458 1900 verzichtenden Frau ausschimmern. Ebbe Jo¬
679 1849 1548 1904 verhängtem Klavier eine Schale mit gelben
1590 1878 2460 1944 hannen, mit künstlerisch übersteigertem
679 1882 1559 1944 Rosen, gedämpfte Musik bildet den Auftakt, er¬
1596 1926 2467 1996 Temperament geladen, trägt ein wenig zu dick
688 1935 1557 2010 füllt die Pausen; die Schauspieler tragen das
1590 1974 2456 2047 auf. Lili Marberg ist eine imposante Zirkus¬
686 1977 1557 2047 Kostüm von 1890, die Szenerien sind in sanfte
1587 2021 2456 2082 reiterin, Gerda Dreger deutet den aus Unbe¬
686 2025 1557 2104 Halbtöne getaucht, der mattgoldene Sonnenschein
1596 2067 2454 2142 fangenheit und Verschlagenheit gemischten Lieb¬
684 2071 1563 2153 eines Frühlingsabends oder das Kaminfeuer
1596 2111 2463 2177 reiz eines einfachen Wiener Mädels geschickt an.
686 2120 1555 2183 eines Winternachmittags verzaubern den Schau¬
1592 2181 2441 2249 Das Publikum applaudierte begeistert. F. R.
693 2164 1566 2249 platz. Das Spiel von Anatols Liebesabenteuern
688 2225 1568 2289 wird mit seinem bitteren Humor zu einer
1645 2247 2474 2339 Volksoper. Die letzte Aufführung der
697 2269 1566 2331 Trauerfeier für das versunkene Wien der süßen
1598 2302 2469 2370 „Tosca" gewann ihre außerordentliche Be¬
697 2324 1570 2386 Mädel und ihrer schwärmerischen Liebhaber, zu
1592 2357 2467 2419 deutung nicht nur durch das Gastspiel Picca¬
701 2359 1563 2460 einer Trauerfeier für Artur Schnitzler, ihren
1592 2394 2463 2469 vers, sondern auch durch die mitreißende Kraft,
704 2423 844 2491 Dichter.
1598 2436 2476 2511 die sie auf das Publikum, das das Haus bis zum
759 2427 1572 2526 Mit einem Veilchenstrauß in der Hand spricht
1605 2491 2474 2557 letzten Platz füllte, ausstrahlte. Daß Piccaver,
695 2487 1566 2570 Raoul Aslan die musikdurchströmten Verse, die
1607 2537 2478 2608 der glänzend bei Stimme war, nicht nur tonlich
704 2557 1572 2623 Hugo Hofmannsthal der Buch¬
1607 2581 2478 2652 wunderschön sang, sondern auch viel Gefühl mit¬
701 2592 1475 2669 ausgabe des „Anatol" vorangestellt
1607 2634 2474 2704 schwingen ließ, braucht kaum hervorgehoben zu
1486 2641 1577 2704 steht
699 2643 1447 2729 Das Schicksal einer Generation
1605 2689 2474 2746 werden. Ihm stand in Vera Schwarz eine ge¬
704 2693 1579 2764 zwischen den Zeilen dieser Strophen, einer
1614 2729 2471 2795 sanglich und darstellerisch vorzügliche Tosca zur
712 2742 1574 2808 Generation, die „frühgereift und zart und
1605 2768 2474 2839 Seite. Auch der schwächere Herr Fußberg als
710 2786 1579 2856 traurig, ihre Welt in ein schwermutsvolles
710 2817 2474 2913 Märchenreich verwandeln wollte. Der Anatol Scarpia wurde durch die großen Leistungen der
1614 2869 2476 2933 Hauptdarsteller angefeuert. Direktor Leo Kraus
719 2887 1583 2949 Raoul Aslans ist auch ein sehr elegischer Frauen¬
1605 2916 2476 2984 dirigierte die Vorstellung, die weitaus besser als
710 2933 1581 2992 held, ein grüblerischer Philosoph der Liebe, nicht
1612 2957 2485 3030 die der Staatsoper war, mit großer Energie. Der
704 2975 1587 3050 der zynisch-leichtsinnige Lebemann, der dem
1614 3019 2485 3102 stürmische Beifall für die Ausführenden wollte
712 3021 1572 3102 Dichter vorschwebte. Die Trauer über die Ver¬
1612 3065 1957 3144 kein Ende nehmen.
710 3072 1579 3149 gänglichkeit der Liebe klingt bei ihm echter als
1671 3072 2480 3171 Volksoper. Freitag den 5. d. gelangt „Die
717 3129 1579 3204 die Freude am Genuß; die Wehmut der Hof¬
1616 3146 2485 3212 Fledermaus" zur Aufführung. Vera
717 3168 1590 3250 mannsthal-Verse schwingt in seinem Spiel nach,
1620 3197 2509 3292 Schwarz singt die Rosalinde, Alfred Pie¬
684 3219 1590 3322 und seine vergeistigte Melancholie hat ihre seeli¬
1088 3342 1502 3511 Arbeiter
1825 3483 2016 3635 2
