3436 4352
1391 188 1752 291 box 9/4
276 196 806 309 4.9. Anatol
791 191 1195 314 Zyklu-
793 675 1061 781 TRIBUNE
1788 770 2471 827 gathered flowers are arranged upon a
1790 824 2471 873 table, set for two. The lamp is lit, the
1793 858 2473 922 curtains are drawn. The old house¬
1785 904 2471 951 keeper discreter even than her dwell¬
1785 943 2478 994 ing, moves noiselessly to serve the
1790 979 2471 1030 dishes and withdraws. The two are
1793 1025 2468 1079 left togethera gentleman of upper¬
1790 1064 2473 1134 class Vienna, a lady of any class, or
1790 1105 1904 1162 none.
1824 1123 2465 1216 We have seen this comedy before,"
1793 1195 2458 1255 you say at first. It is sensuous, base.
1793 1237 2465 1301 It is none of these, for Schnitzel is a
1790 1278 2465 1324 magician. An honorable magician,
1793 1322 2468 1373 moreover. His work is never ugly. He
1790 1360 2465 1427 avoids sensuality by his honesty as an
1793 1401 2460 1453 artist. There is nothing unnatural
1788 1443 2468 1502 nothing immoral, nothing even furtive
1796 1484 2468 1538 for him in the relationship of lover
1793 1525 2468 1597 and mistress. A certain discretion is
1796 1574 2174 1633 preserved that is all.
1819 1584 2465 1687 He traces the psychology of the in¬
1790 1659 2465 1713 timacy. Within the limits he has
1793 1700 2465 1744 chosen for himself he tells everything
1790 1742 2465 1793 that can be told, and much that the
1793 1780 2473 1834 lesser artist is afraid to tell. Details of
1793 1816 2465 1878 circumstances are nothing to him¬
1788 1865 2471 1927 moods everything. His drama depends
1793 1904 2465 1958 upon a crisis in the lives of two peo¬
1790 1945 2476 2007 ple the inevitable passing from old,
1793 1989 2476 2035 relationships to new. No lash of
1793 2022 2460 2089 thought escapes him. He records ever
1793 2074 2473 2125 motive. In the crisis itself there can
1796 2113 2471 2174 be no compromise. The break must
1790 2151 2473 2221 come when one of the lovers desires it,
1790 2195 2087 2259 however faintly.
1809 2228 2465 2295 As long as romance spreads her wing
1790 2288 2476 2347 the intimacy last; the instant they are
1793 2324 2468 2378 folded it must come to an end at what¬
1790 2365 2471 2422 ever cost of suffering. That is the first
1790 2409 2471 2463 condition of equality between men and
1793 2450 2473 2504 women, a brutal condition, but one
1790 2491 2471 2553 which must be faced. In the moment
1790 2532 2468 2587 of party pity is a dishonorable emo¬
1790 2569 2471 2630 tion, chivalry the grossest form of pat-
1790 2617 2473 2674 ronage, sentimentality a nauseous drug.
1790 2656 2471 2723 Even the most cynical frankness is
1793 2697 2473 2754 fairer, and that is Schnitzlers weapon.
489 2708 1693 2788 Angelic as the looks, che is a storm center in the forces particularly
1827 2741 2473 2800 He analyzes the transition moment
933 2767 1268 2831 in the trial scenes
1790 2782 2471 2829 the scenes of "Anatol. Outwardly
1796 2829 2476 2875 between the lovers, all is just as it was
1796 2867 2476 2921 upon the first evening inwardly every¬
1796 2909 2476 2968 thing is changed. The man must be
410 2849 1713 2978 Schnitzler’s Affairs of Anatol
1801 2945 2476 2994 free. Conversation grows lame. At
1793 2983 2478 3040 last the explanation comes, and the
433 3001 2473 3084 Summe pysty Dukes von departs, sometimes with an
1796 3071 2478 3120 outstretched hand and a glance of un¬
1796 3112 2476 3164 derstanding, sometimes helplessly in
544 3117 1772 3205 COLLEGE freshman was asked Dramatists that are used as an intro¬
1801 3153 2468 3207 tears or riotously in a storm of indig¬
546 3197 2476 3262 once to make up sentences, duction to the Modern Library edition nation. For these latter types the man
1796 3243 2476 3287 has only a shug of the shoulders as
407 3207 1322 3308 using certain names in such a of Anatol.
1141 3274 2478 3344 The most famous of Schnitzlers he lights a cigarette. They offend his
410 3274 1090 3352 way that they would show he knew who
1796 3321 2478 3370 sense of decorum and compel him to
412 3334 1085 3385 or what they were. He used the name
1121 3323 1767 3393 plays, wrote Mr. Dukes, is "Lebele
1121 3362 2231 3432 in the English version ration regard them as inferiors.
407 3375 1092 3424 Loti by saying that "The Loti are
1827 3395 2476 3457 For the others he bears a touch of
415 3424 1770 3470 tribe of Indians in Wyming," and but in reality they are all "Lieble,
1806 3447 2473 3504 melancholy as a sign of mourning. He
410 3460 1778 3517 Schnitzler was identified as a brand of from "Anatol to the "Countes, Mitzi
1803 3493 2471 3545 will think of them in future twilligh
412 3499 737 3560 beer in Germany.
1118 3509 1778 3553 The moralist will find ration
451 3519 2473 3586 While such egregious ignorance is euphemism, but Schnitzler has nothing moods. But a few weeks later he will
407 3573 2471 3627 rare, it remains true that Schnitzler to do with moralists or morality. His here a new room in another side street
407 3614 2471 3676 known to only a small group in America subject is always the same the lover (not the same room, for that would be
407 3658 2473 3718 as compared with his extensive follow and a mistress or two. It is treated unbeautiful) for the reception of an¬
410 3697 2473 3787 ing throughout Europe. Only during gracefully enough, with little passion other mistress, and the old light of love
412 3738 2226 3795 the last few yet have his novels and much gentle melancholy, little will pass to a new lover.
1829 3772 2478 3826 There is Anatol, the Schnitzler hero,
415 3792 1780 3844 gained popularity here. And few are humor and much wit. His power lie¬
410 3821 2476 3895 familiar with his plays. However, in chiefly in the creation of an atmos¬ and there are the Schnitzler heroines
1806 3859 2476 3916 one finds in his company. They have
412 3880 1778 3926 central Europe and especially in his pherea dim twilight atmosphere a
407 3903 2473 3960 native Vienna Anatol" and his other of autumn evenings crowded with most of the vices of their city and the
417 3947 2476 4009 plays are regularly revived every season reminiscence. It is indescribably quintessence of its charm, frivolity
1110 3988 2478 4055 charming and completely aimless. A tinged with regret and intrigue with
407 4003 526 4063 or 50.
446 4032 1914 4101 His fame in the United States has crisis arrives, à catastrophe occurs; but grace.
412 4081 1783 4132 he to await the development that has it is an intimately personal catastrophe
415 4117 1783 4181 now come about of a sophisticated au¬ accepted with ironical resignation by
