3436 4256
188 133 779 215 4.9. Anatol-
780 140 892 230 1
1043 1262 1387 1339 Telephon 12.801.
490 1394 1202 1497 OBSERVE
382 1475 1386 1541 österr. beh. konz. Unternehmen für Zeitungs¬
538 1537 1187 1599 Ausschnitte und Bibliographie.
505 1585 1225 1660 Wien, I., Concordiaplatz 4.
734 1665 1009 1720 Vertretungen
339 1693 1390 1763 in Berlin, Brüssel, Budapest, Chicago, Cleveland, Christiania,
342 1749 1384 1799 Genf, Kopenhagen, London, Madrid, Mailand, Minneapolis,
342 1784 1377 1846 New-York, Paris, Rom, San Francisco, Stockholm, St. Peters¬
730 1823 999 1881 burg, Toronto.
682 1854 1040 1921 (Quellenangabe ohne Gewähr.
332 1918 707 1990 Ausschnitt aus:
339 1973 1471 2101 Das London
435 2115 1149 2221 ANTOIS AT THE PALACE.
464 2180 1190 2285 For his last week at the Palace Theatro
421 2242 898 2313 Mr. Granville Barker
931 2269 1191 2330 is presenting
429 2288 1184 2350 Schnitzler’s Anatol as a bridegroom pre¬
426 2310 1178 2412 Porro Nadling Nor¬
426 2358 514 2399 ing.
456 2381 1174 2465 The character and moods of the handsome
413 2436 1170 2502 light-love, lona, are admirably conveyed
418 2464 1171 2540 by Mise Alice Crawford, and the cynically
411 2492 1171 2566 philosophie Anatol and Max are as much as
419 2542 1171 2607 ever themselves in the hands, as before, of
408 2580 1166 2650 Mr. Granville Barker and Mr. Nige Play¬
415 2602 501 2649 fair.
430 2619 1166 2712 Madame Louis Balthy, a discus¬
405 2673 1161 2743 comique" well known to Parisiens, yester¬
408 2708 1161 2789 day made a very successful first appar¬
401 2753 1157 2813 ance in London a light and lively extra¬
408 2782 1156 2854 vaganza, Just a Minute," by Mr. John N.
399 2811 1159 2892 Raphael and the Palace Bioscope present
405 2856 1163 2928 scenes from Sir Herbert Tres production of
430 2890 646 2958 Henry VIII.
1307 128 1660 217 box 8/7
2010 514 3030 612 Bitte Rückseite beachten!
2616 581 3014 683 Telephon 12.801.
2341 765 2632 875 DER
2012 858 3057 941 I. österr. behördl. konz. Unternehmen für
2312 914 2767 992 Zeitungsausschnitte
2034 965 3060 1029 Wien, I., Konkordiaplatz, 4.
2419 1027 2680 1088 Vertretungen
2018 1046 3062 1135 in Berlin, Basel, Budapest, Chicago, Cleveland, Christiania,
2024 1101 3068 1160 Genf, Kopenhagen, London, Madrid, Mailand, Minneapolis,
2027 1139 3068 1207 New-York, Paris, Rom, San Francisco, Stockholm, St. Peters¬
2412 1191 2691 1259 burg, Toronto.
2695 1233 2824 1322 Gewähr
2275 1253 2645 1321 (Quellenangabe ohne
2430 1288 2550 1356 ho
2604 1281 3012 1366 ,
2027 1297 2395 1379 Ausschnitt aus:
2261 1346 2529 1435 28
2580 1390 2968 1479 une has recently
2039 1434 2917 1520 to sociously by that composer.
2302 1506 2753 1572 PALACE THEATRE.
2066 1564 2975 1629 The appearance of Mme. Louis Balthy, or first
2087 1610 2972 1665 in England, adds a notable attraction to the pro¬
2084 1650 2975 1696 gramme. M. Balthy comes from the Théâtre des
2084 1689 2972 1734 Capucines, and is a comedian of originality able
2087 1729 2972 1770 to carry off her jest with the touch of the true
2087 1765 2951 1813 caricaturist. Whether she is displaying the harem
2084 1806 2972 1854 skirt, making faces like Réjane walking like Polaire,
2082 1846 2976 1894 or delivering in broken English passages from Hamlet
2084 1885 2975 1933 in a voice strangely like the divine Sarah," sho is
2082 1922 2969 1969 always immensely comio and surprising. Every
2079 1956 2978 2014 action she makes is characteristic of herself; and,
2084 1996 2666 2053 although there is no trace of vul¬
2728 1998 2978 2053 in what she
2084 2029 2673 2082 does on says, the breath of her hu¬
2725 2032 2972 2091 is refreshing.
2084 2077 2965 2124 Mme. Balthy in great fun, and is well existed by
2087 2110 2972 2162 M. Henri Léoni with a nice voice. Their item,
2082 2149 2972 2203 Just a Minute, dodge about between English
2082 2189 2906 2235 and French, the French better than the English.
2117 2233 2976 2275 Some delicious dancing by Miss Maud Allar was
2084 2274 2975 2320 followed by The wedding Morning, the seventh of
2090 2310 2982 2368 the series of dialogues entled "Anatol, adapted by
2082 2345 2981 2395 Mr. Granville Barker from Schnitzler. Anatol is a
2090 2389 2985 2440 young spark of Vienne
2082 2427 2978 2474 marriage on the morrow. He dances all night at a
2084 2463 2983 2516 fancy dress ball with an old flame, to whom he dares
2079 2504 2978 2554 not break the fact that he is to be man and who tells
2084 2543 2972 2587 him she will never let him give her the slip again.
2090 2584 2968 2632 The brides bouquet arrives, and has to be smuggled
2084 2612 2972 2667 away, the friend arrives to hurry up the bridegroom,
2082 2660 2983 2703 and when he hears the lady is in the next rom thinks
2087 2700 2975 2746 it pasta joko he makes them both it down to
2084 2735 2979 2782 breakfast, and they toll her they are only assisting the
2084 2777 2975 2818 bridesmaids at a friends wedding. She doesn't
2084 2817 2975 2868 believe and pulls them both by the ears. The friend
2087 2856 2978 2907 retreats, and Anatol goes into the next room to
2090 2894 2972 2934 dress for his wedding. Some pointed dialogue
2084 2921 2961 2965 between the lady and Anato takes place through
2096 2955 2962 3000 he door. No, he will never let him slip. Haha!
2100 2985 2968 3031 no replies, and appears dressed for the wedding with
2106 3026 2968 3061 he brides bouquet. This is too much he
2100 3055 2976 3093 lashes for the bouquet and Anatol jumps on a
2100 3082 2968 3125 hair, and shout for his friend, who comes in and
2100 3123 2974 3158 sets in the way. She creams and she stamps til
2106 3150 2972 3189 Anatol goes, when she consoles herself with the
2103 3180 2969 3220 hought that a woman's scorn is stronger than hell
2096 3216 2969 3250 the dialogue does not seem to lose its points in the
2096 3250 2978 3288 ranslation, and the acting was a good as it could
2096 3280 2978 3312 be. Mr. Barke's nervous, tentative manner con-
2093 3312 2975 3347 rasted perfectly with the stolid good humour of
2090 3343 2981 3383 Mr. Niger Playfair ; and Miss Alice Crawford, in the
2096 3380 2972 3425 test of costumes, was delightfully gay and
2090 3401 2831 3446 heartless and serpent-tongued as the lady.
2123 3431 2986 3479 Scenes from King Henry VIII. can now be seen
2087 3463 2611 3522 every evening on the bioscope.
2137 3537 2961 3610 SUFFRAGISTS AND THE CENSIS.
