3344 4256
456 982 2800 1084 Scenes from "The Affairs of Anatol, an adaptation of Arthur Schnitzlers episodes, with Mr. John Barrymore as the principal figure
640 1081 2586 1178 Pierre Lotis Chinese Spectacle and The Affairs of Anatol
82 1184 1090 1280 HOSE who like to spend an evening inviting
1137 1210 2145 1286 of a Frenchman unless at the very end, perhaps. An.
2177 1216 3159 1289 to another always sincere at the moment just as did
222 1277 1087 1315 their souls with the sight of exquisite Chine
1140 1277 2131 1327 American might have made it happy and the Manchu
2174 1283 3159 1350 the young man in Flauberts novel. The Sentimental
114 1306 1090 1356 costumes, of Chinese scenes elaborated in the
1140 1321 2131 1365 prince would have won the rebel empress he fell in
2177 1321 2323 1374 History.
85 1347 1084 1406 old-fashioned manner that is to say, in the literal,
1137 1359 2122 1417 love with from afar and had to conquer before he could
2204 1353 3165 1417 His quick imagination endows them with all sorts
88 1388 1087 1447 rather than the impressionistic, manner shown last
1140 1397 1336 1452 tell her so.
2171 1400 3162 1461 of qualities and feelings which the simple creatures
91 1432 1081 1493 winter in Sumurun with music filled with the light
1172 1414 2125 1499 The Frenchman has the grace to make the beautiful
2174 1447 3153 1490 never dreamed of once he held the hand of a beau
88 1476 1087 1534 clashing of cymbals and dull throaty bim-a-bongs, and
1134 1476 2125 1534 princess yield her heart, but not her life, to her con¬
2177 1490 3162 1540 tiful giri from the circus and played the piano to her¬
85 1520 1090 1575 enough dramatic current to carry it all those looking
1140 1528 2125 1590 queror. She takes poison at the last, and it is to a
2171 1534 3165 1584 and watched the lamplight on her hair and knew that
126 1566 1087 1625 or an evening of this sort will have a good time at
1131 1566 2122 1625 pale and lifeless shape, seated on the throne of the
2177 1572 3168 1625 that moment would never, never be forgotten by her,
123 1607 582 1663 The Daughter of Heaven.
1134 1613 2119 1666 Manchus, for whom the gongs sound and the Man¬
2171 1616 3162 1660 although a couple of years after, when she did see him
123 1628 1084 1701 As a play, this adaptation from the French original
1131 1654 2122 1713 chus subjects kneel. Miss Viola Allen is the queen
2168 1657 3162 1724 again, she had no notion who he was, but guessed finally
82 1695 1078 1742 of Pierre Loti and Judith Gautier is at least as inter
1134 1698 2125 1742 and her intelligently used and beautiful voice added
2177 1695 3069 1751 that he might be the man she met in Petersburg
82 1733 1081 1780 esting as "The Garden of Allah," and as a very refined
1131 1739 2122 1789 much to that unhappy lady's charm. Nearly everybody
2209 1730 3162 1797 There are five different women in these five epi¬
85 1777 1084 1829 three-ring circus, even more brilliant and expensive. It
1134 1780 2113 1844 whispered to his next door neighbor that "The Daugh
2174 1791 3165 1835 sodes, and through them we get different views of
88 1821 1081 1870 seems safe to say that embroidered Chinese robes, as
1137 1824 1976 1897 ter of Heaven was a great chance for opera.
2174 1824 3165 1870 Anatol. The disillusion which such a sentimentalist
88 1862 1078 1911 dazzling and really beautiful as these, were never be
2174 1867 3165 1920 inevitably encounters, and the rather absurd figure he
1257 1867 1999 1946 CLIMPSES OF A SENTIMENTAL YOUNG MAN
85 1905 1084 1946 fore seen in a Western theatre. There is a sort of
2171 1908 3165 1952 cuts in consequence, is the note most accented, and
88 1941 1087 2002 temple scene, too, lit by moonlight which appeared to
1137 1920 2122 2014 HE Affairs of Anatola sequence of episodes by
2174 1949 3165 2008 yet do you know," as Anatol murmurs on his wedding
79 1990 1078 2034 many at the first performance to be the best theatre
1172 1984 2122 2040 Arthur Schnitzler, paraphrased by Granville Barken
2174 1996 3159 2040 morning (a sudden homesickness for the life he was
79 2025 1087 2075 moonlight they had ever seen. And there is a scene
1131 2022 2122 2081 and now presented by at the Litte Theatre
2177 2037 3159 2084 giving up had taken him back to the opera after his
82 2072 1087 2122 on the battlements, during a battle, with a Chinese sol¬
1140 2072 2131 2128 is a light but agreeable entertainment, fitted for an
2168 2075 3159 2122 bachelor dinner the night before, one of his old flames
82 2119 1087 2163 dier wigwagging a torch against the night, tons of
1131 2113 2116 2168 audience which has dined pleasantly, drifted in leisurely
2174 2119 3165 2163 has come home to breakfast with him, and he can't
85 2154 1084 2204 masonry tumbling down as the shells explode and the
1131 2160 2122 2209 fashion to the theatre, and brought thither a readiness
2174 2163 3162 2215 bear to tell her he is going to be married), do you
79 2201 1087 2253 defeated garrison finally burning themselves up on a
1137 2198 2122 2247 to accept for the moment the continental habit of treat¬
2168 2204 2963 2253 know, there's something pathetic about this.
85 2242 1090 2294 wonderfully realistic funereal pyre. Of its kind, all
1131 2242 2125 2291 ing love" as an activity apart and sufficient unto itself,
2212 2224 3153 2303 The quick transition from farce to a sort of trag
88 2280 544 2347 this is magnificent, quite
1125 2288 2119 2332 and not as our own literature assumes necessarily as¬
2174 2277 3153 2335 edy just a touch and away again is, one presumes
123 2297 1090 2379 Those who hope to feel here that peculiar haunting
1131 2326 1552 2388 sociated with marriage
2174 2332 3159 2382 much more delicately and poignantly achieved in the
85 2370 1090 2417 charm which steals over the reader of almost anything
1169 2361 2122 2426 Anatol is an artistic philander. He has a vast and
2174 2367 3156 2420 original dialogues than we can get it here, twice re¬
82 2405 1087 2464 Pierre Loti writes will be disappointed. You would
1137 2399 2122 2464 versatile appreciation of the charms of women and of
2171 2414 3162 2464 moved, as it is, by a rather British translation and the
82 2452 1087 2522 scarcely suspect that the original play was the work
1134 2458 2125 2522 the moods they can inspire, and he drifts from one
2168 2458 3159 2510 somewhat alien personalities of our own actors. Young
2782 2505 3145 2548 (Concluded on page 34)
532 3735 2703 3820 The Manchu Emperor, the rebel Empress, and one of the crowds in Pierre Lotis dramatic spectacle, A Daughter of Heaven
