3296 4224
90 166 354 273 4.9.
1210 165 1572 249 box 8/6
471 160 606 241 to
765 153 892 243 Zyk
730 1158 1786 1264 Bitte Rückseite beachten!
1345 1226 1760 1333 Telephon 12.801.
1565 1346 1659 1443 4
968 1412 1527 1518 BSERVE
724 1506 1790 1587 I. österr. behördl. konz. Unternehmen für
1036 1567 1500 1644 Zeitungsausschnitte
747 1612 1797 1712 Wien, I., Konkordiaplatz 4.
1138 1674 1396 1738 Vertretungen
733 1690 1799 1780 in Berlin, Basel, Budapest, Chicago, Cleveland, Christiania,
747 1774 1796 1813 Genf, Kopenhagen, London, Madrid, Mailand, Minneapolis,
733 1801 1790 1883 New-York, Paris, Rom, San Francisco, Stockholm, St. Peters¬
1138 1842 1416 1911 burg, Toronto.
992 1886 1552 1966 (Quellenangabe ohne Gewähr).
742 1935 1680 2064 Ausschnitt Teplitzer Zeitung
1035 2032 1145 2100 A
753 2064 870 2161 vom
1202 2023 1331 2164 111
842 2185 1809 2324 Teplitzer Stadttheater.
1170 2294 1504 2399 „Anatol.
862 2366 1807 2480 Gesamtgastspiel des Schauspielensembles vom Deut¬
1079 2446 1604 2520 schen Landestheater in Prag.
950 2487 1794 2576 Die jungen Dichter sind nicht Freunde Anatols,
866 2559 1799 2635 Energie ist modern, die Freude am Realen, Hand¬
863 2616 1797 2684 greiflichen .... Die jungen Dichter sind Tech¬
859 2663 1797 2736 niker, Luftschiffer, die alten aber bauten Luft¬
858 2713 1789 2774 schlösser; und doch trennen die zwei Generationen
861 2765 1792 2826 nur knapp 15 Jahre. So schnell wird ein Dichter
854 2800 1240 2869 zu den alten gezählt.
931 2846 1797 2929 Aber Anatol ist der feine, reizende junge Mann
850 2911 1792 2985 geblieben, der er vor 15 Jahren war. Und wenn
851 2962 1789 3026 man ihm auf der Straße nicht mehr begegnet, wer
845 3004 1786 3068 hätte die zärtliche, träumerische Gestalt darum we¬
846 3048 1789 3128 niger lieb. Anatol... ein moderner junger
847 3096 1786 3180 Mann würde sich genieren, einen so verhätschelten
839 3139 1784 3224 Namen zu tragen. Die Frauen aber sprechen ihn
849 3205 1776 3277 noch immer behutsam und leise aus, wie etwas Lie¬
835 3243 1782 3325 bes, das sie an ihre eigene Jugend erinnert. In
835 3290 1784 3376 Wirklichkeit hat er ja selten so geheißen, vielleicht
838 3336 1777 3411 hieß er sogar manchmal mit dem Zunamen Zavadil
826 3390 1778 3458 oder Wassertrilling. Das hat man ihm aber nie an¬
837 3439 1774 3522 gesehen. Er war hübsch, sehr galant und riesig
826 3498 1766 3571 nobel; er hatte eine bezaubernde Art, die Hände zu
825 3548 1770 3607 küssen, und seinen Bouquets entströmte fast unmerk¬
826 3580 1772 3665 lich ein feiner süßer Duft. Er hatte eine zärtliche
822 3647 1766 3709 Stimme, die wie Samt streichelte, und machte seine
814 3692 1764 3768 Liebeserklärung so feierlich verschämt, daß man ihm
822 3743 1761 3826 unmöglich böse sein konnte. Mit einem Wort: er
818 3790 1048 3856 war reizend.
902 3808 1756 3909 Junge Kavaliere dieser Art gibt es nicht mehr.
807 3892 1750 3973 Die jetzigen sind sehr selbstbewußt, tragen den
802 3949 1750 4050 Schnurrbart englisch und benehmen sich ganz beson¬
1890 105 2852 181 en verliebten Anatol von seiner markantesten Seite,
1915 157 2853 230 Da ist die wunderliche „Frage an das Schicksal“.
1915 203 2857 295 Anatol hat Gelegenheit, von seiner hypnotisierten
1914 255 2860 331 Geliebten zu erfahren, ob sie ihn betrügt. Er fragt
1940 305 2853 394 .. zaudert... und indem er ihr zuruft: „Cora!
1943 348 2858 424 wache!“ schließt er sie stürmisch in die Arme,
1946 403 2853 479 vingt sie, ihm zu sagen, daß sie ihn liebt, wirklich
1939 460 2857 533 t. Und das ist so hübsch an Anatol: daß er mit
1938 511 2854 587 r glücklich ist, obwohl er sich fürchtet, sie zu fragen
2000 568 2848 638 obwohl er sich fürchtet. Wie hübsch ist es auch,
1935 600 2846 685 aß Anatol nicht die Courage hat, einer kleinen fre¬
1930 662 2852 721 sen Schauspielerin, die er an jeder Straßenecke in
1928 702 2857 783 erbesserter Auflage finden kann, den Laufpaß zu
1919 753 2852 822 geben; und wie sympathisch ist seine Wut über den
1915 799 2850 876 Laufpaß, den er dann von ihr kriegt. In der
1921 849 2846 912 Episode ist Anatol der reine Tor, von dem die
1910 898 2841 986 jungen Mädeln träumen. Der bleibt er auch in
1897 939 2397 1007 „Anatols Hochzeitsmorgen".
1980 980 2852 1057 Die Darstellung war durchaus sympathisch. Frl.
1895 1029 2841 1115 Medelsky gab die Annie im „Abschiedssouper".
1895 1085 2841 1170 Einfach entzückend war es, wie sie Anatol die Vor¬
1894 1144 2845 1208 züge ihres neuen Geliebten schilderte, wie sie sich
1897 1184 2832 1253 dabei annitig beschwipste und nach dem Krach nicht
1890 1240 2836 1306 vergaß, noch schnell vom Nachtisch Gebrauch zu
1894 1289 2820 1345 machen. Als Ilona in „Anatols Hochzeitsmorgen
1890 1329 2832 1406 war es hinreißend, wie sie dem Max ihren Rache¬
1886 1390 2838 1474 plan entwickelte, verliebt und zynisch zugleich, leicht¬
1893 1430 2687 1492 sinnig und doch aus dem Innern heraus.
2748 1446 2834 1508 Frl.
1894 1468 2832 1543 Glasel: ein anderer Ton. Reizend versteht sie
1894 1533 2829 1603 zu schweigen und zu lächeln. Anatol sagt ihr, daß
1894 1580 2828 1645 sie ihm im Schlaf gesagt habe, sie liebe ihn. Sie
1894 1629 2829 1688 sagt darauf ihr „Wirklich?“ mit einer boshaften
1882 1680 2826 1745 Delikatesse, die den ganzen Einakter in dieses Wort
1878 1732 2832 1788 zusammenpreßt. Anatol war Herr Tiller. In
1878 1772 2826 1849 Friedrich Adlers „goldenem Kragen" ist ein Anatol¬
1882 1823 2828 1902 bild des Pragers Taschner: der Künstler hat Anatol
1873 1863 2826 1946 die Züge des jungen Schnitzler gegeben; ein feines,
1883 1915 2828 1995 schmales, bleiches Profil, die schlanke Gestalt im
1878 1979 2817 2052 engen Salonrock ist ein bißchen vornüber gebeugt
1873 2008 2817 2099 und könnte „Der Lyriker in der Landschaft" heißen.
1878 2062 2817 2144 Nun, dazu ist Herr Tiller zu korpulent, zu wohlge¬
1879 2115 2826 2176 nährt. Er sah eher wie ein Tenor aus, der eine
1874 2149 2820 2225 gute Partie gemacht hat. Trotzdem: man glaubte
1879 2212 2817 2286 diesem Anatol sein charmantes Liebhabertum und
1878 2258 2817 2345 auch seine altkluge Schwermut. In der „Frage an
1878 2305 2816 2387 das Schicksal war es sein, wie ihm die Stimme ver¬
1879 2363 2812 2449 sagte, als er Cora fragen wollte; wie er seinen Kampf
1893 2407 2812 2479 it sich selbst verlor und darüber glücklich war,
1906 2463 2797 2539 ihr hübsch war es auch, wie er in der „Episode
1897 2508 2812 2564 ückstrahlend auf Bianca zuging, und wie er in
1885 2554 2806 2613 ummer Trauer hinausging, als sie ihn nicht er¬
1863 2603 2808 2679 kannte. Herr Huttig war ein Max, wie man sich
1869 2651 2809 2729 ihn nicht ironischer, klüger und eleganter wünschen
1862 2705 2802 2778 kann. Es zeugt für die Feinheit des Zusammen¬
1859 2742 2810 2828 spieles, daß die Wirkung, die der Ironiker Max er¬
1867 2805 2805 2879 zielte, mit Anatols Noblesse Hand in Hand ging
1855 2854 2801 2923 und sie organisch ergänzte. Die Regie, für die Herr
1857 2894 2809 2981 Dr. Eger verantwortlich zeichnete, leistete Char¬
1858 2945 2003 3006 mantes.
1934 2987 2800 3074 Das Haus war sehr gut besucht. Den Gästen
1850 3040 2393 3124 wurde viel Beifall gespendet.
