3248 4256
442 95 1301 152 des „Anatole als seine erste Akademie¬
446 141 1304 193 theater-Premiere sichtlich eine Reverenz vor
449 179 1304 233 dem Geist des Österreichischen. Eine
452 220 1304 278 Demonstration guten Willens, das öster¬
446 267 1301 317 reichische zu pflegen, wenn er auch — wie
452 307 1304 368 Hermann Röbbeling bei seinem ersten Er¬
452 352 1306 406 scheinen im Burgtheater sagte — aus nord¬
449 398 1314 464 lichen Bezirken kommt. Das heißt, herbere
446 442 1028 500 Luft zu atmen gewöhnt ist.
503 466 1311 537 Nun ist „Anatole burgtheaterreif gewor¬
454 521 1309 579 den. Das hat er sich damals, vor 40 Jahren
454 574 1306 622 als er zum ersten Male in die Literatur trat
454 613 1312 663 wohl kaum gedacht. Und jetzt ist er schon
452 656 1309 710 so etwas wie ein museales Kleinod. Aus
452 699 1312 751 lächelnder, nachsichtig-kritisierender Satire
454 743 1309 797 der Zeitgenossen wurde Historie. Wurde be
450 785 1316 841 reits eine Geschichte aus der Geschichte.
463 828 1318 883 Aber gerade, daß man den Anatol heute im
457 873 1325 930 Kostüm spielen kann, zeigt, daß er von
457 917 1322 964 einem Dichter geschaffen ist. Denn sonst
466 954 1318 1018 wären diese Menschen mit ihren oft ab¬
460 997 1322 1055 sichtlich müd-berspitzten Gedanken schon
457 1044 1325 1109 längst zu geistigem Moder, zu Bücherstub,
457 1093 648 1147 zerfallen.
506 1116 1328 1183 Arthur Schnitzlers „Anatol“ und die Ge¬
466 1169 1325 1225 fährten um ihn leben, leben als ein Symbol
463 1211 1328 1274 Wiens, wenn auch ihre Zeit unwiderbringlich
463 1258 1331 1315 vorüber ist. Nicht weil die Strecke der uns
463 1312 1329 1362 von ihnen trennenden Jahre so lange, nur
469 1346 1331 1411 weil der Abgrund so tief ist, der sich zwi¬
466 1386 1323 1443 schen damals und heute aufgetan hat. Allen
463 1440 1340 1491 die irgendeinen Anatol noch selbst gekannt
464 1473 1333 1534 haben, die mit diesen Menschen einer späten
473 1518 1331 1575 Zeit gelebt haben, wird warm ums Herz,
469 1569 1338 1624 wenn sie ihn heute wieder auf der Bühne
469 1596 1331 1671 begegnen, aber auch die anderen, die Jun¬
479 1642 1333 1707 gen können sich dem nachdenklichen
476 1693 1336 1747 Scharm dieses schmerzlich Genießenden
479 1732 1338 1788 schwer entziehen. Denn er ist doch ein lieber
467 1775 1340 1837 Kerl, trotz allem ... Nur verstehen werden
469 1816 1335 1872 sie ihn nicht mehr ganz. Daß eine Genera¬
481 1857 1339 1926 tion schon in jungen Jahren alt ist, ihre
484 1911 1346 1961 wirkliche oder nur zur Schau getragene
490 1950 1335 2004 Wirklichkeit mit hypochondrischer Sorgfalt
476 1989 1333 2050 beobachtet, ihre Lebenstraurigkeit preist
476 2039 1343 2096 ist der heutigen, in das gegenteilige Extrem
479 2080 1350 2146 entrierten Jungseinwollens verfallenen so
476 2120 994 2188 gut wie nicht vorstellbar.
523 2158 1339 2221 Der Erfolg des „Anatol“ im Akademie¬
493 2205 1350 2262 theater beweist nur, daß dieser Extrakt des
490 2246 1349 2305 Wienertums (ein Extrakt von Zartheit) noch
481 2298 1350 2352 so stark ist. Daß er immer noch Resonanz
487 2333 1353 2401 findet. Die stets etwas dunstige, doch
493 2381 1355 2445 gerade dadurch Schärfe mildernde, Härten
493 2425 1352 2478 verklärende Art des Wienerischen, diese
490 2467 1348 2520 weiche Wärme ist meisterhaft eingefangen.
490 2519 1353 2566 Es ist das „andere, das „geheime“ Wien,
487 2550 1352 2616 daß sich von den bekannten ganz und gar
487 2603 768 2661 unterscheidet.
535 2614 1350 2692 Franz Herterich hat in seiner liebe¬
496 2687 1352 2736 vollen Regie der Reihe dieser Szenen das
490 2715 1355 2782 Aktuelle, Zeitgenössische genommen. Und
490 2766 1352 2830 ihnen dafür den Reiz einer Unwirklichkeit
493 2806 1358 2863 einer Entrücktheit gegeben. Ein Klavier,
496 2860 1355 2917 beleuchtet von beschirmten Kerzen, be¬
493 2902 1360 2966 gleitet mit leisester Schubert-Musik, wenn
501 2938 1367 3008 Anatol noch vor dem Vorhang, lässig in
500 2992 1362 3037 einem Fauteuil gelehnt, die Worte jenes
493 3022 1362 3083 Prologs spricht, den der unheimlich hell¬
503 3066 1362 3128 sichtige junge Loris, der dann zum Dichter
503 3110 1355 3196 Hugo von Hofmannsthal werden sollte, ge¬
503 3158 781 3229 schrieben hat.
547 3189 1363 3249 Wenn die Aufführung nicht ganz so
508 3243 1370 3304 wurde, wie sie geplant war, sind wohl
508 3283 1369 3353 „Besetzungsschwierigkeiten“ in erster Linie
500 3328 1362 3381 daran schuld. Raoul Aslans Naturel
498 3365 1358 3435 kommt die elegische Seite Anatols eher ent¬
517 3412 1362 3483 gegen als die genießerisch oder gar die
514 3468 1370 3526 selbst-ironische. Emmerich Reimers
504 3503 1372 3570 macht aus dem Max weniger den Räsoneur
514 3560 1380 3614 des Stückes als eine Art Leporello de¬
514 3590 1375 3659 Anatol, womit aber manche Pointe verloren¬
514 3632 1396 3719 geht. Den Reigen der Frauen um Anatol
2645 146 2992 233 box 9/4
1526 143 2434 251 4.9. Anatol - Zyklu-
2112 2131 2333 2235 Wien,
1951 2251 2485 2403 de
2401 2327 2525 2418 32
2141 2349 2376 2447 2. S.
1764 2397 2877 2518 nen Morgen, Samstag, eige¬
1755 2474 2867 2563 Anatol" aufgeführt. Die Titelrolle spielt zum erstenmal Hans
1732 2508 2871 2604 Wengraf, der damit sein Engagement am Burgtheater antritt.
1744 2549 2883 2647 In den übrigen Rollen wirken mit die Frauen Johannsen, Kra¬
1744 2587 2878 2707 mer, Marberg, Mayen und Weidler, die Herren Chöner und
1735 2654 2286 2758 E. Reimers, Anfang 20 Uhr.
