3344 4256
130 26 566 110 in a right
118 94 568 176 Jocked on Sundays to
130 148 564 228 the first excuse for
120 204 558 284 isler's Caprice Vien-
130 264 562 352 ? And when you
124 314 564 398 faces in the city of
124 374 566 454 der most of all, was
130 434 560 500 Vienna such as Dr.
120 484 556 566 er, physician, novel¬
124 546 556 616 ght, pictured in his
136 604 560 680 Anatol of light¬
122 654 562 732 and delicate sorrows,
130 722 560 790 day was new with
118 762 554 854 elevated the embar¬
118 822 556 912 tings with the old
114 886 404 964 graceful art?
112 942 554 1024 a must have existed
122 996 554 1074 ne, lived and played
124 1054 554 1136 shioned a city to its
124 1108 554 1196 although Anatole
124 1164 550 1242 to the world over
126 1218 550 1298 it still lives even to
112 1270 550 1358 ing public in Gran¬
126 1338 544 1414 severin,
132 1388 544 1462 of those who saw
132 1446 550 1528 play it. Since there
136 1508 546 1588 freight of social
128 1556 538 1644 these little come¬
118 1612 548 1706 kept them alive so
110 1720 542 1810 there is in them the
112 1790 532 1868 Anatol one really
118 1844 548 1928 him his city, then
112 1900 538 1984 ge Vienna today.
108 1956 552 2040 girdle of boulevards
116 2010 536 2096 heart of the city,
124 2070 536 2146 in its way, ponder¬
102 2126 536 2212 and public build¬
102 2186 546 2264 immaculately clean.
112 2238 538 2322 ys their architecture
106 2300 536 2372 tive of Vienna than
100 2350 532 2436 timitate Prussa.
106 2414 538 2498 se palaces are awk¬
102 2468 536 2546 kitchens and offices,
100 2522 532 2600 habby for lack of
106 2590 526 2668 s, palaces and peo¬
112 2644 532 2714 in mod. The out¬
102 2698 530 2782 he world you see on
126 2750 530 2836 the day at night
112 2806 524 2890 people and fewer
108 2866 550 2950 remarkable pov¬
96 2916 530 2994 ggars are plentiful
96 2980 530 3052 heatrical. But it is
96 3034 520 3114 aspect of the city
100 3092 524 3170 ing the employed,
104 3144 520 3238 don't have to work,
98 3204 520 3286 The real Vienna of
88 3264 526 3348 heart for the boule¬
100 3320 528 3420 back reaches of the
96 3370 254 3446 vation.
96 3432 524 3514 de Viennese must
102 3498 522 3566 see them crowded.
94 3554 526 3622 there is plenty of
100 3616 518 3698 little weak choco¬
96 3666 514 3744 beer, occasionally
90 3720 512 3802 na substitute, and
92 3770 524 3874 or milk. For those
616 0 1388 114 a donde se lo de
1428 46 2194 134 superbly and the applause is gener¬
614 92 1376 174 well. They glance through skipy
1428 104 2200 182 ous. But it all sounds hollow.
612 152 1374 226 journals; paper costs enormously
1428 164 2188 236 Something is not there. A Strauss
614 208 1386 290 They comment occasionally on this
1428 214 2192 284 like waltz you seldom hear. For
612 256 1384 342 or that, and are mildly glad when
1440 272 2192 342 Vienna, like the rest of Europe, has
612 316 1066 388 the music strikes up.
1428 332 2198 400 turned to the popular music of
650 352 1382 442 In the biggest cafés there is
1424 388 2194 458 America; America, the young and
604 426 1370 496 music; for musicians, like other pro¬
1430 442 2192 520 vital when Europe is so tired;
606 482 1376 572 fessionals in Vienna, are plentiful
1424 508 2188 572 America so overflowing with bar¬
604 550 1388 634 and to be had cheaply. I know of a
1422 558 2196 632 baric vitality that the jazz band is
606 602 1382 674 leather goods buyer from America
1424 622 2194 682 its expression. Tunes that ran their
604 656 2202 770 who hired a quintet from a sym- brief course in the United States two
1072 820 1704 946 IN THIS ISSUE
706 958 2088 1096 ARTHUR SCHNITZLER INTERVIEWED IN MODERN VIENNA
1188 1062 1600 1150 By Joseph Gollamb
850 1092 1930 1206 AN APPRAISAL OF THOMAS HARDVS PROSE
714 1190 2064 1286 The Both birthday of the great English novelist occurred on June 2
1214 1260 1564 1344 By John Erskine
736 1314 2084 1436 THE REAL OF MARTIN, BY VAN WYCK BROOKS
1082 1394 1696 1486 Reviewed by Carl Van Doren
726 1438 2082 1580 Mrs. WARRENS DAUGHTER, BY SIR HARRY JOHNSTON.
1096 1532 1684 1634 Reviewed by Wilson Follett
922 1594 1836 1682 How CHESTERTON REGARDS DIVORCE
1152 1668 1612 1758 By Renée Darmstadter
716 1706 2038 1860 HAVEN CHICCINS INTERVIEVED BY JOSEPH ANTION
960 1822 1790 1932 TRADE UNIONS AND THE I. W. W.
1198 1896 1562 1980 By George Soule
1004 1956 1736 2090 ERA POUND THE INNOVATOR
1136 2046 1624 2128 By Herbert S. Gorman
640 2082 2120 2210 Other contributions by WILLIAM OLIVER STEVENS, ANOLD WHITRICE,
856 2172 1890 2244 J. W. ROBERTSON Scor, J. RANKEN TOWS, etc.
762 2226 1410 2326 BOOK SALES AND RARE BOOKS
1510 2240 1982 2330 THE READERS GUIDE
634 2296 1060 2390 THE NEWEST BOOKS
1188 2298 1530 2392 FOREIGN NOTES
1658 2276 2108 2400 THE LATERARY LOBET
642 2472 2102 2620 The Novels of Thomas Hardy
574 2596 2164 2736 June 2nd Marked the Eightieth Birthday of the
956 2702 1780 2796 Westen Master of Fiction
1194 2804 1536 2876 By John Erskine
956 2832 1770 2936 Professor of English, Columbia University
620 2902 1356 3010 E popularity of Hardy's novels
1392 2922 2158 3024 tions of the village gossip without
588 2980 1346 3056 is testimony to the lasting ap¬
1386 3000 2158 3060 altering them beyond recognition.
566 3046 1350 3128 peal of melodrama. We all love a
1392 3046 2156 3134 His stories therefore can be paral¬
570 3102 1348 3168 stary, particularly when it concerns
1386 3110 2164 3176 leled easily in the common rumor of
568 3166 1350 3232 our neighbors, and nothing is more
1392 3170 2160 3248 life. I call to mind one little town,
566 3204 1346 3298 fundamental in the neighborly atti¬
1392 3222 2162 3296 set in ills far from Wessex moors,
566 3280 1344 3336 tude than the faith that, were the
1390 3280 2160 3358 where you may hear of two doctors,
574 3324 1336 3392 whole truth known, the quiet seem¬
1386 3342 2166 3420 father and son, who shared the same
562 3382 1342 3456 ing history of men and women within
1386 3402 2164 3474 practice and through a strange error
556 3446 1342 3522 a stone's throw of our door would
1392 3462 2152 3544 came to share the same blighted
558 3498 1342 3578 yield something adventurous, eccen¬
1382 3506 2154 3588 reputation; the father one day
558 3564 1338 3638 tric or scandalous. The village
1386 3570 2156 3628 visited a bedside, and gave the
560 3618 1338 3682 gossip is the poor but serviceable
1388 3614 2152 3698 patient a powerful drug, and a few
556 3680 2164 3748 minister to the perpetual curiosity of hours later the son, unaware that his
568 3730 1344 3790 this undying faith, and in English
1372 3736 2156 3816 father had been before him, visited
560 3792 1332 3882 fiction Hardy glorifies the ministra¬
1472 3794 2050 3882 Kontinued on Pagt Thirteen.
2246 44 3024 152 en dat von uns von
2258 120 3012 196 people dragging logs of new wood for
2240 166 3024 256 miles back to the city. Recently the
2244 230 3014 306 park department ordered a general
2246 294 3012 376 pruning of trees in the city, just to
2238 336 3012 430 give the poor a chance to gather the
2240 394 2570 470 twigs that fell.
2280 450 3010 550 And as to the world of Anatol and
2238 506 2502 586 his friends?
2282 566 3006 652 I went to Dr. Schnitzler himself
2234 612 3006 704 for news of them. The man who has
2240 692 3006 776 caught the spirit of Vienna's youth is
2234 740 3006 818 numerically fifty seven years old. He
2232 802 2998 886 is rather square in build and there¬
2222 860 3006 940 fore looks shorter than he is, but an
2228 912 3008 978 aliveness that would mean youth at
2230 966 3004 1050 any age gives him dominance in any
2222 1040 3002 1108 group. His gra-blue eyes are warm
2222 1074 3002 1144 and bright. His ample brown hair
2228 1124 3008 1206 and trimmed beard give no hint of
2224 1188 2994 1258 his years in spite of the gray in them.
2222 1246 3002 1330 He talks fast, well and boyantly,
2222 1310 3000 1382 constantly crowded from his theme
2222 1348 2998 1424 by warm of shouldering memories.
2222 1412 3000 1500 Goethe, Schiller, Lessing, Heine,
2222 1468 2994 1554 George Bernard Shaw and Shake¬
2210 1536 3002 1600 speare, the last two in German as
2224 1598 2994 1654 well as in English, and a host of
2216 1634 2994 1712 other books look down from the
2216 1698 2992 1778 shelves of handsome book cabinets.
2218 1754 2998 1838 Through a panelle window I saw a
2216 1808 2988 1882 glimpse of wood with a red sun set
2218 1860 2994 1944 ting behind the trees; in the other
2222 1928 2992 2020 direction, down hill, the roofs of
2214 1982 2994 2066 Vienna itself. A white porcelain
2210 2044 2992 2122 stove in a corner, dark rose wood fur¬
2202 2084 2988 2172 niture; a bowl of brilliant geran¬
2204 2144 2986 2244 iums; framed prints on the wall, all
2210 2212 2992 2316 took the warm twilight comfortably,
2208 2262 2484 2340 endearingly.
2252 2314 2988 2400 The Vienna of Anatol lived in
2212 2376 2984 2460 the late 80's, Dr. Schnitzler said,
2206 2440 2994 2508 answering my query. It belonged to
2206 2502 2988 2558 a time of economic ease and freedom
2212 2546 2986 2626 from the weight of social problems
2206 2604 2996 2682 clamoring for solution, a time when
2210 2666 2988 2738 charming young idlers could bloom
2204 2722 2994 2806 and thrive. It was largely then that
2204 2774 2984 2852 the lighthearted, tuneful, gracefully
2204 2828 2982 2908 living Vienna of the foreigner's
2212 2886 2982 2972 imagination was nearest reality.
2208 2948 2988 3036 You mention Strauss waltzes.
2204 3000 2982 3094 Strauss's music is only a waft of
2206 3056 2980 3150 melody through a partly opened
2202 3112 2982 3192 door. It happened that his compo¬
2202 3170 2982 3256 sitions found favor in the world out¬
2204 3240 2974 3296 side. Vienna had other waltz music
2202 3296 2976 3368 besides Strauss. Its mood was the
2206 3350 2976 3424 mood of a sunny day in the spring,
2206 3402 2980 3468 Sunday. Of course, there was the
2206 3458 2986 3536 workaday world for the mass of
2210 3510 2974 3588 Viennes. But it was not a grinding
2206 3580 2974 3650 week in the main. Employment was
2198 3636 2972 3708 not very scarce and good food and
2204 3684 2982 3754 good light wines and beer not dear.
2200 3750 2982 3828 And then, too, as soon as winter let
2320 3808 2854 3896 (Continued on Page Twelve.)
