3484 4256
510 131 1441 218 den der Han
510 193 1444 255 einer Art kritischer Melancholie versetzt. Längst
509 236 1438 316 Gesagtes noch einmal sagen! In eine Zeitung
505 309 1441 367 zu setzen, was schon lange in der Literaturge¬
518 348 1441 410 schichte steht. Und so sehr neuartig auch heut
510 395 1441 472 noch diese fünf Akte anmuten, so überholt
510 448 1443 528 müßte ein Referat klingen, das sich darin ge¬
510 494 1433 561 fiele, „Anatol heute als eine „Novität" auszu
516 554 1381 612 fassen. Hier fünf literarische Immortellen,
510 602 1441 660 und da eine Zeitung von — gestern Nein!
517 646 1444 724 Es war mir peinlich genug, als ich hier vor
516 694 1368 779 drei Jahren über Ibsens „Rosmersholm
510 745 1363 809 22 Jahre nach der Ur=Aufführung! -
517 796 1444 879 schreiben mußte. Es ist ja klar, warum sich
512 853 1441 922 diese fünf Akte so spät in das Repertoire eines
509 901 1444 983 Provinztheaters eingliedern: sie erheischen eine
512 958 1444 1032 ausgesuchte Darstellergruppe von einer ganz
510 1005 1445 1072 spezifischen Art, wie sie das Theater nicht alle
509 1057 1443 1133 Jahre findet. Der Durchschnitts=Komödiant
510 1097 1445 1176 macht eine verzerrte Posse daraus. Aber diese
511 1156 1443 1237 fünf Sachen müssen so gespielt werden, als
511 1191 1445 1281 würden sie ger nicht von ungeschlachten Men¬
515 1257 1439 1327 schen dargestellt, sondern nur von kleinen, zier¬
512 1312 1438 1377 lichen Porzellan=Figurchen auf einer kostbaren,
506 1364 1445 1424 mit Perlmutter eingelegten Spieluhr, die dazu
503 1406 1435 1484 leise, mehr in Moll als in Dur, einen Lan¬
503 1469 1441 1543 ner'schen Walzer ausspielte, während dem ver¬
512 1512 1444 1577 träumten Zuschauer von irgendwoher ein feiner
505 1551 1156 1642 Thymian=Duft entgegenströmte.
594 1605 1443 1676 Und mit diesem Bilde sende ich der Tar¬
515 1656 1441 1729 stellung des gestrigen Abends das höchste Lob.
515 1717 1439 1774 Sie gab sich so. Ja, ich mache mich ganz be¬
517 1762 1441 1829 stimmt keiner Übertreibung schuldig, wenn ich
512 1819 1450 1887 erkläre, daß ich — so weit es sich um die bo¬
506 1864 1439 1941 denständigen Ensembles hande — seit Jah¬
503 1923 1435 1989 ren in Olmütz keinen so vollends abgerunde
506 1968 1441 2026 ten, harmonisch zusammengestimmten Theater¬
515 2020 1441 2093 abend miterlebt habe, wie den gestrigen. Das
506 2074 1438 2130 wurde allerdings vor allem durch den Umstand
509 2125 1444 2185 ermöglicht, daß die Besetzungsgeometrie für
505 2172 1441 2235 diesen Abend nur mit einigen wenigen Grö¬
510 2225 1437 2288 ßen zu operieren braucht, die aber freilich durch¬
505 2280 1441 2337 wegs vollgültige Einheiten sein müssen. Eine
504 2327 1441 2379 einzige Null hebt die ganze Summe auf. Viel¬
512 2372 1444 2434 leicht gewann man im letzten Alte manchmal
509 2424 1435 2492 den Eindruck, daß sich die allgemeine Stim¬
503 2485 1434 2537 mung der Gesamtdarstellung — vielleicht unter
510 2529 1435 2583 den stimulierenden Wirkungen des Applauses
592 2578 1438 2643 jener verhängnisvollen Grenzlinie nähere,
510 2643 1438 2695 an der die gedankenvolle Berechnung jeder,
511 2674 1441 2735 auch der kleinsten, Nuance aufhört, um dem
504 2728 1441 2782 mehr possenhaften Outrieren Platz zu machen;
563 2777 1432 2830 aber nein, diese Grenzlinie wurde glück¬
509 2828 1441 2892 licherweise nicht überschritten. Immer hielt vor
510 2880 1450 2948 ihr vor allem die feinsinnige Darstellung des
512 2928 1444 2985 Herrn Hans Götz zurück, eines ausgezeichne¬
510 2984 1447 3036 ten Konversationsdarstellers, der — wie gestern
516 3029 1375 3092 ein guter Beobachter ganz richtig bemerkte
510 3076 1445 3146 an den Korff der jüngeren Jahre fast mit
511 3135 1435 3201 sinnfälliger De Achkeit erinnert. Die legere,
510 3183 1444 3244 durchaus natürliche Art, sich zu geben, der
510 3234 1465 3301 scheinbar nonchalante, aber gewiß nur gut be¬
1480 110 2404 216 gungen Anlig sowohl der Erfassung
1476 194 2405 250 hysterischer Affektationen. Die Regie des Herrn
1485 244 2406 306 Paulmann sorgte für Eleganz und mög¬
1482 295 2319 357 lichst gute Ausstattung der Szenenbilder,
1474 335 2409 399 von gewissen Wiener Geschäfts=Auslagen na¬
1475 393 2411 456 türlich vollständig abgesehen. Alles in allem:
1480 441 2408 504 ein tadelloser Abend, auf den wir das Publi¬
1480 493 2403 558 kum aufmerksam machen. Publikum? Das
1480 544 2409 606 Haus war ja nicht gerade schlecht besucht. Aber
1478 600 2405 666 dieser Abend hätte eben einen noch besseren
1478 647 2402 721 Besuch verdient. Jetzt hat das Publikum au¬
1474 705 2408 770 genscheinlich ein gutes Schauspiel. Warum
1480 752 2402 806 kommt es also nicht in hellen Scharen? Wo
1480 801 2402 886 steckt es denn? Hinter dem Ofen? — Der
1475 853 1931 932 Teufel soll es holen!
2268 859 2366 923 ch.
