<?xml version="1.0" encoding="UTF-8" standalone="yes"?>
<PcGts xmlns="http://schema.primaresearch.org/PAGE/gts/pagecontent/2013-07-15" xmlns:xsi="http://www.w3.org/2001/XMLSchema-instance" xsi:schemaLocation="http://schema.primaresearch.org/PAGE/gts/pagecontent/2013-07-15 http://schema.primaresearch.org/PAGE/gts/pagecontent/2013-07-15/pagecontent.xsd">
    <Metadata>
        <Creator>prov=READ-COOP:name=PyLaia@TranskribusPlatform:version=2.12.1:model_id=39995:lm=provided:date=29_03_2024_01:46</Creator>
        <Created>2019-10-07T11:49:14.089+02:00</Created>
        <LastChange>2024-03-29T01:46:25.835+01:00</LastChange>
        <TranskribusMetadata docId="223994" pageId="9503976" pageNr="3" tsid="156430041" status="IN_PROGRESS" userId="40391" imgUrl="https://files.transkribus.eu/Get?id=SJKJVHXABYNKMPKMZVMKCWRS&amp;fileType=view" xmlUrl="https://files.transkribus.eu/Get?id=NMDSPBPGQVNKTNLDMVHAAAGE" imageId="6194190"/>
    </Metadata>
    <Page imageFilename="223994_0003.jpeg" imageWidth="3484" imageHeight="4352">
        <ReadingOrder>
            <OrderedGroup id="ro_1712662510240" caption="Regions reading order">
                <RegionRefIndexed index="0" regionRef="tr_1"/>
                <RegionRefIndexed index="1" regionRef="tr_2"/>
            </OrderedGroup>
        </ReadingOrder>
        <TextRegion orientation="0.0" id="tr_1" custom="readingOrder {index:0;}">
            <Coords points="283,233 283,4162 1352,4162 1352,233"/>
            <TextLine id="tr_1_tl_1" custom="readingOrder {index:0;}">
                <Coords points="274,276 802,265 802,188 701,216 634,196 571,216 543,204 497,242 407,196 381,211 276,199"/>
                <Baseline points="283,253 309,255 335,256 361,256 387,256 413,256 439,256 465,256 491,254 517,254 544,255 570,256 596,256 622,257 648,257 674,256 700,255 726,253 752,253 778,253 805,256"/>
                <TextEquiv>
                    <Unicode>4.9. Anatol</Unicode>
                </TextEquiv>
            </TextLine>
            <TextLine id="tr_1_tl_2" custom="readingOrder {index:1;}">
                <Coords points="990,280 1021,284 1044,265 1067,266 1086,256 1098,266 1131,256 1144,265 1196,263 1196,218 1145,217 1107,196 1065,206 1047,196 1021,213 991,217"/>
                <Baseline points="999,262 1024,254 1049,255 1074,256 1099,259 1124,262 1149,254 1174,253 1199,254"/>
                <TextEquiv>
                    <Unicode>klu-</Unicode>
                </TextEquiv>
            </TextLine>
            <TextLine id="tr_1_tl_3" custom="readingOrder {index:2;}">
                <Coords points="1123,305 1130,305 1133,301 1137,304 1140,298 1151,298 1166,308 1172,301 1183,307 1189,298 1191,301 1200,300 1194,263 1161,263 1140,256 1135,258 1128,252 1116,255"/>
                <Baseline points="1125,262 1162,272 1199,273"/>
                <TextEquiv>
                    <Unicode>.</Unicode>
                </TextEquiv>
            </TextLine>
            <TextLine id="tr_1_tl_4" custom="readingOrder {index:3;}">
                <Coords points="497,538 1019,550 1049,540 1049,500 973,517 941,497 862,510 813,479 787,498 638,500 545,476 496,494"/>
                <Baseline points="504,528 531,530 558,531 585,531 613,531 640,531 667,533 695,534 722,534 749,534 777,534 804,536 831,537 858,537 886,539 913,540 940,540 968,540 995,540 1022,540 1050,540"/>
                <TextEquiv>
                    <Unicode>Beil. z. Bon. Nr. 203.</Unicode>
                </TextEquiv>
            </TextLine>
            <TextLine id="tr_1_tl_5" custom="readingOrder {index:4;}">
                <Coords points="445,612 1347,631 1347,585 444,564"/>
                <Baseline points="453,602 497,605 542,605 587,605 632,608 677,608 721,608 766,608 811,608 856,611 901,611 945,614 990,617 1035,614 1080,614 1125,614 1169,614 1214,617 1259,617 1304,617 1349,611"/>
                <TextEquiv>
                    <Unicode>findenden Mann. Aber es ist zugleich der schwäch¬</Unicode>
                </TextEquiv>
            </TextLine>
            <TextLine id="tr_1_tl_6" custom="readingOrder {index:5;}">
                <Coords points="442,652 1345,666 1344,627 1294,620 658,613 613,640 442,615"/>
                <Baseline points="450,647 497,647 544,650 591,650 639,650 686,650 733,650 781,650 828,650 875,651 923,655 970,656 1017,656 1065,656 1112,656 1159,658 1207,659 1254,656 1301,659 1349,659"/>
                <TextEquiv>
                    <Unicode>liche, in einem Entwicklungszustand befindliche</Unicode>
                </TextEquiv>
            </TextLine>
            <TextLine id="tr_1_tl_7" custom="readingOrder {index:6;}">
                <Coords points="437,694 1340,706 1299,664 973,682 435,647"/>
                <Baseline points="444,689 491,689 538,689 585,689 633,689 680,690 727,692 775,693 822,695 869,695 917,695 964,697 1011,698 1059,698 1106,698 1153,698 1201,698 1248,701 1295,701 1343,698"/>
                <TextEquiv>
                    <Unicode>Typus des Genußmenschen. Die scheinbare Un¬</Unicode>
                </TextEquiv>
            </TextLine>
            <TextLine id="tr_1_tl_8" custom="readingOrder {index:7;}">
                <Coords points="440,739 1343,748 1329,703 678,720 440,694"/>
                <Baseline points="447,734 491,731 536,731 581,731 626,731 671,734 715,734 760,734 805,737 850,737 895,737 939,737 984,737 1029,740 1074,737 1119,740 1163,740 1208,740 1253,740 1298,740 1343,740"/>
                <TextEquiv>
                    <Unicode>gerechtigkeit gegen das andere Geschlecht wird</Unicode>
                </TextEquiv>
            </TextLine>
            <TextLine id="tr_1_tl_9" custom="readingOrder {index:8;}">
                <Coords points="437,777 1345,795 1345,755 1295,742 1173,766 437,741"/>
                <Baseline points="444,770 489,773 534,773 579,773 625,776 670,776 715,776 760,776 806,776 851,776 896,779 941,779 987,782 1032,782 1077,779 1122,782 1168,785 1213,782 1258,781 1303,780 1349,785"/>
                <TextEquiv>
                    <Unicode>weitgemacht durch die Tatsache, daß uns der</Unicode>
                </TextEquiv>
            </TextLine>
            <TextLine id="tr_1_tl_10" custom="readingOrder {index:9;}">
                <Coords points="440,826 1344,836 1329,787 440,776"/>
                <Baseline points="447,814 494,814 541,812 588,817 636,815 683,817 730,817 778,817 825,818 872,820 920,820 967,820 1014,820 1062,822 1109,821 1156,822 1204,823 1251,823 1298,823 1346,826"/>
                <TextEquiv>
                    <Unicode>Dichter in dem Sondertypus des Anatol begreiflich</Unicode>
                </TextEquiv>
            </TextLine>
            <TextLine id="tr_1_tl_11" custom="readingOrder {index:10;}">
                <Coords points="434,862 1340,872 1340,839 1266,827 434,827"/>
                <Baseline points="441,853 486,853 531,856 576,856 621,856 666,856 711,859 756,859 801,859 846,859 892,862 937,862 982,859 1027,862 1072,865 1117,865 1162,865 1207,862 1252,862 1297,865 1343,865"/>
                <TextEquiv>
                    <Unicode>macht: Dieser Lustwandler halb Jüngling, halb Mann</Unicode>
                </TextEquiv>
            </TextLine>
            <TextLine id="tr_1_tl_12" custom="readingOrder {index:11;}">
                <Coords points="440,904 1337,911 1329,869 440,864"/>
                <Baseline points="447,895 491,895 536,895 580,898 625,898 670,898 714,901 759,901 804,901 848,901 893,901 938,904 982,904 1027,904 1072,904 1116,907 1161,904 1206,904 1250,907 1295,904 1340,904"/>
                <TextEquiv>
                    <Unicode>ist noch unreif fürs Glück und unreif fürs Unglück.</Unicode>
                </TextEquiv>
            </TextLine>
            <TextLine id="tr_1_tl_13" custom="readingOrder {index:12;}">
                <Coords points="437,935 1340,959 1340,911 437,902"/>
                <Baseline points="444,934 491,937 538,937 585,940 633,940 680,941 727,943 775,943 822,943 869,944 917,944 964,943 1011,945 1059,946 1106,946 1153,946 1201,949 1248,946 1295,946 1343,946"/>
                <TextEquiv>
                    <Unicode>Er kann nur unglücklich werden oder unglücklich</Unicode>
                </TextEquiv>
            </TextLine>
            <TextLine id="tr_1_tl_14" custom="readingOrder {index:13;}">
                <Coords points="440,986 1207,1004 1337,1000 1336,960 438,953"/>
                <Baseline points="447,982 491,979 536,979 580,982 625,982 670,982 714,982 759,985 804,985 848,985 893,988 938,985 982,988 1027,988 1072,988 1116,988 1161,988 1206,988 1250,988 1295,988 1340,985"/>
                <TextEquiv>
                    <Unicode>machen. Die Anwaltschaft der Frau mit ihren An¬</Unicode>
                </TextEquiv>
            </TextLine>
            <TextLine id="tr_1_tl_15" custom="readingOrder {index:14;}">
                <Coords points="440,1028 1343,1040 1343,998 1254,991 440,990"/>
                <Baseline points="447,1020 494,1023 541,1023 588,1023 636,1024 683,1026 730,1026 778,1027 825,1028 872,1027 920,1029 967,1029 1014,1031 1062,1030 1109,1029 1156,1029 1204,1032 1251,1029 1298,1029 1346,1029"/>
                <TextEquiv>
                    <Unicode>sprüchen auf ein ganzes, ungebrochenes Empfinden</Unicode>
                </TextEquiv>
            </TextLine>
            <TextLine id="tr_1_tl_16" custom="readingOrder {index:15;}">
                <Coords points="440,1074 1341,1082 1341,1044 1303,1036 440,1028"/>
                <Baseline points="447,1065 491,1062 536,1062 581,1065 626,1065 671,1065 715,1068 760,1068 805,1068 850,1068 895,1071 939,1071 984,1071 1029,1071 1074,1071 1119,1071 1163,1074 1208,1077 1253,1074 1298,1071 1343,1071"/>
                <TextEquiv>
                    <Unicode>hat sich Schnitzler nicht erspart: seine späteren</Unicode>
                </TextEquiv>
            </TextLine>
            <TextLine id="tr_1_tl_17" custom="readingOrder {index:16;}">
                <Coords points="430,1113 1341,1127 1306,1078 430,1077"/>
                <Baseline points="438,1104 483,1104 528,1107 573,1107 619,1107 664,1107 709,1107 754,1110 800,1110 845,1110 890,1110 935,1110 981,1113 1026,1113 1071,1113 1116,1113 1162,1113 1207,1117 1252,1118 1297,1115 1343,1113"/>
                <TextEquiv>
                    <Unicode>Dramen und epischen Werke bezeugen es. In der</Unicode>
                </TextEquiv>
            </TextLine>
            <TextLine id="tr_1_tl_18" custom="readingOrder {index:17;}">
                <Coords points="442,1154 1340,1163 1338,1127 1295,1119 441,1113"/>
                <Baseline points="450,1146 494,1146 539,1146 583,1146 628,1149 673,1149 717,1149 762,1149 807,1152 851,1155 896,1155 941,1155 985,1152 1030,1155 1075,1155 1119,1155 1164,1155 1209,1158 1253,1155 1298,1155 1343,1155"/>
                <TextEquiv>
                    <Unicode>lustigen Anatol-Serie schwebt ihm nur der Ge¬</Unicode>
                </TextEquiv>
            </TextLine>
            <TextLine id="tr_1_tl_19" custom="readingOrder {index:18;}">
                <Coords points="430,1189 1340,1205 1340,1162 430,1151"/>
                <Baseline points="438,1187 483,1187 528,1190 573,1187 619,1190 664,1190 709,1190 754,1193 800,1193 845,1196 890,1193 935,1196 981,1196 1026,1196 1071,1196 1116,1196 1162,1199 1207,1197 1252,1198 1297,1197 1343,1199"/>
                <TextEquiv>
                    <Unicode>danke einer begrenzten Liebesphilosophie vor¬</Unicode>
                </TextEquiv>
            </TextLine>
            <TextLine id="tr_1_tl_20" custom="readingOrder {index:19;}">
                <Coords points="430,1243 1340,1247 1324,1205 430,1194"/>
                <Baseline points="438,1229 483,1229 528,1229 573,1232 618,1232 663,1232 708,1232 753,1235 798,1235 843,1235 889,1235 934,1235 979,1238 1024,1238 1069,1238 1114,1241 1159,1241 1204,1241 1249,1241 1294,1238 1340,1238"/>
                <TextEquiv>
                    <Unicode>einer Liebesphilosophie vom Standpunkte des</Unicode>
                </TextEquiv>
            </TextLine>
            <TextLine id="tr_1_tl_21" custom="readingOrder {index:20;}">
                <Coords points="430,1291 1343,1285 1343,1250 1282,1239 430,1242"/>
                <Baseline points="438,1271 483,1271 528,1274 574,1274 619,1274 665,1274 710,1274 755,1274 801,1277 846,1277 892,1277 937,1280 982,1277 1028,1280 1073,1281 1119,1282 1164,1281 1209,1283 1255,1283 1300,1282 1346,1280"/>
                <TextEquiv>
                    <Unicode>leidenden, von Eifersucht gequälten, von Senti¬</Unicode>
                </TextEquiv>
            </TextLine>
            <TextLine id="tr_1_tl_22" custom="readingOrder {index:21;}">
                <Coords points="437,1320 1343,1337 1317,1291 437,1288"/>
                <Baseline points="444,1313 489,1313 534,1316 579,1316 624,1316 669,1319 714,1316 759,1319 804,1319 849,1319 895,1322 940,1322 985,1322 1030,1322 1075,1322 1120,1322 1165,1322 1210,1325 1255,1325 1300,1325 1346,1328"/>
                <TextEquiv>
                    <Unicode>mentalität angekränkelten, von Eitelkeit verzerrten,</Unicode>
                </TextEquiv>
            </TextLine>
            <TextLine id="tr_1_tl_23" custom="readingOrder {index:22;}">
                <Coords points="440,1366 1196,1383 1326,1378 1345,1340 438,1319"/>
                <Baseline points="447,1352 492,1358 537,1358 582,1358 627,1358 672,1358 717,1358 762,1361 807,1361 852,1361 898,1364 943,1364 988,1367 1033,1364 1078,1364 1123,1367 1168,1367 1213,1367 1258,1370 1303,1367 1349,1367"/>
                <TextEquiv>
                    <Unicode>in unhaltbare Situationen gehetzten Männleins.</Unicode>
                </TextEquiv>
            </TextLine>
            <TextLine id="tr_1_tl_24" custom="readingOrder {index:23;}">
                <Coords points="430,1414 1303,1425 1345,1422 1344,1372 428,1373"/>
                <Baseline points="438,1396 483,1396 529,1396 574,1396 620,1399 665,1399 711,1399 756,1402 802,1402 847,1402 893,1405 939,1403 984,1405 1030,1405 1075,1406 1121,1408 1166,1408 1212,1409 1257,1411 1303,1410 1349,1405"/>
                <TextEquiv>
                    <Unicode>Es ist eine Liebesphilosophie ohne Ehemoral, frei</Unicode>
                </TextEquiv>
            </TextLine>
            <TextLine id="tr_1_tl_25" custom="readingOrder {index:24;}">
                <Coords points="434,1452 1340,1460 1338,1420 1270,1413 433,1411"/>
                <Baseline points="441,1441 486,1441 531,1441 576,1441 621,1441 666,1441 711,1441 756,1444 801,1444 846,1447 892,1447 937,1447 982,1444 1027,1444 1072,1447 1117,1447 1162,1450 1207,1450 1252,1450 1297,1450 1343,1450"/>
                <TextEquiv>
                    <Unicode>von allem Jenseitigem und Darüberstehendem</Unicode>
                </TextEquiv>
            </TextLine>
            <TextLine id="tr_1_tl_26" custom="readingOrder {index:25;}">
                <Coords points="438,1487 1340,1504 1338,1460 1285,1455 437,1456"/>
                <Baseline points="444,1477 491,1480 538,1480 585,1483 633,1481 680,1483 727,1484 775,1485 822,1484 869,1486 917,1486 964,1486 1011,1488 1059,1489 1106,1489 1153,1491 1201,1492 1248,1492 1295,1492 1343,1489"/>
                <TextEquiv>
                    <Unicode>eine Liebesphilosophie für die Minute. Daher ihre</Unicode>
                </TextEquiv>
            </TextLine>
            <TextLine id="tr_1_tl_27" custom="readingOrder {index:26;}">
                <Coords points="434,1534 1340,1540 1340,1504 1275,1492 434,1488"/>
                <Baseline points="441,1522 486,1522 531,1525 576,1525 621,1525 666,1525 711,1525 756,1528 801,1528 846,1528 892,1528 937,1528 982,1531 1027,1531 1072,1531 1117,1531 1162,1534 1207,1534 1252,1534 1297,1533 1343,1531"/>
                <TextEquiv>
                    <Unicode>Vielwendigkeit und Elastizität, daher ihre Leichtig¬</Unicode>
                </TextEquiv>
            </TextLine>
            <TextLine id="tr_1_tl_28" custom="readingOrder {index:27;}">
                <Coords points="442,1574 1340,1588 1340,1540 442,1530"/>
                <Baseline points="450,1561 494,1567 539,1567 583,1567 628,1567 673,1570 717,1567 762,1570 807,1567 851,1567 896,1570 941,1570 985,1570 1030,1573 1075,1573 1119,1576 1164,1576 1209,1576 1253,1576 1298,1576 1343,1573"/>
                <TextEquiv>
                    <Unicode>keit, in die funkelnde Hülle eines Scherzwortes</Unicode>
                </TextEquiv>
            </TextLine>
            <TextLine id="tr_1_tl_29" custom="readingOrder {index:28;}">
                <Coords points="437,1611 1345,1630 1324,1582 437,1571"/>
                <Baseline points="444,1605 489,1605 534,1608 579,1608 625,1608 670,1608 715,1611 760,1611 806,1611 851,1611 896,1614 941,1611 987,1614 1032,1617 1077,1617 1122,1617 1168,1617 1213,1618 1258,1619 1303,1616 1349,1611"/>
                <TextEquiv>
                    <Unicode>hineinzuschlüpfen. Anatol hat Recht, einer ver¬</Unicode>
                </TextEquiv>
            </TextLine>
            <TextLine id="tr_1_tl_30" custom="readingOrder {index:29;}">
                <Coords points="440,1656 1348,1676 1348,1628 438,1614"/>
                <Baseline points="447,1647 492,1647 537,1650 582,1650 628,1650 673,1650 718,1653 763,1653 809,1653 854,1650 899,1653 944,1656 990,1656 1035,1656 1080,1656 1125,1659 1171,1659 1216,1659 1261,1659 1306,1658 1352,1656"/>
                <TextEquiv>
                    <Unicode>hängnisvollen Frage an seine in hypnotischen</Unicode>
                </TextEquiv>
            </TextLine>
            <TextLine id="tr_1_tl_31" custom="readingOrder {index:30;}">
                <Coords points="434,1701 1350,1704 1350,1674 1278,1666 434,1660"/>
                <Baseline points="441,1689 486,1692 532,1692 577,1692 623,1692 668,1692 714,1692 759,1695 805,1695 850,1695 896,1695 942,1695 987,1696 1033,1698 1078,1699 1124,1701 1169,1701 1215,1701 1260,1701 1306,1699 1352,1695"/>
                <TextEquiv>
                    <Unicode>Schlaf versetzte Geliebte auszuweichen, denn der¬</Unicode>
                </TextEquiv>
            </TextLine>
            <TextLine id="tr_1_tl_32" custom="readingOrder {index:31;}">
                <Coords points="431,1750 1337,1756 1340,1701 430,1707"/>
                <Baseline points="438,1734 483,1731 528,1731 573,1734 619,1734 664,1734 709,1734 754,1737 800,1737 845,1737 890,1737 935,1737 981,1740 1026,1740 1071,1740 1116,1740 1162,1743 1207,1741 1252,1743 1297,1743 1343,1740"/>
                <TextEquiv>
                    <Unicode>selbe Anatol wird schon desillusioniert, wenn sich</Unicode>
                </TextEquiv>
            </TextLine>
            <TextLine id="tr_1_tl_33" custom="readingOrder {index:32;}">
                <Coords points="424,1785 1236,1802 1337,1792 1336,1754 423,1754"/>
                <Baseline points="432,1773 477,1773 522,1776 568,1776 613,1776 659,1776 704,1776 749,1779 795,1779 840,1779 886,1779 931,1779 976,1781 1022,1781 1067,1781 1113,1782 1158,1784 1203,1784 1249,1784 1294,1783 1340,1781"/>
                <TextEquiv>
                    <Unicode>ein Weib nicht ein zärtliches Zweistundenerlebnis</Unicode>
                </TextEquiv>
            </TextLine>
            <TextLine id="tr_1_tl_34" custom="readingOrder {index:33;}">
                <Coords points="444,1831 1340,1835 1324,1789 442,1778"/>
                <Baseline points="450,1814 494,1814 539,1817 583,1817 628,1817 673,1817 717,1817 762,1817 807,1820 851,1820 896,1820 941,1823 985,1823 1030,1823 1075,1823 1119,1823 1164,1823 1209,1826 1253,1826 1298,1826 1343,1823"/>
                <TextEquiv>
                    <Unicode>Jahre lang merkt wie er selber und er macht</Unicode>
                </TextEquiv>
            </TextLine>
            <TextLine id="tr_1_tl_35" custom="readingOrder {index:34;}">
                <Coords points="430,1868 1340,1883 1340,1835 1163,1823 430,1831"/>
                <Baseline points="438,1856 483,1859 528,1859 573,1859 619,1859 664,1859 709,1859 754,1862 800,1862 845,1859 890,1862 935,1862 981,1862 1026,1865 1071,1865 1116,1865 1162,1865 1207,1867 1252,1865 1297,1865 1343,1868"/>
                <TextEquiv>
                    <Unicode>einer Halbweltdame eine Szene, weil sie über</Unicode>
                </TextEquiv>
            </TextLine>
            <TextLine id="tr_1_tl_36" custom="readingOrder {index:35;}">
                <Coords points="424,1908 1301,1924 1337,1883 423,1861"/>
                <Baseline points="432,1898 477,1898 522,1901 568,1901 613,1901 659,1901 704,1901 749,1904 795,1904 840,1904 886,1904 931,1904 976,1907 1022,1907 1067,1907 1113,1907 1158,1907 1203,1907 1249,1908 1294,1909 1340,1910"/>
                <TextEquiv>
                    <Unicode>dem Liebesglücke nicht den Wert eines kostbaren</Unicode>
                </TextEquiv>
            </TextLine>
            <TextLine id="tr_1_tl_37" custom="readingOrder {index:36;}">
                <Coords points="440,1960 1348,1963 1324,1912 440,1907"/>
                <Baseline points="447,1937 492,1943 537,1943 582,1943 628,1943 673,1946 718,1946 763,1946 809,1946 854,1946 899,1946 944,1949 990,1949 1035,1952 1080,1952 1125,1952 1171,1949 1216,1951 1261,1949 1306,1949 1352,1949"/>
                <TextEquiv>
                    <Unicode>Steines mißachtet. Er ist ein Herzensphantast</Unicode>
                </TextEquiv>
            </TextLine>
            <TextLine id="tr_1_tl_38" custom="readingOrder {index:37;}">
                <Coords points="424,1998 1347,2001 1320,1957 424,1961"/>
                <Baseline points="432,1987 477,1984 523,1984 569,1987 615,1987 661,1987 707,1987 752,1987 798,1987 844,1988 890,1990 936,1990 982,1991 1028,1992 1073,1990 1119,1990 1165,1990 1211,1991 1257,1993 1303,1993 1349,1993"/>
                <TextEquiv>
                    <Unicode>mit dem Schicksal, enttäuscht zu werden und zu</Unicode>
                </TextEquiv>
            </TextLine>
            <TextLine id="tr_1_tl_39" custom="readingOrder {index:38;}">
                <Coords points="427,2034 1338,2047 1337,2002 1296,1998 427,1998"/>
                <Baseline points="435,2026 480,2026 525,2026 570,2029 616,2029 661,2029 706,2029 751,2029 797,2029 842,2029 887,2029 932,2029 978,2032 1023,2032 1068,2032 1113,2032 1159,2032 1204,2032 1249,2032 1294,2031 1340,2032"/>
                <TextEquiv>
                    <Unicode>enttäuschen. Und in sieben bis auf die unbe¬</Unicode>
                </TextEquiv>
            </TextLine>
            <TextLine id="tr_1_tl_40" custom="readingOrder {index:39;}">
                <Coords points="428,2075 1334,2087 1333,2045 1256,2040 427,2033"/>
                <Baseline points="435,2068 480,2068 525,2068 570,2068 615,2071 660,2071 705,2071 750,2071 795,2071 840,2071 886,2071 931,2071 976,2074 1021,2074 1066,2074 1111,2074 1156,2074 1201,2074 1246,2074 1291,2077 1337,2074"/>
                <TextEquiv>
                    <Unicode>deutenden „Denksteine" reizvollen Variationen</Unicode>
                </TextEquiv>
            </TextLine>
            <TextLine id="tr_1_tl_41" custom="readingOrder {index:40;}">
                <Coords points="424,2121 850,2152 1330,2136 1330,2089 1298,2082 424,2076"/>
                <Baseline points="432,2113 477,2110 522,2110 567,2110 612,2110 657,2113 702,2113 747,2116 792,2116 837,2116 883,2113 928,2113 973,2116 1018,2119 1063,2119 1108,2116 1153,2119 1198,2119 1243,2119 1288,2118 1334,2113"/>
                <TextEquiv>
                    <Unicode>spiegelt Schnitzler die Wesensart dieses Berufs¬</Unicode>
                </TextEquiv>
            </TextLine>
            <TextLine id="tr_1_tl_42" custom="readingOrder {index:41;}">
                <Coords points="427,2160 440,2157 486,2173 588,2160 615,2177 631,2167 630,2129 610,2120 571,2129 554,2117 524,2132 494,2117 466,2131 447,2118 426,2120"/>
                <Baseline points="435,2155 460,2153 485,2152 510,2152 535,2152 560,2152 585,2153 610,2155 635,2158"/>
                <TextEquiv>
                    <Unicode>liebhabers.</Unicode>
                </TextEquiv>
            </TextLine>
            <TextLine id="tr_1_tl_43" custom="readingOrder {index:42;}">
                <Coords points="511,2206 1337,2215 1308,2174 1116,2183 1040,2155 855,2184 804,2160 511,2177"/>
                <Baseline points="519,2202 560,2205 601,2205 642,2205 683,2205 724,2205 765,2206 806,2208 847,2208 888,2208 929,2208 970,2208 1011,2208 1052,2208 1093,2208 1134,2208 1175,2208 1216,2208 1257,2208 1298,2208 1340,2208"/>
                <TextEquiv>
                    <Unicode>Der Dichter charakterisiert Anatol in der</Unicode>
                </TextEquiv>
            </TextLine>
            <TextLine id="tr_1_tl_44" custom="readingOrder {index:43;}">
                <Coords points="945,2254 974,2267 1029,2254 1053,2271 1093,2254 1296,2261 1343,2250 1344,2213 1221,2223 1147,2212 1110,2227 1049,2209 991,2213 945,2236"/>
                <Baseline points="952,2247 978,2247 1004,2247 1030,2247 1057,2249 1083,2250 1109,2250 1135,2249 1162,2247 1188,2247 1214,2247 1240,2247 1267,2247 1293,2247 1319,2242 1346,2235"/>
                <TextEquiv>
                    <Unicode>„Weihnachtseinkäufe"</Unicode>
                </TextEquiv>
            </TextLine>
            <TextLine id="tr_1_tl_45" custom="readingOrder {index:44;}">
                <Coords points="437,2257 746,2261 798,2247 911,2265 911,2222 861,2213 813,2213 776,2236 724,2213 437,2202"/>
                <Baseline points="444,2244 470,2246 496,2247 522,2245 548,2245 574,2247 600,2247 626,2247 652,2247 678,2247 704,2247 730,2247 756,2247 782,2247 808,2247 834,2249 860,2250 886,2250 913,2247"/>
                <TextEquiv>
                    <Unicode>feuilletonistischen Skizze</Unicode>
                </TextEquiv>
            </TextLine>
            <TextLine id="tr_1_tl_46" custom="readingOrder {index:45;}">
                <Coords points="430,2296 1340,2303 1340,2251 430,2261"/>
                <Baseline points="438,2289 483,2289 528,2286 573,2289 619,2289 664,2289 709,2289 754,2289 800,2289 845,2289 890,2289 935,2289 981,2289 1026,2292 1071,2289 1116,2292 1162,2289 1207,2289 1252,2290 1297,2291 1343,2292"/>
                <TextEquiv>
                    <Unicode>(gedanklich übrigens die feinste Anatol=Studie)</Unicode>
                </TextEquiv>
            </TextLine>
            <TextLine id="tr_1_tl_47" custom="readingOrder {index:46;}">
                <Coords points="424,2331 798,2362 867,2334 1343,2342 1343,2303 1308,2296 1162,2321 1032,2292 424,2293"/>
                <Baseline points="432,2328 477,2328 523,2328 569,2331 614,2328 660,2331 706,2331 751,2331 797,2331 843,2330 889,2328 934,2329 980,2332 1026,2333 1071,2331 1117,2331 1163,2330 1208,2329 1254,2331 1300,2331 1346,2331"/>
                <TextEquiv>
                    <Unicode>als den „leichtsinnigen Melancholiker. Gerade</Unicode>
                </TextEquiv>
            </TextLine>
            <TextLine id="tr_1_tl_48" custom="readingOrder {index:47;}">
                <Coords points="427,2376 1337,2387 1337,2346 1196,2330 801,2362 427,2331"/>
                <Baseline points="435,2367 480,2373 525,2373 570,2373 616,2373 661,2373 706,2373 751,2370 797,2375 842,2373 887,2375 932,2373 978,2373 1023,2373 1068,2373 1113,2373 1159,2375 1204,2375 1249,2375 1294,2375 1340,2375"/>
                <TextEquiv>
                    <Unicode>dieser Dialog ist wege einer Spaziergang¬</Unicode>
                </TextEquiv>
            </TextLine>
            <TextLine id="tr_1_tl_49" custom="readingOrder {index:48;}">
                <Coords points="424,2423 1340,2430 1340,2384 424,2376"/>
                <Baseline points="432,2417 477,2415 523,2414 568,2414 614,2414 659,2414 705,2414 750,2414 796,2414 841,2414 887,2416 933,2414 978,2414 1024,2414 1069,2414 1115,2414 1160,2414 1206,2414 1251,2417 1297,2414 1343,2414"/>
                <TextEquiv>
                    <Unicode>szenerie unaufführbar. Doch hätte Herr Victora</Unicode>
                </TextEquiv>
            </TextLine>
            <TextLine id="tr_1_tl_50" custom="readingOrder {index:49;}">
                <Coords points="427,2464 1336,2472 1336,2426 1301,2421 1123,2419 1084,2449 1004,2419 427,2422"/>
                <Baseline points="435,2456 480,2453 525,2453 570,2453 615,2456 660,2456 705,2456 750,2456 795,2456 840,2456 886,2453 931,2456 976,2456 1021,2456 1066,2459 1111,2456 1156,2456 1201,2459 1246,2459 1291,2456 1337,2456"/>
                <TextEquiv>
                    <Unicode>als der Anatolspieler diesem Stücke den</Unicode>
                </TextEquiv>
            </TextLine>
            <TextLine id="tr_1_tl_51" custom="readingOrder {index:50;}">
                <Coords points="431,2509 1298,2514 1340,2477 430,2458"/>
                <Baseline points="438,2492 483,2495 528,2495 573,2498 619,2498 664,2495 709,2501 754,2501 800,2498 845,2501 890,2498 935,2498 981,2498 1026,2498 1071,2498 1116,2498 1162,2498 1207,2500 1252,2498 1297,2498 1343,2498"/>
                <TextEquiv>
                    <Unicode>Grundton der ganzen Figur entnehmen sollen.</Unicode>
                </TextEquiv>
            </TextLine>
            <TextLine id="tr_1_tl_52" custom="readingOrder {index:51;}">
                <Coords points="437,2545 1334,2554 1334,2506 1217,2499 437,2506"/>
                <Baseline points="444,2534 488,2540 533,2540 577,2540 622,2540 667,2540 711,2540 756,2543 801,2540 845,2540 890,2540 935,2543 979,2540 1024,2543 1069,2543 1113,2543 1158,2543 1203,2543 1247,2543 1292,2543 1337,2537"/>
                <TextEquiv>
                    <Unicode>Seine Darstellung war nicht unsympathisch und</Unicode>
                </TextEquiv>
            </TextLine>
            <TextLine id="tr_1_tl_53" custom="readingOrder {index:52;}">
                <Coords points="434,2591 1337,2590 1337,2552 1264,2544 434,2548"/>
                <Baseline points="441,2581 488,2581 535,2581 582,2581 630,2581 677,2581 724,2581 772,2581 819,2581 866,2581 914,2581 961,2581 1008,2583 1056,2584 1103,2582 1150,2581 1198,2581 1245,2584 1292,2581 1340,2581"/>
                <TextEquiv>
                    <Unicode>bei aller Unsicherheit auf die effektvolle Poin</Unicode>
                </TextEquiv>
            </TextLine>
            <TextLine id="tr_1_tl_54" custom="readingOrder {index:53;}">
                <Coords points="434,2636 1329,2635 1329,2594 1285,2591 434,2589"/>
                <Baseline points="441,2623 485,2620 530,2623 574,2623 619,2623 663,2623 708,2623 752,2623 797,2623 841,2623 886,2623 930,2623 975,2626 1019,2623 1064,2623 1108,2623 1153,2623 1197,2623 1242,2623 1286,2626 1331,2623"/>
                <TextEquiv>
                    <Unicode>tierung des Dialoges bedacht. Aber es war zu</Unicode>
                </TextEquiv>
            </TextLine>
            <TextLine id="tr_1_tl_55" custom="readingOrder {index:54;}">
                <Coords points="424,2677 1337,2680 1336,2631 423,2643"/>
                <Baseline points="432,2662 477,2662 522,2665 568,2662 613,2662 659,2662 704,2665 749,2665 795,2665 840,2665 886,2665 931,2665 976,2665 1022,2667 1067,2665 1113,2665 1158,2666 1203,2667 1249,2666 1294,2667 1340,2665"/>
                <TextEquiv>
                    <Unicode>viel aufgeregtes Theater dabei, die Musik lant</Unicode>
                </TextEquiv>
            </TextLine>
            <TextLine id="tr_1_tl_56" custom="readingOrder {index:55;}">
                <Coords points="430,2720 1310,2723 1331,2677 428,2673"/>
                <Baseline points="438,2704 482,2707 527,2707 572,2707 617,2704 662,2707 706,2707 751,2707 796,2707 841,2707 886,2704 930,2707 975,2707 1020,2707 1065,2707 1110,2707 1154,2707 1199,2707 1244,2707 1289,2707 1334,2704"/>
                <TextEquiv>
                    <Unicode>loser Nuancen fehlte. Es war, wie wenn je</Unicode>
                </TextEquiv>
            </TextLine>
            <TextLine id="tr_1_tl_57" custom="readingOrder {index:56;}">
                <Coords points="427,2750 1336,2759 1336,2717 1280,2710 427,2719"/>
                <Baseline points="435,2743 480,2746 525,2746 570,2746 615,2749 660,2749 705,2749 750,2746 795,2749 840,2749 886,2749 931,2749 976,2749 1021,2749 1066,2752 1111,2752 1156,2752 1201,2749 1246,2749 1291,2749 1337,2746"/>
                <TextEquiv>
                    <Unicode>mand einen Glaspavillon mit dröhnenden Schritten</Unicode>
                </TextEquiv>
            </TextLine>
            <TextLine id="tr_1_tl_58" custom="readingOrder {index:57;}">
                <Coords points="419,2813 1330,2800 1303,2755 419,2762"/>
                <Baseline points="426,2787 471,2787 516,2790 562,2790 607,2790 653,2787 698,2790 743,2790 789,2790 834,2790 880,2790 925,2790 970,2793 1016,2793 1061,2794 1107,2795 1152,2792 1197,2790 1243,2790 1288,2790 1334,2790"/>
                <TextEquiv>
                    <Unicode>durchschreiten würde. Herr Onno, der in de</Unicode>
                </TextEquiv>
            </TextLine>
            <TextLine id="tr_1_tl_59" custom="readingOrder {index:58;}">
                <Coords points="430,2843 1331,2841 1331,2808 1224,2794 430,2811"/>
                <Baseline points="438,2835 482,2832 527,2829 572,2832 617,2832 662,2829 706,2829 751,2832 796,2832 841,2832 886,2832 930,2832 975,2835 1020,2835 1065,2835 1110,2835 1154,2832 1199,2832 1244,2832 1289,2832 1334,2829"/>
                <TextEquiv>
                    <Unicode>„Episode" als Anatol einsprang, was nebenbei ge</Unicode>
                </TextEquiv>
            </TextLine>
            <TextLine id="tr_1_tl_60" custom="readingOrder {index:59;}">
                <Coords points="434,2880 1329,2888 1319,2838 434,2842"/>
                <Baseline points="441,2871 485,2874 530,2874 574,2874 619,2874 663,2874 708,2874 752,2874 797,2874 841,2874 886,2877 930,2877 975,2877 1019,2877 1064,2877 1108,2874 1153,2877 1197,2877 1242,2874 1286,2877 1331,2877"/>
                <TextEquiv>
                    <Unicode>sagt ein komischer Verstoß gegen die Einheitlich</Unicode>
                </TextEquiv>
            </TextLine>
            <TextLine id="tr_1_tl_61" custom="readingOrder {index:60;}">
                <Coords points="430,2927 1343,2926 1333,2880 430,2876"/>
                <Baseline points="438,2913 483,2913 528,2916 574,2913 619,2916 665,2916 710,2916 755,2919 801,2916 846,2916 892,2919 937,2916 982,2919 1028,2919 1073,2919 1119,2919 1164,2918 1209,2916 1255,2916 1300,2916 1346,2916"/>
                <TextEquiv>
                    <Unicode>keit der Gestalt ist, war schon phantasievoller und</Unicode>
                </TextEquiv>
            </TextLine>
            <TextLine id="tr_1_tl_62" custom="readingOrder {index:61;}">
                <Coords points="427,2968 1336,2974 1336,2934 1291,2923 427,2930"/>
                <Baseline points="435,2958 480,2958 525,2958 570,2958 615,2958 660,2958 705,2958 750,2955 795,2958 840,2958 886,2958 931,2958 976,2958 1021,2961 1066,2958 1111,2961 1156,2961 1201,2961 1246,2961 1291,2963 1337,2958"/>
                <TextEquiv>
                    <Unicode>liebenswürdiger. Selbst der parodistische Zu¬</Unicode>
                </TextEquiv>
            </TextLine>
            <TextLine id="tr_1_tl_63" custom="readingOrder {index:62;}">
                <Coords points="434,3014 1337,3007 1337,2972 1253,2965 434,2961"/>
                <Baseline points="441,3005 488,2999 535,2999 582,2999 630,2996 677,2999 724,3000 772,3002 819,3001 866,3000 914,3002 961,3002 1008,3002 1056,3002 1103,3002 1150,3002 1198,2999 1245,2999 1292,2999 1340,2999"/>
                <TextEquiv>
                    <Unicode>störte nicht die Illusion. Die fünf Partnerinnen</Unicode>
                </TextEquiv>
            </TextLine>
            <TextLine id="tr_1_tl_64" custom="readingOrder {index:63;}">
                <Coords points="430,3049 1334,3058 1316,3004 430,3018"/>
                <Baseline points="438,3041 485,3041 532,3041 579,3044 627,3041 674,3041 721,3041 769,3042 816,3043 863,3042 911,3044 958,3042 1005,3043 1053,3044 1100,3044 1147,3044 1195,3044 1242,3044 1289,3041 1337,3041"/>
                <TextEquiv>
                    <Unicode>wurden von den Damen Fels, Frey, Medelsky</Unicode>
                </TextEquiv>
            </TextLine>
            <TextLine id="tr_1_tl_65" custom="readingOrder {index:64;}">
                <Coords points="440,3084 1343,3086 1343,3052 1292,3046 440,3049"/>
                <Baseline points="447,3077 494,3083 541,3083 588,3086 636,3083 683,3083 730,3083 778,3084 825,3086 872,3085 920,3083 967,3083 1014,3085 1062,3086 1109,3084 1156,3083 1204,3083 1251,3083 1298,3083 1346,3083"/>
                <TextEquiv>
                    <Unicode>Seldorf und Frl. v. Helling bestritten. Ma¬</Unicode>
                </TextEquiv>
            </TextLine>
            <TextLine id="tr_1_tl_66" custom="readingOrder {index:65;}">
                <Coords points="430,3126 1334,3130 1334,3090 1303,3088 829,3112 430,3086"/>
                <Baseline points="438,3125 485,3125 532,3125 579,3128 627,3125 674,3125 721,3125 769,3125 816,3126 863,3128 911,3128 958,3128 1005,3128 1053,3128 1100,3128 1147,3126 1195,3125 1242,3128 1289,3128 1337,3125"/>
                <TextEquiv>
                    <Unicode>konnte nahezu das ganze weibliche Ensembl</Unicode>
                </TextEquiv>
            </TextLine>
            <TextLine id="tr_1_tl_67" custom="readingOrder {index:66;}">
                <Coords points="437,3175 1334,3181 1322,3130 437,3130"/>
                <Baseline points="444,3166 488,3166 533,3166 577,3166 622,3166 667,3166 711,3166 756,3166 801,3169 845,3166 890,3169 935,3169 979,3169 1024,3169 1069,3169 1113,3169 1158,3166 1203,3166 1247,3169 1292,3166 1337,3164"/>
                <TextEquiv>
                    <Unicode>Revue passieren lassen. Frälein Medelsky is</Unicode>
                </TextEquiv>
            </TextLine>
            <TextLine id="tr_1_tl_68" custom="readingOrder {index:67;}">
                <Coords points="437,3210 1334,3216 1302,3165 809,3195 437,3174"/>
                <Baseline points="444,3208 488,3208 533,3208 577,3208 622,3208 667,3208 711,3208 756,3208 801,3208 845,3208 890,3208 935,3208 979,3211 1024,3208 1069,3211 1113,3208 1158,3208 1203,3208 1247,3211 1292,3211 1337,3208"/>
                <TextEquiv>
                    <Unicode>im Abschiedssouper bereits bewährt. Frl. Fre</Unicode>
                </TextEquiv>
            </TextLine>
            <TextLine id="tr_1_tl_69" custom="readingOrder {index:68;}">
                <Coords points="437,3266 1334,3256 1334,3217 437,3223"/>
                <Baseline points="444,3250 488,3250 533,3253 577,3250 622,3250 667,3250 711,3250 756,3250 801,3253 845,3250 890,3253 935,3253 979,3256 1024,3253 1069,3250 1113,3250 1158,3250 1203,3250 1247,3253 1292,3253 1337,3247"/>
                <TextEquiv>
                    <Unicode>hat nicht das Maß für eine Zirkusreiterin, Fr.</Unicode>
                </TextEquiv>
            </TextLine>
            <TextLine id="tr_1_tl_70" custom="readingOrder {index:69;}">
                <Coords points="437,3298 1338,3311 1338,3259 1254,3252 437,3268"/>
                <Baseline points="444,3292 488,3295 533,3295 578,3295 623,3295 668,3295 712,3295 757,3292 802,3292 847,3292 892,3295 936,3292 981,3295 1026,3295 1071,3295 1116,3295 1160,3292 1205,3292 1250,3292 1295,3292 1340,3292"/>
                <TextEquiv>
                    <Unicode>von Helling ist eine zu treuherzige Halbwelt</Unicode>
                </TextEquiv>
            </TextLine>
            <TextLine id="tr_1_tl_71" custom="readingOrder {index:70;}">
                <Coords points="440,3346 1334,3347 1334,3307 1280,3297 441,3300"/>
                <Baseline points="447,3337 491,3337 536,3340 580,3337 625,3337 669,3334 714,3334 758,3337 803,3334 847,3334 892,3334 936,3334 981,3337 1025,3337 1070,3337 1114,3334 1159,3334 1203,3334 1248,3334 1292,3334 1337,3331"/>
                <TextEquiv>
                    <Unicode>lerin, Frl. Fels faßte die Hypnose als durchau</Unicode>
                </TextEquiv>
            </TextLine>
            <TextLine id="tr_1_tl_72" custom="readingOrder {index:71;}">
                <Coords points="433,3392 1336,3382 1336,3346 1263,3338 434,3347"/>
                <Baseline points="441,3375 485,3378 530,3378 575,3378 620,3378 665,3378 709,3378 754,3375 799,3375 844,3375 889,3375 933,3375 978,3375 1023,3375 1068,3375 1113,3375 1157,3375 1202,3375 1247,3375 1292,3375 1337,3372"/>
                <TextEquiv>
                    <Unicode>natürlichen Zustand auf. Frl. v. Seldorf tre</Unicode>
                </TextEquiv>
            </TextLine>
            <TextLine id="tr_1_tl_73" custom="readingOrder {index:72;}">
                <Coords points="442,3431 1337,3422 1337,3392 1275,3377 820,3409 791,3381 444,3388"/>
                <Baseline points="450,3417 494,3423 539,3423 583,3420 628,3420 672,3420 717,3420 761,3420 806,3420 850,3417 895,3417 939,3420 984,3417 1028,3420 1073,3417 1117,3417 1162,3417 1206,3417 1251,3417 1295,3417 1340,3417"/>
                <TextEquiv>
                    <Unicode>ganz zurück. Trotz aller Flüchtigkeit der Da¬</Unicode>
                </TextEquiv>
            </TextLine>
            <TextLine id="tr_1_tl_74" custom="readingOrder {index:73;}">
                <Coords points="445,3473 1327,3469 1327,3422 445,3441"/>
                <Baseline points="453,3465 496,3464 540,3462 584,3462 628,3462 672,3462 716,3462 760,3462 804,3461 848,3460 892,3462 935,3462 979,3462 1023,3459 1067,3459 1111,3459 1155,3456 1199,3456 1243,3459 1287,3459 1331,3456"/>
                <TextEquiv>
                    <Unicode>stellung lautet das Schlußresume: es war ei</Unicode>
                </TextEquiv>
            </TextLine>
            <TextLine id="tr_1_tl_75" custom="readingOrder {index:74;}">
                <Coords points="440,3521 1327,3517 1327,3471 1278,3461 769,3466 729,3493 687,3466 440,3473"/>
                <Baseline points="447,3510 491,3506 535,3504 579,3504 623,3504 668,3504 712,3504 756,3504 800,3504 844,3501 889,3501 933,3504 977,3504 1021,3501 1065,3504 1110,3501 1154,3501 1198,3501 1242,3501 1286,3501 1331,3498"/>
                <TextEquiv>
                    <Unicode>fescher Abend. Und das volle, beifallslustig</Unicode>
                </TextEquiv>
            </TextLine>
            <TextLine id="tr_1_tl_76" custom="readingOrder {index:75;}">
                <Coords points="440,3566 1337,3556 1337,3510 1226,3504 440,3521"/>
                <Baseline points="447,3549 491,3549 536,3546 580,3546 625,3546 670,3546 714,3546 759,3546 804,3546 848,3546 893,3546 938,3546 982,3546 1027,3546 1072,3546 1116,3543 1161,3543 1206,3546 1250,3546 1295,3543 1340,3543"/>
                <TextEquiv>
                    <Unicode>Haus war eine Demonstration für ein geschma¬</Unicode>
                </TextEquiv>
            </TextLine>
            <TextLine id="tr_1_tl_77" custom="readingOrder {index:76;}">
                <Coords points="445,3620 952,3602 952,3560 885,3549 445,3560"/>
                <Baseline points="453,3590 478,3590 503,3590 528,3590 553,3590 578,3590 603,3590 628,3590 653,3589 678,3587 704,3587 729,3587 754,3587 779,3587 804,3587 829,3587 854,3587 879,3587 904,3587 929,3589 955,3590"/>
                <TextEquiv>
                    <Unicode>volles Sonntagsrepertoire.</Unicode>
                </TextEquiv>
            </TextLine>
            <TextLine id="tr_1_tl_78" custom="readingOrder {index:77;}">
                <Coords points="1112,3660 1140,3650 1163,3657 1191,3644 1203,3650 1212,3641 1222,3647 1231,3639 1253,3653 1316,3644 1315,3555 1273,3567 1238,3559 1207,3577 1110,3564"/>
                <Baseline points="1119,3623 1144,3625 1169,3626 1194,3626 1219,3626 1244,3626 1269,3626 1294,3626 1319,3626"/>
                <TextEquiv>
                    <Unicode>Dr. E. F.</Unicode>
                </TextEquiv>
            </TextLine>
            <TextLine id="tr_1_tl_79" custom="readingOrder {index:78;}">
                <Coords points="545,3735 1327,3728 1312,3650 748,3648 655,3690 545,3679"/>
                <Baseline points="552,3719 593,3719 634,3719 675,3718 716,3717 757,3719 798,3719 839,3719 880,3716 921,3716 962,3716 1003,3716 1044,3716 1085,3716 1126,3715 1167,3714 1208,3716 1249,3716 1290,3716 1331,3716"/>
                <TextEquiv>
                    <Unicode>Neues deutsches Theater. Heute mi¬</Unicode>
                </TextEquiv>
            </TextLine>
            <TextLine id="tr_1_tl_80" custom="readingOrder {index:79;}">
                <Coords points="445,3774 1330,3765 1331,3730 1292,3718 447,3739"/>
                <Baseline points="453,3763 497,3761 541,3763 585,3762 629,3760 673,3760 717,3760 761,3760 805,3760 849,3760 893,3760 937,3760 981,3758 1025,3758 1069,3758 1113,3758 1157,3758 1201,3760 1245,3760 1289,3760 1334,3758"/>
                <TextEquiv>
                    <Unicode>als 249./I. Schnitzlers „Liebelei" gegebe</Unicode>
                </TextEquiv>
            </TextLine>
            <TextLine id="tr_1_tl_81" custom="readingOrder {index:80;}">
                <Coords points="445,3819 1327,3805 1327,3765 1288,3762 445,3776"/>
                <Baseline points="453,3808 496,3805 540,3804 584,3802 628,3802 672,3802 716,3802 760,3802 804,3801 848,3799 892,3799 935,3799 979,3799 1023,3799 1067,3799 1111,3799 1155,3799 1199,3799 1243,3805 1287,3802 1331,3796"/>
                <TextEquiv>
                    <Unicode>u. z. in Verbindung mit den zwei Einakteru „Di</Unicode>
                </TextEquiv>
            </TextLine>
            <TextLine id="tr_1_tl_82" custom="readingOrder {index:81;}">
                <Coords points="442,3854 1330,3850 1315,3804 442,3809"/>
                <Baseline points="450,3850 494,3847 538,3846 582,3844 626,3844 671,3844 715,3844 759,3844 803,3841 847,3841 892,3841 936,3844 980,3841 1024,3838 1068,3841 1113,3841 1157,3841 1201,3841 1245,3841 1289,3844 1334,3841"/>
                <TextEquiv>
                    <Unicode>Frage an das Schicksal und „Anatol</Unicode>
                </TextEquiv>
            </TextLine>
            <TextLine id="tr_1_tl_83" custom="readingOrder {index:82;}">
                <Coords points="463,3898 1271,3892 1254,3842 1177,3864 463,3851"/>
                <Baseline points="471,3890 511,3889 551,3891 591,3888 631,3886 671,3885 711,3883 752,3883 792,3883 832,3883 872,3883 912,3883 952,3879 992,3880 1033,3883 1073,3883 1113,3883 1153,3883 1193,3883 1233,3883 1274,3883"/>
                <TextEquiv>
                    <Unicode>Hochzeitsmorgen". Mittwoch wird</Unicode>
                </TextEquiv>
            </TextLine>
            <TextLine id="tr_1_tl_84" custom="readingOrder {index:83;}">
                <Coords points="451,3942 928,3923 1021,3955 1334,3954 1334,3893 1301,3882 451,3898"/>
                <Baseline points="459,3931 502,3930 546,3928 590,3928 634,3928 678,3927 722,3925 766,3925 810,3925 854,3925 898,3924 941,3922 985,3922 1029,3925 1073,3925 1117,3928 1161,3928 1205,3928 1249,3928 1293,3928 1337,3922"/>
                <TextEquiv>
                    <Unicode>Operette „Der fidele Bauer“ als 250.</Unicode>
                </TextEquiv>
            </TextLine>
            <TextLine id="tr_1_tl_85" custom="readingOrder {index:84;}">
                <Coords points="451,3982 763,3990 893,3972 953,3990 955,3928 451,3941"/>
                <Baseline points="459,3981 485,3975 511,3972 537,3972 563,3972 589,3972 615,3971 641,3969 667,3969 693,3969 720,3969 746,3968 772,3966 798,3966 824,3966 850,3966 876,3966 902,3966 928,3966 955,3966"/>
                <TextEquiv>
                    <Unicode>zum erstenmale wiederholt.</Unicode>
                </TextEquiv>
            </TextLine>
            <TextLine id="tr_1_tl_86" custom="readingOrder {index:85;}">
                <Coords points="532,4033 1330,4026 1330,3993 1233,3973 532,3983"/>
                <Baseline points="540,4011 579,4019 619,4020 659,4022 698,4021 738,4020 778,4019 817,4017 857,4017 897,4017 937,4017 976,4017 1016,4017 1056,4017 1095,4017 1135,4017 1175,4017 1214,4017 1254,4017 1294,4020 1334,4017"/>
                <TextEquiv>
                    <Unicode>Leo Slezak=Gastspiel. Die Anteilnahn</Unicode>
                </TextEquiv>
            </TextLine>
            <TextLine id="tr_1_tl_87" custom="readingOrder {index:86;}">
                <Coords points="451,4075 1259,4074 1334,4066 1336,4024 451,4031"/>
                <Baseline points="459,4068 502,4067 546,4065 590,4064 634,4062 678,4062 722,4062 766,4062 810,4062 854,4062 898,4061 941,4059 985,4059 1029,4059 1073,4059 1117,4059 1161,4059 1205,4059 1249,4062 1293,4059 1337,4062"/>
                <TextEquiv>
                    <Unicode>an dem Gastspiel des gefeierten Sängers ist ein</Unicode>
                </TextEquiv>
            </TextLine>
            <TextLine id="tr_1_tl_88" custom="readingOrder {index:87;}">
                <Coords points="451,4113 1338,4102 1319,4064 451,4078"/>
                <Baseline points="459,4107 503,4109 547,4107 591,4106 635,4104 679,4104 723,4104 767,4104 811,4104 855,4103 899,4101 943,4101 987,4101 1031,4101 1075,4101 1119,4098 1163,4101 1207,4101 1251,4104 1295,4101 1340,4101"/>
                <TextEquiv>
                    <Unicode>außerordentlich rege. Der Billettverkauf wir</Unicode>
                </TextEquiv>
            </TextLine>
            <TextLine id="tr_1_tl_89" custom="readingOrder {index:88;}">
                <Coords points="451,4152 1343,4151 1343,4098 451,4119"/>
                <Baseline points="459,4152 503,4151 547,4149 592,4149 636,4149 680,4149 725,4149 769,4149 813,4149 858,4146 902,4146 946,4146 991,4146 1035,4146 1079,4143 1124,4146 1168,4143 1212,4146 1257,4146 1301,4146 1346,4146"/>
                <TextEquiv>
                    <Unicode>täglich an der Kassa des Deutschen Landestheate</Unicode>
                </TextEquiv>
            </TextLine>
            <TextEquiv>
                <Unicode></Unicode>
            </TextEquiv>
        </TextRegion>
        <TextRegion orientation="0.0" id="tr_2" custom="readingOrder {index:1;}">
            <Coords points="1405,222 1405,3731 2796,3731 2796,222"/>
            <TextLine id="tr_2_tl_1" custom="readingOrder {index:0;}">
                <Coords points="1397,267 1488,259 1513,272 1572,239 1627,283 1656,287 1702,262 1746,260 1747,189 1620,193 1561,213 1533,197 1399,196"/>
                <Baseline points="1405,253 1431,250 1457,251 1484,253 1510,253 1537,254 1563,256 1590,255 1616,253 1643,251 1669,250 1696,250 1722,249 1749,247"/>
                <TextEquiv>
                    <Unicode>box 8/4</Unicode>
                </TextEquiv>
            </TextLine>
            <TextLine id="tr_2_tl_2" custom="readingOrder {index:1;}">
                <Coords points="2334,984 2422,983 2451,969 2488,984 2572,969 2636,988 2688,963 2688,900 2629,881 2512,913 2478,900 2433,917 2335,904"/>
                <Baseline points="2343,952 2369,950 2396,949 2423,949 2450,949 2477,948 2504,947 2530,947 2557,949 2584,947 2611,947 2638,948 2665,947 2692,943"/>
                <TextEquiv>
                    <Unicode>Regen 1791.</Unicode>
                </TextEquiv>
            </TextLine>
            <TextLine id="tr_2_tl_3" custom="readingOrder {index:2;}">
                <Coords points="1896,1156 2244,1162 2253,980 2145,980 2106,965 2054,986 1984,973 1904,981"/>
                <Baseline points="1904,1128 1930,1126 1957,1124 1983,1122 2010,1120 2037,1120 2063,1121 2090,1121 2116,1119 2143,1117 2170,1115 2196,1111 2223,1111 2250,1113"/>
                <TextEquiv>
                    <Unicode></Unicode>
                </TextEquiv>
            </TextLine>
            <TextLine id="tr_2_tl_4" custom="readingOrder {index:3;}">
                <Coords points="1624,1218 2540,1198 2687,1232 2687,1161 2619,1149 1624,1161"/>
                <Baseline points="1632,1199 1684,1199 1737,1199 1790,1199 1843,1199 1896,1196 1949,1196 2001,1196 2054,1196 2107,1196 2160,1196 2213,1195 2266,1193 2319,1195 2371,1193 2424,1193 2477,1195 2530,1193 2583,1191 2636,1190 2689,1187"/>
                <TextEquiv>
                    <Unicode>I. österr. behördl. konz. Unternehmen für Zeitungs-Ausschnitte</Unicode>
                </TextEquiv>
            </TextLine>
            <TextLine id="tr_2_tl_5" custom="readingOrder {index:4;}">
                <Coords points="1732,1291 2577,1289 2577,1208 2541,1200 2439,1228 2304,1207 2262,1235 1988,1204 1732,1224"/>
                <Baseline points="1740,1268 1782,1271 1824,1271 1866,1271 1908,1271 1950,1271 1992,1271 2034,1271 2076,1269 2118,1268 2160,1268 2202,1268 2244,1268 2286,1268 2328,1269 2370,1270 2412,1268 2454,1268 2496,1268 2538,1268 2581,1265"/>
                <TextEquiv>
                    <Unicode>Wien, I., Concordiaplatz 4.</Unicode>
                </TextEquiv>
            </TextLine>
            <TextLine id="tr_2_tl_6" custom="readingOrder {index:5;}">
                <Coords points="1966,1343 2363,1348 2363,1289 2285,1305 2257,1292 2204,1303 2145,1292 2124,1305 2062,1287 2017,1301 1966,1292"/>
                <Baseline points="1973,1325 1999,1329 2025,1331 2051,1331 2078,1330 2104,1328 2130,1328 2156,1328 2183,1328 2209,1328 2235,1328 2261,1328 2288,1328 2314,1328 2340,1328 2367,1328"/>
                <TextEquiv>
                    <Unicode>Vertretungen</Unicode>
                </TextEquiv>
            </TextLine>
            <TextLine id="tr_2_tl_7" custom="readingOrder {index:6;}">
                <Coords points="1575,1390 2675,1386 2685,1348 1576,1338"/>
                <Baseline points="1582,1382 1637,1382 1692,1382 1748,1382 1803,1382 1858,1381 1914,1379 1969,1379 2024,1379 2080,1376 2135,1378 2190,1379 2246,1376 2301,1376 2356,1376 2412,1376 2467,1376 2522,1373 2578,1373 2633,1371 2689,1367"/>
                <TextEquiv>
                    <Unicode>in Berlin, Budapest, Chicago, Christiania, Genf, Kopen¬</Unicode>
                </TextEquiv>
            </TextLine>
            <TextLine id="tr_2_tl_8" custom="readingOrder {index:7;}">
                <Coords points="1561,1449 2685,1424 2657,1376 1562,1386"/>
                <Baseline points="1570,1429 1628,1424 1687,1420 1746,1420 1805,1420 1864,1418 1923,1417 1982,1417 2041,1417 2100,1414 2158,1414 2217,1413 2276,1411 2335,1411 2394,1413 2453,1411 2512,1411 2571,1411 2630,1411 2689,1414"/>
                <TextEquiv>
                    <Unicode>hagen, London, Madrid, Mailand, Minneapolis, New-York,</Unicode>
                </TextEquiv>
            </TextLine>
            <TextLine id="tr_2_tl_9" custom="readingOrder {index:8;}">
                <Coords points="1669,1471 2535,1457 2656,1490 2657,1422 2590,1414 1670,1429"/>
                <Baseline points="1677,1462 1726,1459 1775,1459 1824,1459 1873,1458 1922,1456 1971,1454 2020,1453 2069,1453 2118,1453 2168,1453 2217,1453 2266,1450 2315,1451 2364,1452 2413,1452 2462,1451 2511,1448 2560,1449 2609,1450 2659,1453"/>
                <TextEquiv>
                    <Unicode>Paris, Rom, San Francisco, Stockholm, St. Petersburg.</Unicode>
                </TextEquiv>
            </TextLine>
            <TextLine id="tr_2_tl_10" custom="readingOrder {index:9;}">
                <Coords points="1980,1505 2019,1502 2040,1518 2122,1497 2199,1509 2229,1492 2349,1508 2351,1462 2019,1473 1981,1463"/>
                <Baseline points="1987,1492 2013,1491 2039,1489 2065,1489 2091,1489 2117,1489 2143,1489 2169,1489 2195,1488 2221,1486 2247,1486 2273,1486 2299,1486 2325,1487 2352,1489"/>
                <TextEquiv>
                    <Unicode>Quellenangabe ohne Gewähr.</Unicode>
                </TextEquiv>
            </TextLine>
            <TextLine id="tr_2_tl_11" custom="readingOrder {index:10;}">
                <Coords points="1623,1593 1751,1593 1826,1571 1926,1589 1959,1568 1975,1579 2036,1567 2036,1501 1974,1511 1931,1491 1842,1488 1764,1499 1730,1526 1700,1509 1666,1523 1624,1513"/>
                <Baseline points="1632,1558 1657,1560 1682,1561 1708,1561 1733,1560 1758,1559 1784,1558 1809,1558 1835,1558 1860,1558 1885,1558 1911,1557 1936,1556 1961,1555 1987,1555 2012,1558 2038,1561"/>
                <TextEquiv>
                    <Unicode>Ausschnitt aus:</Unicode>
                </TextEquiv>
            </TextLine>
            <TextLine id="tr_2_tl_12" custom="readingOrder {index:11;}">
                <Coords points="1942,1694 2194,1701 2318,1660 2793,1669 2785,1588 2610,1609 2374,1583 2234,1625 1946,1567"/>
                <Baseline points="1949,1662 1991,1665 2033,1665 2076,1662 2118,1665 2160,1663 2203,1662 2245,1660 2287,1659 2330,1657 2372,1654 2414,1653 2457,1652 2499,1649 2541,1647 2584,1647 2626,1646 2668,1641 2711,1641 2753,1644 2796,1644"/>
                <TextEquiv>
                    <Unicode>Montagsblatt aus Böhmen, Prag</Unicode>
                </TextEquiv>
            </TextLine>
            <TextLine id="tr_2_tl_13" custom="readingOrder {index:12;}">
                <Coords points="1575,1690 1617,1687 1649,1669 1772,1666 1771,1630 1754,1624 1721,1621 1687,1634 1676,1625 1574,1614"/>
                <Baseline points="1582,1662 1609,1662 1637,1663 1665,1665 1692,1665 1720,1665 1748,1663 1776,1662"/>
                <TextEquiv>
                    <Unicode>vom</Unicode>
                </TextEquiv>
            </TextLine>
            <TextLine id="tr_2_tl_14" custom="readingOrder {index:13;}">
                <Coords points="1898,2020 1943,1988 2003,2015 2059,1988 2278,1982 2346,2002 2430,1981 2430,1935 2391,1918 2295,1931 2199,1908 2094,1931 2043,1905 1900,1912"/>
                <Baseline points="1907,1988 1933,1984 1959,1981 1985,1981 2012,1981 2038,1981 2064,1981 2090,1981 2117,1979 2143,1978 2169,1978 2195,1978 2222,1978 2248,1977 2274,1976 2300,1976 2327,1977 2353,1978 2379,1978 2405,1978 2432,1978"/>
                <TextEquiv>
                    <Unicode>Theaterwoche.</Unicode>
                </TextEquiv>
            </TextLine>
            <TextLine id="tr_2_tl_15" custom="readingOrder {index:14;}">
                <Coords points="2040,2059 2311,2059 2313,1992 2281,2001 2248,1985 2216,1996 2150,1987 2100,2006 2041,1989"/>
                <Baseline points="2047,2047 2073,2047 2100,2047 2126,2047 2153,2047 2180,2047 2206,2047 2233,2046 2259,2045 2286,2043 2313,2041"/>
                <TextEquiv>
                    <Unicode>Schauspiel.</Unicode>
                </TextEquiv>
            </TextLine>
            <TextLine id="tr_2_tl_16" custom="readingOrder {index:15;}">
                <Coords points="1779,2100 2629,2104 2607,2051 2502,2064 2443,2031 2143,2068 1779,2044"/>
                <Baseline points="1787,2098 1829,2101 1871,2098 1913,2098 1956,2095 1998,2095 2040,2095 2082,2095 2125,2095 2167,2095 2209,2093 2251,2092 2294,2093 2336,2094 2378,2092 2420,2093 2463,2094 2505,2092 2547,2092 2589,2092 2632,2095"/>
                <TextEquiv>
                    <Unicode>Anatol von Schnitzler. Der gute Geist,</Unicode>
                </TextEquiv>
            </TextLine>
            <TextLine id="tr_2_tl_17" custom="readingOrder {index:16;}">
                <Coords points="1705,2162 2632,2159 2632,2111 2589,2097 1847,2121 1705,2092"/>
                <Baseline points="1713,2146 1759,2149 1805,2149 1851,2148 1897,2146 1943,2146 1989,2146 2035,2144 2081,2143 2127,2143 2174,2143 2220,2143 2266,2141 2312,2140 2358,2140 2404,2140 2450,2140 2496,2140 2542,2137 2588,2137 2635,2140"/>
                <TextEquiv>
                    <Unicode>der sich heuer, wenigstens was die Wahl der Stücke</Unicode>
                </TextEquiv>
            </TextLine>
            <TextLine id="tr_2_tl_18" custom="readingOrder {index:17;}">
                <Coords points="1702,2215 2629,2199 2629,2162 2583,2148 1702,2160"/>
                <Baseline points="1710,2193 1756,2193 1802,2194 1848,2195 1894,2191 1940,2190 1986,2190 2032,2190 2078,2190 2124,2190 2171,2190 2217,2190 2263,2190 2309,2190 2355,2190 2401,2187 2447,2187 2493,2187 2539,2184 2585,2184 2632,2181"/>
                <TextEquiv>
                    <Unicode>betrifft, in den volkstümlichen Vorstellungen ver¬</Unicode>
                </TextEquiv>
            </TextLine>
            <TextLine id="tr_2_tl_19" custom="readingOrder {index:18;}">
                <Coords points="1707,2265 2632,2239 2632,2199 2555,2187 1708,2211"/>
                <Baseline points="1716,2241 1764,2241 1812,2241 1861,2241 1909,2241 1957,2241 2006,2244 2054,2241 2102,2238 2151,2241 2199,2240 2248,2238 2296,2239 2344,2240 2393,2236 2441,2235 2489,2235 2538,2235 2586,2232 2635,2232"/>
                <TextEquiv>
                    <Unicode>kündet, war auch gestern lebendig. Fünf Pröbchen</Unicode>
                </TextEquiv>
            </TextLine>
            <TextLine id="tr_2_tl_20" custom="readingOrder {index:19;}">
                <Coords points="1708,2306 2656,2295 2656,2254 2608,2239 1708,2275"/>
                <Baseline points="1716,2292 1763,2289 1810,2292 1857,2292 1904,2289 1951,2289 1998,2289 2046,2289 2093,2290 2140,2292 2187,2291 2234,2289 2281,2287 2328,2286 2376,2284 2423,2283 2470,2283 2517,2283 2564,2283 2611,2283 2659,2280"/>
                <TextEquiv>
                    <Unicode>aus dem Anatol-Zyklus, geschickt gewählt und in</Unicode>
                </TextEquiv>
            </TextLine>
            <TextLine id="tr_2_tl_21" custom="readingOrder {index:20;}">
                <Coords points="1726,2380 2657,2402 2654,2295 2264,2358 1725,2328"/>
                <Baseline points="1734,2358 1780,2361 1826,2361 1872,2361 1919,2364 1965,2364 2011,2368 2057,2370 2104,2370 2150,2371 2196,2374 2242,2375 2289,2376 2335,2378 2381,2379 2427,2382 2474,2384 2520,2386 2566,2389 2612,2390 2659,2387"/>
                <TextEquiv>
                    <Unicode>kluger Steigerung gruppiert, standen auf dem Pro¬</Unicode>
                </TextEquiv>
            </TextLine>
            <TextLine id="tr_2_tl_22" custom="readingOrder {index:21;}">
                <Coords points="1732,2416 2660,2464 2657,2401 2624,2397 1730,2373"/>
                <Baseline points="1740,2411 1786,2408 1832,2411 1878,2411 1924,2411 1970,2411 2016,2414 2062,2415 2108,2417 2154,2418 2201,2421 2247,2423 2293,2424 2339,2426 2385,2427 2431,2430 2477,2432 2523,2433 2569,2437 2615,2440 2662,2438"/>
                <TextEquiv>
                    <Unicode>gramm des Abends, der langentbehrte Atem lit¬</Unicode>
                </TextEquiv>
            </TextLine>
            <TextLine id="tr_2_tl_23" custom="readingOrder {index:22;}">
                <Coords points="1732,2465 2556,2513 2653,2495 2652,2460 1730,2416"/>
                <Baseline points="1740,2456 1785,2456 1831,2456 1877,2459 1923,2459 1969,2459 2014,2462 2060,2465 2106,2465 2152,2466 2198,2469 2243,2471 2289,2472 2335,2475 2381,2477 2427,2478 2472,2481 2518,2483 2564,2484 2610,2486 2656,2483"/>
                <TextEquiv>
                    <Unicode>rarischer Ambition, durch vehte das Haus, das, no¬</Unicode>
                </TextEquiv>
            </TextLine>
            <TextLine id="tr_2_tl_24" custom="readingOrder {index:23;}">
                <Coords points="1729,2509 2657,2544 2654,2495 2614,2491 1728,2465"/>
                <Baseline points="1737,2501 1783,2501 1829,2504 1875,2504 1921,2507 1967,2508 2013,2512 2059,2511 2105,2513 2151,2514 2198,2517 2244,2519 2290,2520 2336,2522 2382,2523 2428,2528 2474,2531 2520,2532 2566,2536 2612,2537 2659,2537"/>
                <TextEquiv>
                    <Unicode>tabene, voll bis zum Giebel war. Voila, es geht</Unicode>
                </TextEquiv>
            </TextLine>
            <TextLine id="tr_2_tl_25" custom="readingOrder {index:24;}">
                <Coords points="1726,2563 2645,2604 2642,2548 2538,2534 1725,2512"/>
                <Baseline points="1734,2549 1779,2552 1825,2552 1870,2552 1916,2555 1962,2555 2007,2558 2053,2561 2099,2564 2144,2564 2190,2565 2236,2567 2281,2568 2327,2570 2373,2572 2418,2574 2464,2578 2510,2578 2555,2579 2601,2582 2647,2581"/>
                <TextEquiv>
                    <Unicode>Hoffentlich bleibt uns nun aber auch in Zukunft das</Unicode>
                </TextEquiv>
            </TextLine>
            <TextLine id="tr_2_tl_26" custom="readingOrder {index:25;}">
                <Coords points="1725,2612 2579,2652 2650,2639 2649,2607 1722,2563"/>
                <Baseline points="1731,2596 1777,2596 1823,2599 1869,2602 1915,2602 1961,2605 2007,2608 2053,2608 2099,2609 2145,2611 2192,2612 2238,2615 2284,2617 2330,2618 2376,2620 2422,2621 2468,2624 2514,2627 2560,2631 2606,2632 2653,2629"/>
                <TextEquiv>
                    <Unicode>sinnige Komtessenstück als Sonn- und Feiertagsver¬</Unicode>
                </TextEquiv>
            </TextLine>
            <TextLine id="tr_2_tl_27" custom="readingOrder {index:26;}">
                <Coords points="1718,2660 2625,2698 2649,2639 1716,2619"/>
                <Baseline points="1725,2650 1771,2647 1817,2647 1864,2650 1910,2653 1957,2654 2003,2656 2049,2656 2096,2657 2142,2660 2189,2662 2235,2662 2281,2663 2328,2666 2374,2668 2421,2670 2467,2673 2513,2676 2560,2677 2606,2679 2653,2677"/>
                <TextEquiv>
                    <Unicode>gnügen erspart. Die Schauspieler werden dann ge¬</Unicode>
                </TextEquiv>
            </TextLine>
            <TextLine id="tr_2_tl_28" custom="readingOrder {index:27;}">
                <Coords points="1715,2712 2640,2748 2638,2692 1714,2667"/>
                <Baseline points="1722,2692 1770,2695 1818,2695 1867,2699 1915,2702 1963,2704 2012,2704 2060,2706 2108,2707 2157,2709 2205,2710 2254,2713 2302,2716 2350,2719 2399,2716 2447,2720 2495,2722 2544,2723 2592,2726 2641,2725"/>
                <TextEquiv>
                    <Unicode>wiß von selbst lernen, was ihnen fehlt, und weniger</Unicode>
                </TextEquiv>
            </TextLine>
            <TextLine id="tr_2_tl_29" custom="readingOrder {index:28;}">
                <Coords points="1718,2748 2485,2793 2626,2792 2640,2747 1716,2713"/>
                <Baseline points="1725,2740 1773,2740 1821,2743 1870,2743 1918,2745 1966,2750 2015,2752 2063,2754 2111,2755 2160,2757 2208,2758 2257,2758 2305,2761 2353,2764 2402,2764 2450,2767 2498,2769 2547,2770 2595,2773 2644,2772"/>
                <TextEquiv>
                    <Unicode>auf die — auch bei einem Schnitzler nicht immer</Unicode>
                </TextEquiv>
            </TextLine>
            <TextLine id="tr_2_tl_30" custom="readingOrder {index:29;}">
                <Coords points="1719,2807 2583,2838 2636,2832 2635,2790 1716,2766"/>
                <Baseline points="1725,2787 1770,2790 1816,2793 1861,2793 1907,2793 1953,2796 1998,2796 2044,2799 2090,2802 2135,2802 2181,2805 2227,2805 2272,2806 2318,2809 2364,2811 2409,2812 2455,2815 2501,2817 2546,2819 2592,2823 2638,2826"/>
                <TextEquiv>
                    <Unicode>überwältigende — Pointe, sondern mehr und ganz auf</Unicode>
                </TextEquiv>
            </TextLine>
            <TextLine id="tr_2_tl_31" custom="readingOrder {index:30;}">
                <Coords points="1716,2863 2555,2888 2643,2881 2642,2842 1714,2804"/>
                <Baseline points="1722,2835 1768,2838 1814,2841 1860,2844 1907,2844 1953,2844 1999,2847 2045,2847 2092,2848 2138,2851 2184,2853 2230,2853 2277,2854 2323,2859 2369,2862 2415,2862 2462,2864 2508,2865 2554,2869 2600,2871 2647,2874"/>
                <TextEquiv>
                    <Unicode>den essentiellen Gehalt des Dialogs eingestellt sein.</Unicode>
                </TextEquiv>
            </TextLine>
            <TextLine id="tr_2_tl_32" custom="readingOrder {index:31;}">
                <Coords points="1718,2901 2572,2936 2629,2927 2628,2885 1716,2864"/>
                <Baseline points="1725,2889 1770,2886 1815,2889 1861,2889 1906,2892 1951,2895 1997,2895 2042,2895 2087,2898 2133,2898 2178,2901 2223,2901 2269,2904 2314,2904 2359,2907 2405,2908 2450,2911 2495,2913 2541,2914 2586,2917 2632,2919"/>
                <TextEquiv>
                    <Unicode>Herr Victora, der fast durchwegs den Anatol</Unicode>
                </TextEquiv>
            </TextLine>
            <TextLine id="tr_2_tl_33" custom="readingOrder {index:32;}">
                <Coords points="1718,2948 2607,2982 2621,2936 1716,2902"/>
                <Baseline points="1725,2940 1770,2937 1815,2937 1860,2940 1905,2943 1950,2940 1995,2943 2040,2943 2085,2946 2130,2946 2175,2949 2220,2949 2265,2952 2310,2952 2355,2955 2400,2955 2445,2958 2490,2961 2535,2961 2580,2962 2626,2967"/>
                <TextEquiv>
                    <Unicode>spielte, legt diesen Wunsch in erster Reihe nahe. E¬</Unicode>
                </TextEquiv>
            </TextLine>
            <TextLine id="tr_2_tl_34" custom="readingOrder {index:33;}">
                <Coords points="1715,2999 2635,3028 2633,2985 2587,2972 1714,2954"/>
                <Baseline points="1722,2984 1767,2981 1813,2984 1859,2987 1905,2987 1951,2990 1996,2990 2042,2990 2088,2993 2134,2994 2180,2996 2225,2997 2271,3000 2317,3002 2363,3002 2409,3003 2454,3005 2500,3006 2546,3009 2592,3010 2638,3008"/>
                <TextEquiv>
                    <Unicode>ist ein gewandter Causeur, verfügt über eine durch¬</Unicode>
                </TextEquiv>
            </TextLine>
            <TextLine id="tr_2_tl_35" custom="readingOrder {index:34;}">
                <Coords points="1707,3051 2631,3070 2629,3024 1705,2999"/>
                <Baseline points="1713,3032 1761,3032 1809,3032 1858,3035 1906,3036 1954,3038 2003,3038 2051,3040 2099,3041 2148,3041 2196,3043 2245,3047 2293,3050 2341,3050 2390,3050 2438,3054 2486,3056 2535,3057 2583,3059 2632,3059"/>
                <TextEquiv>
                    <Unicode>aus sympathische Frechheit und ist auch in senti¬</Unicode>
                </TextEquiv>
            </TextLine>
            <TextLine id="tr_2_tl_36" custom="readingOrder {index:35;}">
                <Coords points="1702,3094 2633,3125 2632,3069 1701,3055"/>
                <Baseline points="1710,3077 1756,3080 1802,3080 1848,3083 1895,3083 1941,3083 1987,3086 2033,3087 2080,3089 2126,3090 2172,3092 2218,3093 2265,3096 2311,3098 2357,3098 2403,3099 2450,3103 2496,3104 2542,3106 2588,3107 2635,3107"/>
                <TextEquiv>
                    <Unicode>mentalen Strecken glatt und ohne Ausdringlichkeit.</Unicode>
                </TextEquiv>
            </TextLine>
            <TextLine id="tr_2_tl_37" custom="readingOrder {index:36;}">
                <Coords points="1702,3144 2642,3179 2612,3116 1701,3094"/>
                <Baseline points="1710,3125 1756,3128 1803,3131 1850,3131 1896,3134 1943,3134 1990,3135 2036,3137 2083,3137 2130,3138 2177,3140 2223,3141 2270,3145 2317,3146 2363,3146 2410,3148 2457,3151 2503,3152 2550,3154 2597,3157 2644,3164"/>
                <TextEquiv>
                    <Unicode>Was ihm fehlt, ist nichts als ein Brocken Vertiefung,</Unicode>
                </TextEquiv>
            </TextLine>
            <TextLine id="tr_2_tl_38" custom="readingOrder {index:37;}">
                <Coords points="1702,3185 2622,3212 2589,3164 1701,3142"/>
                <Baseline points="1710,3175 1755,3175 1801,3178 1847,3178 1893,3178 1939,3181 1984,3181 2030,3184 2076,3182 2122,3185 2168,3187 2213,3188 2259,3191 2305,3193 2351,3193 2397,3194 2442,3197 2488,3199 2534,3200 2580,3202 2626,3199"/>
                <TextEquiv>
                    <Unicode>ein schärferes Erfassen der Musik, die nicht an, son¬</Unicode>
                </TextEquiv>
            </TextLine>
            <TextLine id="tr_2_tl_39" custom="readingOrder {index:38;}">
                <Coords points="1705,3241 2626,3262 2617,3210 1704,3184"/>
                <Baseline points="1713,3223 1758,3223 1804,3226 1850,3226 1896,3226 1942,3226 1987,3229 2033,3232 2079,3232 2125,3232 2171,3233 2216,3235 2262,3237 2308,3240 2354,3238 2400,3240 2445,3245 2491,3247 2537,3248 2583,3250 2629,3250"/>
                <TextEquiv>
                    <Unicode>dern zwischen den Worten hängt, — wenn man</Unicode>
                </TextEquiv>
            </TextLine>
            <TextLine id="tr_2_tl_40" custom="readingOrder {index:39;}">
                <Coords points="1700,3276 2624,3307 2601,3256 1700,3245"/>
                <Baseline points="1707,3268 1755,3271 1803,3274 1852,3274 1900,3274 1948,3275 1997,3278 2045,3280 2093,3280 2142,3282 2190,3283 2239,3286 2287,3286 2335,3289 2384,3289 2432,3292 2480,3293 2529,3295 2577,3296 2626,3295"/>
                <TextEquiv>
                    <Unicode>will, ein kleiner, sicher aber entscheidender und be¬</Unicode>
                </TextEquiv>
            </TextLine>
            <TextLine id="tr_2_tl_41" custom="readingOrder {index:40;}">
                <Coords points="1701,3335 2621,3352 2593,3304 1700,3277"/>
                <Baseline points="1707,3319 1752,3319 1798,3322 1844,3322 1890,3322 1936,3325 1981,3325 2027,3325 2073,3326 2119,3329 2165,3331 2210,3332 2256,3334 2302,3335 2348,3337 2394,3337 2439,3338 2485,3341 2531,3344 2577,3346 2623,3346"/>
                <TextEquiv>
                    <Unicode>deutender Schritt. Herr Onno, der Anatol der „Epi¬</Unicode>
                </TextEquiv>
            </TextLine>
            <TextLine id="tr_2_tl_42" custom="readingOrder {index:41;}">
                <Coords points="1704,3392 2617,3406 2615,3354 1702,3335"/>
                <Baseline points="1710,3372 1755,3369 1801,3369 1846,3369 1892,3369 1937,3372 1983,3372 2028,3372 2074,3372 2119,3375 2165,3378 2210,3379 2256,3382 2301,3384 2347,3384 2392,3385 2438,3388 2483,3390 2529,3391 2574,3393 2620,3393"/>
                <TextEquiv>
                    <Unicode>sode", schnitt in dieser und allen anderen Beziehun¬</Unicode>
                </TextEquiv>
            </TextLine>
            <TextLine id="tr_2_tl_43" custom="readingOrder {index:42;}">
                <Coords points="1690,3443 2590,3458 2617,3405 1688,3394"/>
                <Baseline points="1698,3420 1744,3417 1790,3417 1836,3417 1882,3420 1928,3417 1974,3420 2020,3421 2066,3423 2112,3424 2159,3426 2205,3427 2251,3429 2297,3430 2343,3432 2389,3433 2435,3436 2481,3438 2527,3438 2573,3440 2620,3438"/>
                <TextEquiv>
                    <Unicode>gen weit besser ab und auch die Damen Medels¬</Unicode>
                </TextEquiv>
            </TextLine>
            <TextLine id="tr_2_tl_44" custom="readingOrder {index:43;}">
                <Coords points="1697,3479 2573,3506 2614,3504 2612,3444 2519,3469 2416,3440 1695,3433"/>
                <Baseline points="1704,3468 1749,3468 1795,3468 1840,3468 1886,3468 1931,3468 1977,3468 2022,3471 2068,3471 2113,3474 2159,3474 2204,3475 2250,3478 2295,3480 2341,3480 2386,3481 2432,3484 2477,3486 2523,3486 2568,3487 2614,3489"/>
                <TextEquiv>
                    <Unicode>ky, Frey, Seldorf und von Helling — ga</Unicode>
                </TextEquiv>
            </TextLine>
            <TextLine id="tr_2_tl_45" custom="readingOrder {index:44;}">
                <Coords points="1700,3522 2614,3541 2612,3503 2554,3493 2089,3507 1698,3475"/>
                <Baseline points="1707,3513 1752,3513 1798,3516 1843,3516 1889,3516 1934,3516 1980,3519 2025,3519 2071,3522 2116,3522 2162,3522 2207,3525 2253,3526 2298,3528 2344,3528 2389,3529 2435,3532 2480,3534 2526,3534 2571,3535 2617,3537"/>
                <TextEquiv>
                    <Unicode>ben nicht nur Laune, sondern auch Esprit. Keit</Unicode>
                </TextEquiv>
            </TextLine>
            <TextLine id="tr_2_tl_46" custom="readingOrder {index:45;}">
                <Coords points="1690,3570 2608,3594 2607,3542 1854,3543 1688,3513"/>
                <Baseline points="1698,3560 1743,3560 1789,3560 1834,3563 1880,3563 1926,3563 1971,3563 2017,3563 2063,3566 2108,3566 2154,3569 2200,3569 2245,3570 2291,3573 2337,3575 2382,3576 2428,3578 2474,3579 2519,3581 2565,3582 2611,3584"/>
                <TextEquiv>
                    <Unicode>Wunder, daß das Publikum zu bester Stimmun¬</Unicode>
                </TextEquiv>
            </TextLine>
            <TextLine id="tr_2_tl_47" custom="readingOrder {index:46;}">
                <Coords points="1684,3620 2253,3662 2604,3640 2603,3594 1683,3577"/>
                <Baseline points="1692,3605 1737,3608 1783,3608 1829,3608 1875,3611 1921,3611 1966,3611 2012,3611 2058,3614 2104,3615 2150,3618 2195,3620 2241,3621 2287,3623 2333,3624 2379,3626 2424,3627 2470,3629 2516,3629 2562,3630 2608,3629"/>
                <TextEquiv>
                    <Unicode>kam und alle Mitwirkenden ohne Ausnahme lebha</Unicode>
                </TextEquiv>
            </TextLine>
            <TextLine id="tr_2_tl_48" custom="readingOrder {index:47;}">
                <Coords points="1694,3668 1722,3669 1749,3681 1772,3671 1796,3688 1841,3668 1861,3669 1861,3618 1838,3623 1803,3613 1791,3623 1774,3619 1763,3630 1743,3616 1721,3625 1694,3615"/>
                <Baseline points="1701,3656 1727,3656 1754,3656 1781,3656 1808,3656 1835,3656 1862,3659"/>
                <TextEquiv>
                    <Unicode>bedankte.</Unicode>
                </TextEquiv>
            </TextLine>
            <TextLine id="tr_2_tl_49" custom="readingOrder {index:48;}">
                <Coords points="2496,3731 2524,3727 2583,3755 2607,3753 2615,3746 2640,3753 2645,3685 2626,3672 2600,3678 2587,3665 2540,3675 2500,3664"/>
                <Baseline points="2504,3719 2532,3717 2561,3719 2589,3719 2618,3715 2647,3707"/>
                <TextEquiv>
                    <Unicode>r. 8.</Unicode>
                </TextEquiv>
            </TextLine>
            <TextEquiv>
                <Unicode></Unicode>
            </TextEquiv>
        </TextRegion>
    </Page>
</PcGts>
