3248 4256
2365 170 2694 253 fondé en 1870
1146 184 1506 287 box 9/4
35 190 710 298 4.9. Anatol-
568 197 918 308 ki
2164 270 2857 405 ARGUS de la PRESS
2282 388 2763 478 Voit Tout
2161 447 2884 530 LES PLUS ANCIENS BUREAUX DEXTRAITS DE PRESSE
2164 519 2888 589 37. Rue Bergère, PARIS (9e)
2261 686 2690 783 N DE DEBIT
2053 783 2884 900 Extrait de NOUVELLES LITÉRAISES
2309 855 2877 938 146, rue Montmartre, 1)
2053 907 2240 997 dre
2053 1008 2223 1094 Date
2285 956 2777 1111 6 FEVRIER 1932
2060 1101 2278 1195 Signature :
2046 1201 2327 1295 Reposition :
2105 1274 3109 1343 Elle vivra sur le passé délicieux que trène Hu
2936 1326 3099 1368 mables
2064 1319 2908 1385 Domino a ajouté à celui, si pauvre, qu'elle
2929 1357 3099 1413 Andrey
2067 1378 3106 1430 possédait de son amour ancien pour Crées de
374 1257 1506 1492 LE THÉA
2067 1423 3106 1472 mone. Au moment où elle n'espérait plus daine.
1922 1288 2022 1499 E
2933 1461 3102 1503 soutien
2067 1468 2912 1513 rien et qu'elle demandait seulement la
2933 1496 3109 1541 d'Anato
2067 1499 3102 1565 paix de son ménage, la voici transfigurée.
1035 1489 1974 1575 par MAURICE MARTIN DU GARD
2064 1544 2908 1596 Pas un baiser, pas de ces enlacements in
2933 1562 3092 1610 rien. Et
2074 1579 3099 1645 terminables qui suppléent si souvent au déçu. A
364 1596 2043 1665 LES TRICHEURS, de M. Steve Passeur, (à l'Atelier). — DOMINO, de Marce
2071 1624 3102 1686 texte dans les pièces d'aujourd'hui, ce sont que sch
2940 1659 3102 1707 qu'Anate
454 1662 1437 1728 Achard (à la Comédie des Champs-Elysées).
2064 1676 2915 1735 trois actes charmants et sains, et jamais
2943 1693 3102 1738 Floresta
381 1697 3089 1780 Il y a dans les Tricheurs, de M. Steve de son beau dessein. Au troisième acte, vides une seconde. Le spectacle est mis las
332 1749 3113 1839 Passeur, c'est lui qui nous le dit, une ca¬ Agathe et Jean semblent heureux. Ils le en scène par Jouvet, qui trouve dans Do- doubleme
1219 1794 3095 1863 seraient davantage encore, bien sûr, si mino un de ses meilleurs rôles. M. Renoir ralentit
346 1818 1191 1884 tholique, un protestant, un juif. Die
2936 1835 3106 1873 ces réso¬
2074 1842 3109 1911 une fois encore, est dans la peau d'un in¬
343 1852 2046 1908 merci, ce jeune écrivain, pourtant épris jamais cet affreux Luckmann n'était in¬
2071 1880 3123 1942 dustriel, et il est toujours aussi taci¬
332 1901 2043 1949 de l'absolu des grands sujets et des sen¬ervenu entre eux. On le verra reveni¬
1215 1929 3106 1994 une dernière fois. Il a voulu se rendre turne. Il vit dans un intérieur délicieux lisme
336 1953 1191 2008 timents forts, n'a pas étayé ses trois ac¬
2943 1963 3113 2008 pour le
2074 1981 3102 2046 Valentine Tissier passe en
343 1987 2053 2036 tes sur un conflit de religions, mais il compte du souvenir qu’il a pu laisser chez
346 2039 3106 2123 tint à plusieurs reprises à nous faire sa¬ ces deux êtres, et assuré de les avoir em¬ tordant les mains comme d'habitude, dans der cet
2074 2064 2919 2112 des robes ravissantes. Je ne peux leur
339 2074 2050 2123 voir que si ses personnages s’opposaient poisonnés, orgueilleux de se croire un
336 2098 2919 2192 en amour, c'est parce qu’ils étaient tous amant supérieur à leur amour, il les faire des éloges. J'arrive après tous mes
2940 2133 3113 2209 COMED
1208 2143 2912 2213 fuira, plein de haine pour lui-même et confrères qui m'ont pris tous les adjec¬
336 2157 1191 2223 les trois de religions différentes. Sa ca¬
2964 2199 3102 2254 histor.
1212 2199 2912 2251 de mélancolie. Si j'avais été M. Passeur, tifs que je destinais à ces incomparables
339 2209 1184 2282 tholique est divorcée, elle aime l'amour
2071 2230 2915 2285 comédiens. Une soirée qu'on ne perd pas
2967 2240 3106 2292 de Vi¬
1212 2247 2046 2299 je m'en sera tenu à son premier acte o
2071 2271 2905 2330 Tous mes compliments encore pour Mar¬
2954 2278 3092 2330 Patrie
1208 2289 2043 2341 la synthèse de cet amour exceptionnel
2071 2309 3106 2379 cel Achard; qu'il ne s'écarte pas de cette Hugueno
1205 2334 2043 2389 inhumain, est exposée dans sa plénitude
1208 2361 3113 2427 avec l'âpre talent que nous lui connais¬ voie. L'avenir aujourd'hui est à Musset, à des chef
2071 2393 3109 2465 tout ce qui fera écho à l'amour tendre et historiqu
2936 2431 3089 2476 tique.
1205 2417 2043 2472 sons. Pour moi, toute la nouveauté de¬
1212 2445 3113 2514 Tricheurs y était incluse. Les deux actes chantant, à une fantaisie naturelle qui ne leuse. Et
2074 2486 3092 2552 dessèche point le cœur, à la poésie qui sujet de
1205 2503 2043 2562 suivants ont des longueurs, irritent, pa
2929 2531 3102 2576 Flandres
2074 2538 2427 2607 ne corrompt pas.
1208 2552 2046 2600 raissent hors de la vie, n'ajoutent rien au
2933 2566 3106 2614 gnole pe-
2199 2566 2874 2666 MAURICE MARTIN DU GARD.
2929 2600 3116 2659 La con¬
1208 2597 2053 2649 premier. Mais j'ai peut-être mal compris
2926 2635 3106 2677 échoue
2434 2638 2562 2701 .
1205 2645 2057 2690 M. Passeur, n'ayant vu d'abord dans sa
2940 2673 3092 2715 furieuse
1205 2683 2050 2735 pièce qu'un tricheur, non pas lui, mais
2178 2666 3109 2746 SCEPTIQUE EBLOUI, par René comte de
1205 2722 2050 2773 son qui, joué par M. Dalio à la perfec¬
2940 2732 3102 2784 pour être
2112 2732 2576 2801 Bruyez (au Tremplin.)
1208 2773 2053 2822 tion, dont l'imagination morbide cherche
2098 2749 3102 2822 Ce drame en deux actes constituait la reuseme
2936 2808 3099 2850 le comte
2078 2815 2912 2867 pièce de résistance dans le premier spec
1215 2815 2053 2877 partout des victimes et commence par
2078 2839 3102 2898 tacle du Tremplin, « théâtre-critique au ser die de
1208 2860 1413 2922 lui-même.
2078 2877 3102 2926 vice des inconnus et des méconnus ». Mais sur le
1246 2877 2046 2950 Je m'en voudrais de paraître oppose
2960 2905 3113 2957 Eh bien
2078 2915 2915 2964 il serait injuste de ne pas signaler l'im¬
1208 2919 2043 2999 deux auteurs dramatiques de la même gé¬
2078 2954 3102 3009 promptu Loufoque, par lequel commença la voyantes
1208 2985 3099 3033 nération comme MM. Steve Passeur et soirée : Carlos Larronde, auteur et princi¬ serment
2940 3016 3099 3071 l'écoute
2078 3019 2908 3071 pal interprète de cette fantaisie, y mêla for
1205 3026 2053 3082 Marcel Achard, qui ont tous les deux beau¬
2074 3050 3099 3099 adroitement les allusions satiriques et les ému, e
1208 3075 2046 3127 coup de talent, mais qu'ils emploient à de¬
2078 3085 2922 3144 professions de foi ; brandissant la marotte
2960 3089 3130 3151 La Con
1205 3113 2050 3168 fins si différentes. Je commence à être
2078 3123 3082 3172 du fou, il fit sonner quelques dures vérités choses.
2078 3158 2912 3206 aux oreilles des spectateurs. Une panto
2940 3151 3095 3210 joué de
1208 3161 2053 3217 irrité par les pièces d'où l'on sort l'esprit
2071 3192 2919 3234 mime. Les clowns verts, termina la séance
2940 3192 3109 3241 MM. Alb
1208 3206 2043 3255 amer, fatigué d'avoir vu à la scène triom¬
596 3192 911 3276 Steve Passeur
2074 3231 2912 3276 Mme Dussi Bereska avait composé cette
2936 3227 3113 3279 et Vidali
1208 3244 2057 3303 pher une fois encore, sur les passions na¬
2078 3262 3113 3307 suite de tableaux; elle les dansa avec une en la Me¬
336 3251 1181 3327 et l'indépendance ; on trouverait des jui
2078 3296 3102 3352 troupe augmentée du clown allemand Robat, être.
1205 3293 2053 3341 turelles, des malades et des demi-fous. M.
336 3317 1184 3366 ves dans ce cas. Son protestant est ur
2071 3334 2915 3383 dont la verve gymnique anima savoureuse
2936 3327 3113 3376 merveille
1215 3334 2043 3386 Marcel Achard aime la vie, ne voit pa¬
2929 3362 3102 3411 devenait
2074 3366 2583 3414 ment ces scènes stylisées.
336 3369 2046 3424 garçon droit, sérieux, qui ne pense qu'à tout en noir, et n’exerce pas de représail
2098 3369 3089 3442 Le sceptique ébloui s'inspire du verset de artistes
332 3407 1184 3459 mettre de l'ordre dans sa vie comme dans
1205 3414 2053 3476 les sur ses héros, il fait la part des choses,
2078 3424 2912 3476 saint Jean, où André Gide puis le titre de
2940 3438 3092 3483 l'année.
336 3456 1198 3501 celle des autres : M. Passeur également
2078 3462 2912 3514 ses confessions : « Si le grain de fromen
2936 3469 3106 3518 nes gens
1215 3469 2053 3518 il sait observer ce qu’il y a de charmant
336 3494 1184 3542 conviendra qu'on rencontre de pareils
1208 3497 3109 3559 d'ailé, d'un peu drôle et d’un peu mélan¬ ne meurt, après qu’on l’a jeté dans la terre, au Nouv.
2081 3535 3102 3580 il demeure seul mais s'il meurt, il porte voir au
336 3532 1181 3584 traits chez des bourgeois conformiste
1208 3553 2046 3601 colique aussi dans chacun de nous. Il
2078 3570 3099 3611 beaucoup de fruit. Ce qui meurt dans livres,
339 3584 1184 3629 qui ne doivent rien à Luther. Pour son
1208 3601 2919 3646 a dans tout ce qu'il fait un fond de santé l'ame de l'abbé Coulijard, c'est la foi, ou
2940 3604 3109 3649 en matin
339 3622 1188 3677 juif, c'est une autre affaire; il n'est pas
1208 3632 2912 3691 bien sympathique, et les pires aventuriers du moins une certaine forme de la foi
2940 3643 3102 3705 du The
336 3663 1184 3715 chrétien, en tout cas. Parmi les intellec¬
2071 3670 2905 3715 ce qui naît, c'est la sainteté. Ce thème au
1205 3684 2050 3729 qu’il engage dans son répertoire ont tous
2078 3701 2922 3750 dacieux est traité avec autant de noblesse
336 3712 1188 3757 tualistes de Bourse, du bord de Samuel
1208 3729 2919 3778 quelque chose de tendre et d'humain et un que de vigueur, mais une pareille crise
332 3753 1184 3809 Luckmann, ni même chez les juifs philo¬
2078 3767 2922 3823 psychologique est le résultat d’une longue
1215 3771 2050 3819 idéalisme qui n'évoque jamais rien de
2078 3809 2926 3857 évolution. Dans la discussion qu'après la
332 3809 2053 3864 sophes les plus dociles aux prestiges de niais. Cela part sur une anecdote chime¬
2078 3843 2926 3888 représentation Georges Delamare provoqua
336 3843 1181 3899 l'abstraction, en est-il si souvent pour se
1208 3854 2053 3906 rique, incroyable, mais pas plus incroya¬
2078 3875 2912 3920 et conduisit avec brio, d'aucuns reproche
336 3881 1188 3937 contenter de la possessior spirituelle des
1212 3902 2057 3954 ble que dans Marivaux, et cela s'impose,
2078 3913 2912 3958 rent à René Bruyez la lenteur de son expo¬
332 3930 2046 3992 femmes qu'ils adorent? M. rasseur veut par la promptitude et la vérité des obser
2078 3940 2922 3989 sition. Je crois que si le début de chaque
332 3968 1184 4020 démontrer ici que l'amour étant une créa¬
1212 3978 2926 4037 vations, la délicatesse de la rêverie qui acte paraît se dérouler au ralenti, on en
2078 4006 2922 4058 doit accuser la nécessité où se trouve le
336 4016 1188 4068 tion de l'esprit, ceux qui possèdent le plus
1208 4030 2053 4082 court, comme une petite source à une
2084 4044 2922 4103 protagoniste de nous révéler assez de son
336 4068 2053 4124 d'imagination et pour lui, ce sont les visible dans la prairie, le dialogue dans
2081 4075 2915 4134 passé pour rendre ce présent intelligible
332 4103 1195 4155 juifs sont les véritables amants. Point
1212 4113 2915 4165 la vie de tous les jours, les silences bien il lui faut donc deux témoins, dont un seul
