3436 4256
317 184 908 300 4.9. Anatol-
981 196 1232 295 Zyklu-
661 900 1328 998 Francisco, Stockholm, St. Per¬
481 1018 746 1089 hnitt aus:
1003 1018 1238 1125 Die
499 1127 1321 1299 on
753 1248 994 1336 nie
603 1450 1386 1556 Schaubühne und Kunst.
743 1535 1296 1628 Aussiger Stadttheater.
605 1581 1532 1679 Aus der Theaterkanzlei.) Heute findet
502 1648 1522 1729 die Abschieds=Vorstellung statt. Zur Aufführung ge¬
496 1689 1513 1769 langt Gerhart Hauptmanns Versunkene Glocke
496 1750 1518 1808 mit Hofschauspieler Alfred Gereich in der Rolle des
496 1800 1522 1853 Meister Heinrich als Gast. Frau Eich Schwabacher¬
497 1850 1523 1928 Walter hat wieder in liebenswürdigster Weise die Rolle
497 1901 1527 1958 des Rautendelein übernommen, mit welcher sie an¬
494 1951 1520 2020 läßlich der stattgefundenen Wohltätigkeits=Vorstellung
487 1997 1523 2072 einen vollen künstlerischen Erfolg errang. Den wohl¬
492 2049 1518 2115 tätigen Zwecken wurde von der Leitung die gesamte
492 2097 1487 2176 Brutto=Einnahme im Betrage von Kronen 1548.
484 2141 686 2219 abgeführt.
570 2224 1427 2322 „Anatol, Lustspiel von Arthur
489 2282 1503 2362 Aufführung zu Gunsten der Damen: Berger, Freya
491 2344 1510 2418 Hiller, Kriß, Möser, Maylor und der Herren: von
491 2392 1507 2463 Plessen und Serbouset am Samstag, den 28. April.
570 2440 1513 2513 Also für sechs Damen und zwei Herren ein
487 2493 1512 2561 Ehrenabend mit Lustspielen aus drei geistreichen
482 2538 1512 2604 Stücklein von Arthur Schnitzler. Das liebenswürdigste
481 2599 1503 2654 Lustspielchen daraus: Die Frage an das Schicksal,
481 2632 1508 2710 das kein geistreiche Franzose geistreicher machen kann,
482 2680 1507 2746 blieb leider weg. Aber auch die beiden anderen Ab¬
482 2738 1517 2800 schieds=Souper und Anatols Hochzeitsmorgen sind un¬
477 2793 1500 2849 terhaltend, wenn sie auch nicht tiefer befriedigen kön¬
481 2839 1508 2901 nen. Im Abschieds=Souper will Anatol, daß
482 2884 1503 2944 sein Freund Max zugegen sei, wenn er seiner Freun¬
482 2935 1512 2995 din Anni erklärt, daß es zwischen ihnen aus sein
481 2985 1503 3051 müsse. Die Freundin kommt ihm zuvor und teilt
481 3030 1512 3096 ihm beim Abendessen mit, daß sie nach früheren
471 3090 1505 3134 Vereinbarung ihm heute erkläre, sie liebe einen an¬
471 3131 1513 3191 deren. Darüber ist Anatol aufgeregt und gesteht ihr
474 3176 1500 3229 nun erst seine Untreue, worauf sie ihn empört ver¬
467 3224 1502 3285 läßt. Am Hochzeitsmorgen beichter Anatol sei¬
467 3280 1502 3342 nem Freunde Max, der kurz vor der Trauung wegen
452 3330 1490 3401 der Farbe des Blumenstraußes für seine Dame fra¬
1432 194 1780 282 box 9/2
2513 703 3053 815 Schaubühne, Berlin
2496 814 3003 913 adelante
1732 981 2312 1079 Schnitzler=Abend
1765 1071 3066 1157 reimal Anatol — Ein Schler=Abend hätte sich abwechslungsreicher
1841 1139 3068 1185 zusammenstelten lassen. Anatol wird dreimal von derselben Seite
1764 1167 3066 1218 gezeigt. Wenn er weiter keine Seite hat? Eben drum reichts aus, ihn
1764 1203 3063 1255 ein Mal von dieser Seite zu zeigen. Er ist ein homme à femmes, der
1760 1241 3070 1293 vielen Frauen unwiderstehlich ist, und dem alle Frauen unwiderstehlich
1765 1285 3070 1339 sind. Was schon im Frieden nicht mehr das ganze Leben der Frau aus¬
1772 1321 3066 1384 gemacht hat, macht noch das ganze Leben dieses Männchens aus¬
1765 1359 3070 1407 Schnitzler selbst ist längst über diesen Typus hinausgewachsen. Die Ehe¬
1765 1397 3070 1445 leute im „Zwischenspiel etwa (das doch zu seinen Nebenwerken gehört)
1769 1437 3070 1485 sind Erotiker bis über die Ohren: zugleich sind sie geniale Musiker, die
1769 1474 3068 1523 Frau nicht minder als der Mann. Anatol aber verrät mit keiner
1769 1512 3063 1556 Silbe, ob er eine menschenähnliche Existenz führt, geteilt zwischen die ver¬
1765 1553 3066 1599 schiedensten Interessen, eine Existenz, in der die Liebe ihren Platz hat
1764 1588 3085 1664 und nicht alles beherrscht. Er kennt nur Einen Gesprächsgegenstand: die
1750 1623 3046 1677 Liebe. Himmel und Erde bewegen sich für ihn nur um Einen Po¬
1764 1672 3046 1709 die Liebe. Er ist sich nur des Einen Triebs bewußt. Ein Dichter vo
1772 1707 3051 1755 Schnitzlers Geist und Kulturgefühl läßt die Geschöpfe seiner Phantasie
1764 1737 3093 1787 die Objekte seiner Beobachtung dauernd das Tier mit den zwei Rücken¬
1765 1783 3065 1841 spielen oder sich zu dieser Beschäftigung rüsten oder sich von ihr erholen
1765 1818 3066 1860 oder sich im besten Fall vergeblich nach ihr sehnen. Dreimal Anatol¬
1764 1856 3071 1908 da wird nicht einmal angedeutet, daß noch die idyllischste Friedenszeit
1769 1899 3070 1943 andre Ideen, Nöte, Strömungen und Ziele gehabt hat. Das ist eine
1780 1939 3071 1986 Welt, das heißt eine Welt! An sich ist dieses Weltchen zweifellos mit
1775 1979 3070 2022 Meisterschaft gezeichnet. Der Zyklus hat einen Akt (den das Theater der
1772 2014 3071 2060 Königgrätzer Straße nicht spielt, worin von der Aufrichtigkeit ermüdeter
1772 2055 3073 2100 Lügner gesprochen wird; und wenn Anatol sie auch nicht hat, sondern
1769 2093 3080 2132 durchaus nicht ermüdet, zu lügen, so ist es doch diese Stimmung von
1775 2128 3076 2176 ironischer Wehmut und melancholischer Heiterkeit, die der Reihe die
1769 2168 3068 2214 psychologische Wahrheit und die künstlerische Einheit gibt. Wir spazieren
1769 2209 3080 2251 behaglich um die Liebe im allgemeinen, unterscheiden allerlei Sonder¬
1769 2246 3070 2296 arten von Liebe, erfahren unüberrascht, daß weder Männer noch Frauen
1769 2286 3070 2332 monogam sind, und wünschten für eine dramatische Steigerung nur, daß
1765 2320 3070 2372 Anatol, dem jede Frau, mehr oder weniger schnell, langweilig wird,
1772 2362 3073 2412 genügend Ressourcen in sich hätte, um in jedem Fall uns nicht noch
1780 2402 3071 2448 schneller langweilig zu werden. Diese Gefahr hat Schnitzler, tief, allzu
1765 2438 3070 2476 tief in sein Weltchen, sein Lustwelchen eingesponnen, ganz und gar über¬
1772 2475 3080 2523 schen: daß sein Anatol, im Geiste schwach, im Herzen arm, auch als
1769 2514 3076 2561 purer Liebhaber, als Viveur im oberflächlichsten Sinne kein genügend
1769 2554 3073 2602 reizvolles launenhaftes, schillerndes Exemplar seiner Gattung ist. Nach
1769 2601 3078 2645 zwanzig Minuten kennt man ihn auswendig. Dann beginnt er, uns zu
1760 2625 3073 2680 verdrießen. Schließlich droht er unerträglich zu werden. Die Rettung
1769 2665 3073 2718 ist, daß er in einen handfesten Schwank wie das Abschiedssouper gestellt
1765 2708 3070 2753 wird. Aber zur reinen Freude wird dieser Schnitzler=Abend doch erst
1764 2745 3080 2788 wenn sich Anatol abgeschminkt hat. Wenn der andächtige, sogar lächelnd
1765 2781 3070 2831 noch andächtige Schilderer eines Lustwäldchens von spezifischer Färbung
1780 2819 3076 2877 sich lachend darüber erhebt. Wenn er dem Dunstkreis seines Metiers
1775 2863 3075 2912 so weit entschlüpft, daß er diesen selber satirisch beschwören kann. „Lite¬
1765 2901 3066 2949 ratur: das ist ein so meisterhaftes Stück Kleinarbeit, daß es nach fünf¬
1765 2934 3066 2982 zehn Jahren keinerlei Altersspuren zeigt. Was es jung erhält? Ein Wie
1765 2974 3081 3022 der niemals vom Dichter gemacht wird, sondern organisch aus der Turf¬
1772 3013 3080 3066 Atmosphäre eines sanft blödelnden Barons oder aus der Caféhaus¬
1765 3055 3066 3106 Atmosphäre eines versnobten Bohèmepaares herausspringt und ein¬
1775 3090 3075 3136 quellende Dichtigkeit hat. Essenz, von der sich Generationen deutscher
1778 3131 3078 3172 Lustspielautoren ihr Süppchen kochen werden. Ein Standwerk unseres
1775 3167 3075 3216 Einaktervorrats, auf das man immer wieder zurückgreifen wird. Von
1769 3202 3076 3267 Anatol durch die artistische Entwicklung und die menschliche Erfahrung
1735 3265 3043 3335 eines Lebens getrennt; was das Theater dadurch bekräftigte, daß es die
1734 3317 3040 3370 Pause, statt in die Mitte des Abends, vor den vierten Teil setzte. Auch
1745 3355 3040 3419 seine Schauspielkunst war durch einen Abgrund in zwei Lager getrennt.
1739 3409 3042 3459 Hie Eugen Burg, für Anatol nicht mehr fünfundzwanzigjährig genug,
1735 3434 3037 3494 aber ein zwingender Clemens ohne den leisesten Strich Uebertreibung;
1735 3472 3037 3530 Alexander Ekert, für Max nicht mehr schlank genug, aber ein Gilbert
1739 3507 3040 3572 von saftigsten Humoren; die Triesch, keine Adelheid von Walldorf, aber
1739 3550 3038 3605 eine Lustspielcharakteristikerin von blühendem memischen Reichtum. Hie
1749 3587 3075 3648 Fräulein Orska. Was sie gab, sollte Wien sein; und war, wie wenn die
1732 3637 2949 3734 Taxentzenstraße in Brünn und Brünn irgendwo in Galizien läge.
