3436 4352
359 85 1548 136 allen Gebieten. Aber auch die andern Darsteller wußten sich aus
359 130 1551 183 Neid und Kleinlichkeit, aus Streit und Mißtrauen emporzu¬
362 180 1556 240 ringen, und es bleibt bewunderungswürdig, daß sich die mensch¬
362 217 1548 282 liche Seele trotzdem ausschwingen konnte, zu einer Höhe der
362 274 1551 325 Kunst, wie gerade die Kriegsgefangenentheater sie erreicht
365 325 1548 371 hatten. Von diesem Standpunkt aus gesehen, war das „Theater
365 368 1550 430 hinter Stacheldraht eine segensreiche Wohltat zu nennen, da
362 415 1551 464 es manchem Unglücklichen, der dem sicheren Elend und Siechtum
362 464 1554 544 verfallen wäre, neues Leben und Hoffen gab, ihn vor dem
359 511 719 586 Untergang rettete.
532 571 1357 651 Leutnants als Gretchen und Salome.
386 642 1538 705 Aus der Größe der Schwierigkeiten, die sich der Theater¬
362 693 1545 762 gründung entgegenstellten, wuchsen um so mehr Unter¬
353 744 1542 795 nehmungsgeist und Erfinderkraft; die vielen bürgerlichen Be¬
359 789 1541 848 rufe, die da in den Lagern vertreten waren, stellten ihre
362 834 1539 893 Fähigkeiten und Geschicklichkeiten in den Dienst einer guten
362 885 1544 933 Sache und wurden somit auch Bereiter der Wege, die aus dem
362 931 1544 984 drohenden geistigen Tod führen sollten. Techniker, Ingenieure,
362 978 1539 1033 Maler, Kunsthistoriker sorgten für Dekorationen, Möbel und
359 1024 1542 1080 Kostümentwürfe. Chemiker erzeugten Farben und Schminke,
365 1072 1539 1126 Friseure, Tischler, Schneider und Schuster, sie alle fanden Be¬
356 1123 1545 1182 schäftigung. Für die Darsteller selbst stand dem Regisseur eine
356 1168 1542 1220 ganze Armee aller Altersklassen und Mundarten zur Ver¬
362 1210 1545 1274 fügung. Und waren sie auch keine berufsmäßigen Schauspieler,
359 1264 1542 1322 eine Voraussetzung brachten sie alle mit: Lust und Liebe, Fleiß
359 1312 1551 1364 und Lernfreudigkeit, oft aber auch natürliche Begabung. Eine
371 1363 1550 1417 schwer zu lösende Aufgabe war die Erziehungsarbeit bei den
359 1408 1548 1463 Darstellern der weiblichen Rollen, die selbstverständlich auch
353 1457 1545 1509 von den Kriegsgefangenen gespielt werden mußten, wozu sich
359 1505 1548 1563 jedoch nur solche von entsprechender Jugend, Gestalt und
362 1551 1551 1602 Stimmlage eigneten. Speziell auf diesem Gebiete konnten
359 1599 1553 1662 durch sorgfältige, unablässige Arbeit verblüffende Resultate
359 1647 1548 1706 erreicht werden. Ein blutjunger Leutnant als Margarete in
365 1697 1551 1755 Schnitzlers „Literatur", ein andrer als Salome, in Bildern
359 1743 1548 1816 gezeigt, ließen kaum Zweifel einer echten Darstellerin auf¬
358 1798 533 1860 kommen.
400 1812 1559 1897 Zu den größten Schwierigkeiten gehörte im Anfang die Be¬
365 1888 1551 1953 schaffung der Textbücher, die, aus russischen Volksbibliotheken
368 1938 1550 1993 entlehnt, an der Hand von Wörterbüchern mühsam ins Deutsche
368 1986 1554 2038 rückübersetzt werden mußten, wobei das Uebersetzerkollegium
368 2031 1554 2088 oft Gefahr lief, von den russischen Wachtposten in recht unlieb¬
368 2085 1565 2144 samer Weise überrascht zu werden. Schnitzler, Sudermann,
367 2131 1554 2189 Hauptmann und viele andre wurden auf diese Weise übersetzt.
365 2180 1554 2239 Indessen arbeiteten Ingenieure und Handwerker an dem
368 2216 1557 2287 Bühnenbau. Es war auch dies kein leichtes Unternehmen,
365 2279 1556 2338 denn es mangelte an allem. Materialnot zwang überdies oft
365 2324 1562 2386 zu den originellsten Einfällen. Auf Sackleinwand oder aus
365 2368 1563 2429 zusammengenähten Hemden und Taschentüchern ornamentierte
371 2417 1563 2478 man aufgenähte Streifen zerschnittener Wolldecken, aus denen
371 2478 1562 2529 dann der Vorhang entstand. Je nach den Platzverhältnissen
374 2517 1557 2570 und der Gemütsbeschaffenheit eines russischen Lagerkomman¬
365 2561 1566 2621 danten gab es für Theaterzwecke eine ganze Baracke, eine
374 2610 1571 2678 Saalecke, oft aber nichts, und dann mußten eben die Kameraden
374 2654 1560 2715 durch freiwilliges Zusammenrücken Platz schaffen, um Bühne,
371 2698 1563 2769 Zuschauerraum und sonstige Räume zu ermöglichen. Sehr oft
371 2748 1557 2809 aber kam all diesen Bestrebungen der theaterfreundliche Sinn
371 2814 1565 2868 der Russen entgegen, so daß vielfach auch eigene Räumlichkeiten
374 2856 1562 2919 zur Verfügung standen. So konnte man im Bilde einen ehe¬
374 2896 1563 2959 maligen Pferdestall sehen, der nach umfangreichen Adap¬
368 2946 1559 3008 tierungsarbeiten zu einem regelrechten Theater umgestaltet
368 2996 1559 3079 wurde. Auch schwedische und dänische Hilfe haben hier Großes
371 3046 536 3133 geleistet.
704 3065 1207 3172 Not macht erfinderisch.
403 3142 1563 3212 Die große Not, die in allen Zweigen der Wirtschaft nach
383 3203 1557 3265 dem Sturze der Zarenregierung äußerste Sparsamkeit gebot,
380 3253 1566 3314 rief auch auf dem Gebiete des Theaters geniale Erfindungs¬
377 3297 1572 3375 rabe auf den Plan, die gerade zu einer Zeit, als Sibiries
418 3398 1602 3489 fast aller Rohstoffe entblößt war, die größten Triumphe feierte.
425 3456 1598 3534 Es mußte alles aus dem Nichts hervorgezaubert werden.
418 3521 1601 3576 Kulissen aus mehreren Lagen Zeitungspapier mit selbst er¬
421 3563 1608 3627 zeugten Leimfarben übermalt, die sogar des Nachts bewacht
421 3615 1611 3684 werden mußten, danit diese Bühnenkunst nicht etwa den
421 3649 1610 3715 vielen Ratten zum Opfer falle, eine praktische Bühnen¬
418 3697 1608 3783 beleuchtung, durch en kunstvolles System drehbarer Draht¬
427 3759 1617 3823 zylinder, von einer Stelle aus das Licht dämpfen oder in
424 3807 1607 3874 seiner ganzen Stäre wirken zu lassen, die vielen kleinen
424 3847 1611 3907 Sorgen um Kostüme, Requisiten und sonstige Spieldetails,
424 3892 1614 3968 sie alle wurden durch den einfallsreichen, erfinderischen Geist
424 3953 1617 4024 eines jeden Mitarbeiters behoben. Für Chemiker, Techniker
427 3998 1620 4064 und Konstrukteure war sogar die Mistablagerungsstätte eine
424 4034 1622 4103 wertvolle Fundgrube geworden. Dort gab es verschieden¬
872 4090 1584 4150 rochene Grammophonplatten, Rinde
698 4100 839 4162 2
1821 141 2345 252 4.9. Anatol
2448 138 2761 250 Zyklus
2937 139 3281 237 box 9/5
