3248 4224
1191 170 1554 267 box 9/4
77 170 1036 295 4.9. Anatol Zyklus
475 975 682 1088 Seite 26
1245 1001 1446 1083 Sonntag
421 1044 1622 1145 Burgtheaters eingedrungen war, der Burgtheaterjugend ge¬
424 1136 1617 1198 hören. Der tatkräftige neue Herr auf dem Franzensring scheint
1644 1127 1743 1208 zuer
424 1186 1617 1235 nun zumindest eine der Haupteigenschaften eines guten Theater¬
1648 1191 1738 1250 enga¬
425 1227 1741 1288 direktors zu besitzen, nämlich entweder Glück oder diplomatisches erste
429 1280 1736 1343 Geschic. Jedenfalls wurde man noch im letzten Augenblick merk
424 1329 1726 1394 davor bewahrt, daß die beiden Helden an die unrichtigen Dar¬ ber
432 1376 1723 1437 steller gekommen sind. Der Plan, auch die weibliche Burg¬ kein
424 1432 1617 1479 theaterjugend im „Anatol" aufmarschieren zu lassen, ist nur
1643 1430 1738 1507 klassi
421 1474 1613 1533 teilweise gelungen. Die Cora ist während der Abwesenheit
421 1517 1613 1587 Röbbelings, anscheinend durch einen Generalsturm, für die
429 1569 1720 1641 Familie Reimers erobert worden, eine andere Umbesetzung wen
421 1613 1433 1692 mußte aus Repertoiregründen vorgenommen werden.
537 1644 1618 1728 So erland denn eine Vorstellung, die vorderhand nur
424 1716 1618 1780 andeuten konnte, was der neue Direktor im Akademietheater
424 1766 1617 1821 zu bieten gedenkt. Erfreulich, daß er Herterich als Regisseur
421 1815 1610 1875 aus der Versenkung auftauchen ließ, der seiner Inszenierung
429 1856 1610 1926 jenen Duft französischen Parfüms gab, den Anno 1890 die
419 1908 1613 1970 Anatols so gern aus ihren Taschentüchern aufsteigen ließen.
424 1957 1610 2008 Sehr stimmungsvoll wirkte die musikalische Untermalung des
424 1999 1712 2049 Prologs und die Ausfüllung der Pausen durch Schubert=Musik, um
429 2045 1617 2106 Aslan ist in diesem Milieu wohl der ideale Anatol, wie er
424 2106 1617 2163 auch den Prolog Hofmannsthals ganz im Sinne des jungen
417 2145 1622 2201 Loris sprach, „früh gereift und zart und traurig“, wenn auch
424 2189 1617 2250 mehr in das Gestern als in das Heute eingefühlt. Emmerich
417 2230 1626 2296 Reimers sehr gut, hat aber zu oft vom Fach des Intriganten
417 2284 1618 2337 genascht, als daß er die liebenswürdige Leichtigkeit des nachdenk¬
417 2335 1613 2391 denklichen Mitgenießes Max aufbringen könnte. Von den fünf
425 2377 1618 2438 Frauengestalten, die ja eigentlich nur Spiegel sind, in denen immer
417 2425 1618 2479 wieder das Bild des Anatol erscheint, ist jedenfalls die lona
424 2476 1617 2523 Johansens die lebensvollste, hebenswerteste. Mit einer
422 2523 1617 2575 Fülle köstlicher Nuancen spielt Alma Seidler die Annie im
414 2562 1617 2626 „Abschiedssouper". Man freut sich, daß sie sich endlich einmal
414 2616 1618 2667 außerhalb des Backfischfaches versucht hat. Von den übrigen
425 2661 1607 2718 Frauen um Anatol zeigt Lilli Marberg, obwohl erst durch
414 2708 1617 2770 Zufall in den Besitz der Rolle der Bianka gelangt, daß eine
414 2760 1617 2811 wirkliche Künstlerin vom Zeitstil unabhängig ist, während
424 2808 1613 2855 Gabriele und Cora im Aeußerlichen stecken blieben. Das
425 2850 1726 2904 Publikum war schon nach den reizend inszenierten Weihnachts¬ keit
424 2903 1708 2957 einkäufen so beifallslustig und nützte die Aufhebung des Vor¬ ein
424 2947 1610 2998 hangverbotes reichlich aus, um die Darsteller, aber besonders
421 2993 1613 3052 Aslan, stürmisch zu feiern. Röbbeling kann einen neuen Erfolg
419 3037 574 3119 buchen.
517 3088 1523 3261 Der Dank Wilhelm Kienzls.
514 3253 1610 3322 Dr. Wilhelm Kienzl schreibt uns: „Beglückt, aber auch
407 3287 1617 3366 bedrückt durch die zahllosen Versicherungen und Beweise von
417 3348 1610 3407 Sympathie und Liebe, mit denen ich in der verschiedensten
414 3402 1607 3462 Art zu meinem 75. Geburtsfest geradezu überschüttet worden
417 3449 1610 3508 bin, empfinde ich das unabweisliche Bedürfnis, allen Glück¬
414 3503 1708 3562 wünschenden innigen Dank zu sagen. Ich fühle mich jedoch da¬
411 3551 1612 3608 außerstande, jedem einzelnen, wie ich es so gern getan hätte,
417 3603 1618 3662 zu schreiben, bitte also um gütige Nachsicht, wenn ich meinen
411 3646 1612 3700 Dank zusammenfassend auf dem Wege durch die Presse zum
407 3696 1605 3752 Ausdruck bringe. Ich danke allen aus tiefstem Herzen für
411 3739 1604 3796 die mir als Künstler in so überreichem Maße gewidmeten
407 3790 1613 3847 anerkennenden Worte, noch mehr aber für die dem Menschen
414 3835 1610 3898 geltenden, und schließe mit dem Versprechen, mich der mir
1638 3842 1721 3912 stil
411 3888 1607 3961 entgegengebrachten Schätzung und Treue auch im letzten Ab¬
424 3935 1227 3999 schnitt meines Lebens würdig zu erweisen.
1636 3912 1721 3999 a
517 3984 993 4060 Wien, 28. Januar 1932.
1095 3968 1577 4060 Dr. Wilhelm Kienzl."
1626 3994 1726 4058 auf
1630 4037 1733 4096 vere
1635 4086 1743 4145 kam-
2070 1662 2733 1885 la
1887 1883 2255 1985 31. Jänner 1932
2623 1888 2808 1990 Nr. 81
1829 1977 2932 2045 Das Haus war nach neuesten, erfreulichem Volksopern¬
1738 2040 2932 2103 brauch ausverkauft und rief die Solisten samt dem
1743 2093 2927 2150 dirigierenden Direktor Kraus zahllose Male hervor. Es
1739 2130 2932 2199 kann also auch in Währing eine gute, animierte, ja sen¬
1739 2183 2909 2245 sationelle „Tosca=Aufführung geben. Ernst Decsey.
2039 2327 2643 2417 Akademietheater.
1838 2381 2932 2463 Ein bis auf den letzten Platz besetztes Haus; Applaus,
1739 2446 2932 2507 wie man ihn schon lange nicht mehr im Akademietheater er¬
1738 2495 2932 2567 lebt hat: das ist die jüngste Wirkung des Schnitzlerschen
1738 2548 2931 2615 „Anatol", des alten Anatol, den so oft Nichtskönner für
1739 2595 2935 2651 veraltet, wenn nicht für tot erklärt haben. Dabei muß sich die
1739 2643 2932 2700 von Herterich sehr fleißig vorbereitete Aufführung mit
1739 2690 2932 2754 einem Anatol behelfen (Herr Aslan), der nur in ganz ver¬
1743 2733 2935 2787 einzelten Momenten der Anatol ist. Das gleiche gilt für den
1743 2783 2939 2859 Max; das gleiche..., aber wir kommen darauf noch zurück¬
