3436 4224
1356 148 1724 256 box 8/5
227 162 570 285 4.9. A.
617 137 1107 274 to Zykl
332 1122 512 1226 New-
725 1183 1003 1277 burg, Forchte.
685 1248 1064 1342 (Stellenangabe ohne Comtur.
328 1269 707 1396 Ausschnitt aus:
325 1392 476 1515 an
656 1370 1392 1554 Neue Züricher Zeitung
1024 1497 1259 1583 1
1356 1583 3264 1677 Es gibt deren nur drei den Liebhaber Anatol, den sich zur „Liebelei", wie Richard Wagners „Träume
1356 1659 2308 1713 Freund Max und Eva — die Geliebte in unendlicher
696 1623 1060 1738 Feuilleton.
2330 1673 3274 1724 zum „Tristan“. Das liebe füße Mädel hat erst in Chri¬
1356 1709 2301 1760 Metamorphose, das Weibchen, das bald Cora, bal¬
2337 1717 3274 1763 stine Weiring seine vollwertige, unvergängliche Ge¬
1356 1749 2301 1810 Bianca, aber immer Eva heißt. Anatol war in der
2337 1753 3274 1800 staltung erhalten; von ihr aus fällt ein poetisches
689 1731 1053 1836 Berliner Theater.
1367 1785 2301 1846 Darstellung des Lessing=Theaters mindestens um
2330 1800 3282 1846 Licht auf Anatols leichtblütigere Freundinnen zurück.
451 1781 1338 1879 Es ist das vierte Mal seit Eröffnung der Spiel¬
1360 1836 2301 1893 zehn, Max mindestens um dreißig Jahre zu alt. Wir
2337 1843 3274 1893 Anatol selbst freilich ist für alle Zeiten gezeichnet: der
389 1839 1342 1919 zeit, daß sich Otto Brahm, Leiter des Lessing=Theaters,
1367 1879 2301 1937 sahen zwei mit allen Hunden gehetzte Wiener Lebe¬
2330 1879 3274 1944 leichtsinnige Melancholiker, der ironische Genießer
389 1908 1334 1973 in ihrem vierten Monat zum Worte meldet. Welch¬
1360 1929 2301 1973 männer, von denen der eine nel mezzo del cammin
2333 1933 3271 1976 — ein vorwiegend österreichischer Typus, in aller Fad¬
393 1951 1342 2005 Heldentaten hat er bis dahin vollbracht? Er begann
1367 1973 3274 2020 di nostra vita, der andre schon auf der Schattenseite heit liebenswürdig. Max, der Freund, ist daneben
389 1994 1334 2052 diesmal mit einem ältern Hauptmann: den „Ein
1367 2012 3267 2063 stand. Ich muß gestehn, daß für mich viel von dem nur ein Stichwortbringer, der herkömmliche consi¬
397 2038 2304 2110 samen Menschen"; ließ des greisen Björnson forciert Duft der Dialoge, von ihrem spezifischen Parfüm
2330 2056 3274 2110 dent, die Grammophonplatte, die mitfühlende Brust,
389 2081 3274 2167 lebfrisches Lustspiel vom jungen Wein folgen; hielt verloren ging. Es war Crabapple, und es sollte New der Anatol seine Erlebnisse anvertraut. (Uebrigens
386 2124 2297 2196 es für seine Freundespflicht, einem schon in Wien mown hay sein. „Also spielen wir Theater, spieler
2337 2142 3274 2196 stört mich mitunter diese Wiener Sucht, alles auszu¬
397 2167 1331 2225 sang= und klanglos bestatteten Drama von Geor¬
1356 2189 2297 2254 unsere eignen Stücke, frühgereift und zart und trau¬
2330 2193 3282 2239 plaudern, von der Heimlichkeit der Liebe gar nichts
389 2218 1338 2268 Hirschfeld („Das zweite Leben") zu einem Berliner
1360 2225 2297 2279 rig ..." heißt es in dem programmatischen Prolo¬
2330 2239 3264 2286 für sich zu behalten. Diese Wiener Lebejünglinge ken¬
382 2261 1342 2319 Begräbnis erster Klasse zu verhelfen; und ist jetzt bei
1367 2279 2301 2326 zu diesem weichen Wiener Liebesbrevier. Frühgereift,
2330 2279 3264 2322 nen offenbar nicht den Reiz einer vita privata und
386 2301 1338 2358 dem längst bekannten, längst geschätzten Dialogy¬
1367 2319 2301 2366 Darauf kommt es an. Verfallende Jugend muß auf
2333 2319 3267 2373 fühlen sich nur wohl, wenn sie einen Leporello an ih¬
382 2340 3271 2413 klus „Anatol“ von Arthur Schnitzler ange¬ der Bühne stehn, aber nicht konserviertes Alter, rer Seite haben, der genau über ihr Abenteuer Buch
382 2391 1334 2467 langt. In einem Vierteljahre
1363 2402 2297 2456 Jung=Wien mit altersmüder Geste. Schon die Wil¬
2337 2405 3274 2456 führt und in ihre Seelenregungen eingeweiht ist.
436 2427 2294 2503 wohlgemerkt von Werken, für die Berlin nicht kelkinder in Wien neigen zur Reflexion; die Jüng
2326 2449 3264 2514 Wahrhaft lieben aber heißt: keinen Mitwisser haben.
382 2474 2297 2542 Anfangs=, sondern Endstation war — und zwei Neu¬ linge verfügen über die Weisheit von Geronten
2387 2499 3271 2546 „Und worin löst sich bei dir das Rätsel der Frau
389 2524 1334 2575 einstudierungen. Ein bißchen wenig, will mir scheinen.
1363 2528 2304 2582 Halbes Empfinden gibt ihren erotischen Abenteuern
2337 2524 3271 2593 In der Stimmung." Auch das Rätsel der Wirkung
382 2564 2297 2633 Man müßte an Arterienverkalkung leiden, wollte man das Gepräge, weil ihres Wesens andere Hälfte an¬
2326 2586 3278 2636 eines Kunstwerkes löst sich in der Stimmung. „Was
382 2611 3282 2679 solchen Quietismus als künstlerische Initiative, als Denken gekettet ist. Frühreife darf nicht durch Johan¬ ist Wahrheit? In Sachen der Religion: die überlebte
386 2654 1230 2705 Wagemut und Unternehmungsgeist bezeichnen.
1363 2665 2297 2716 nistrieb ersetzt sein. Immerhin, die fünf Geliebten
2322 2665 3264 2719 Meinung. In Dingen der Wissenschaft: die letzte Ent¬
444 2705 2297 2759 Aber selbstverständlich entscheidet nicht die Zahl, machten wett, was der Liebhaber und sein Freund
2330 2712 3264 2766 deckung. In der Kunst: unsre letzte Stimmung." Un¬
386 2734 1327 2795 sondern der Wert des Geleisteten. (Am Stadttheate
1367 2752 1652 2809 schuldig blieben.
2330 2759 3264 2813 sere letzte Stimmung war der ersten Schöpfung Ar¬
389 2791 1327 2842 in Kottbus wird vielleicht im Laufe einer Woche se
1410 2773 2294 2849 Doch ist wirklich der „Anatol", das graziöse Prä¬
2322 2802 3267 2849 thur Schnitzlers nicht mehr so hold wie früher; aber
379 2835 1331 2881 viel bewältigt, wie am Lessing=Theater im Laufe eines
1356 2827 2294 2885 ludium zu Schnitzlers Schaffen, von solcher Bedeu¬
2330 2849 3274 2896 es ist doch ein besondrer Genuß, diesem wählerisch
382 2878 1327 2928 Vierteljahres.) Während das Wiener Burgtheater all¬
1352 2889 3264 2946 tung, daß man jetzt, nach fünfzehn Jahren, gleich ein pointierten, wiewohl gelegentlich etwas zu aphori¬
382 2917 1327 2968 Kraft und alle Kräfte für den jungen Medardus ein
1356 2928 2294 2979 Quintett dieser Plaudereien hervorzieht, während
2337 2928 3264 2982 stisch oder feuilletonistisch gespitzten Dialog zu lau¬
389 2961 1323 3011 setzte, wärmte Brahm den alten Anatol auf. Ein
1360 2972 2297 3018 man sich früher mit den bühnenwirksamsten Stücken
2333 2975 3278 3029 schen, und wenn uns der Inhalt dieses zahmeren
379 3000 1331 3065 musterhafte Vorstellung hätte die reaktionäre Wahl
1352 3015 2294 3062 begnügte? Wahre Bedeutung gewinnen sie erst durch
2326 3018 3278 3094 „Reigens nicht mehr wie einst ergreift: die Form,
379 3058 2297 3109 erklären und verklären können. Zu spielen ist daran die „Liebelei. Denn (si parva licet componere ma¬
2322 3058 2798 3127 bleibt eine „joy for ever.
379 3098 2315 3159 nicht viel. Die Schauspieler müssen die Figuren sein. gnis) Arthur Schnitzlers Anatol-Dialoge verhalten
2369 3101 2524 3177 4. Dez.
3094 3069 3285 3192 N.).
