3484 4256
500 208 1528 293 Bitte Rückseite beachten!
1097 297 1497 378 Telephon 12.801.
1267 397 1401 488 De¬
643 458 1336 573 „OBSERVER
472 538 1537 638 I. österr. behördl. konz. Unternehmen für
785 619 1237 678 Zeitungsausschnitte
500 666 1530 759 Wien, I., Konkordiaplatz 4.
885 721 1146 790 Vertretungen
484 749 1530 822 in Berlin, Basel, Budapest, Chicago, Cleveland, Christiania,
484 813 1537 867 Genf, Kopenhagen, London, Madrid, Mailand, Minneapolis,
488 849 1530 910 New-York, Paris, Rom, San Francisco, Stockholm, St. Peters¬
879 890 1146 954 burg, Toronto.
729 935 1292 1019 (Quellenangabe ohne Gewähr).
488 972 846 1066 Ausschnitt aus:
603 1053 1320 1125 Reichenberger Zeitung, Bei¬
484 1086 610 1167 vom
729 1098 1236 1224 M. Abendblatt
1078 1281 1273 1371 Theater.
727 1359 1557 1466 Aus dem Londoner Theaterleben.
1027 1431 1557 1512 London, Anfang März.
800 1471 1589 1561 Die Aufführung der letzten Szene aus
739 1550 1597 1614 Artur Schnitzlers „Anatol"-Zyklus
739 1603 1595 1666 „Anatols Hochzeitsmorgen" (in
735 1642 1597 1714 der ausgezeichneten englischen übertragung
736 1703 1593 1759 Granville Barkers: „Anatols Wedding
737 1751 1590 1816 Morning") entfesselte in der brillanten Wie¬
739 1794 1592 1855 dergabe am Palace-Variété einen enthusia¬
729 1842 1592 1916 stischen Erfolg, der den der beiden früher
729 1895 1586 1958 gebrachten Szenen „Die Frage an das
736 1948 1586 2003 Schicksal" und „Abschieds=Souper" bei wei¬
729 1993 1586 2052 tem übertraf. So matt die Darstellung vom
736 2049 1581 2105 „Abschieds=Souper in der vergangenen
729 2101 1584 2156 Woche gewesen war, so flott und glänzend
732 2143 1586 2208 gestaltete sich das Zusammenspiel beim
729 2188 1590 2256 „Hochzeitsmorgen". Die mise en scene, die
729 2245 1586 2302 wir Granville Barker zu danken haben, war
729 2288 1585 2357 höchst stilvoll, Barker selbst gab den „Hel¬
729 2343 1592 2416 den" launisch und mehr wienerisch leicht¬
736 2391 1584 2446 lebig als vorher und der ausgezeichnete Ko¬
729 2439 1586 2492 miker Nigel Playfair, der in Maxens Uni¬
736 2492 1586 2550 form famos aussah, rief eine Lachsalve nach
728 2540 1122 2597 der anderen hervor.
1167 2542 1590 2597 Ganz entzückend war
723 2584 1585 2650 die hochbegabte Miß Alice Grawford in der
724 2642 1586 2688 dankbaren Rolle der Lona. Die junge Künst¬
727 2682 1590 2745 lerin ließ uns London, das Palace-Variété
731 2739 1584 2792 und sein rauchendes Publikum vergessen und
724 2788 1578 2845 am Schlusse glaubten wir wahrhaftig, einer
724 2833 1585 2889 deutschen Vorstellung beigewohnt zu
732 2883 1585 2942 haben. Es bedeutet für uns eine freudige
729 2935 1568 2999 Enttäuschung, daß der „Hochzeitsmorgen
724 2976 1578 3050 mit seinen für den hiesigen Geschmack ge¬
723 3032 1585 3095 wagten Situationen und dem satirischen
727 3084 1580 3141 Beigeschmack so stark eingeschlagen und ge¬
724 3134 1581 3192 zündet hat; danach zu schließen, dürfte das
724 3187 1586 3241 mutige Unternehmen Barkers für die
727 3232 1578 3314 hiesige Variété-Bühne noch wichtige Folgen
727 3280 897 3339 zeitigen.
782 3313 1580 3383 Auch der sich stetig steigernde Erfolg von
732 3369 1581 3432 Friedrich Freksas „Sumurun" am Coli¬
732 3426 1581 3488 seum ist recht erfreulich. Das riesige Haus
729 3479 1578 3529 ist Abend für Abend ausverkauft und die
727 3525 1578 3582 hiesige Presse wird gar nicht müde, das
727 3574 1578 3629 Werk und die Darstellung zu preisen. Sehr
720 3622 1578 3682 bemerkenswert nach dieser Richtung hin ist
724 3675 1578 3728 ein langer Artikel in der „Times", wo es
724 3716 1593 3781 unter anderem heißt: „Ein ähnliches Wun¬
718 3773 1578 3829 der ist sicherlich noch nicht zuvor in London
727 3818 1578 3885 gesehen worden! . . . . „Sumuun" gibt
729 3866 1578 3923 uns nicht allein eine Groteske, es erfüllt
718 3916 1574 3975 uns nicht allein mit Vergnügen — nein, es
720 3969 1588 4012 übt einen wahren Zauber aus. Wie es
727 4012 1584 4093 heißt, soll sich Max Reinhardt mit Plänen
1656 99 2519 156 zen einstellen wollen, so hoffe ich, daß Sie
1660 153 2521 215 Gott auf der Bühne vom Schlage rühren
1660 191 2521 272 lassen wird!“ In einer anderen hoffnungs¬
1655 251 2516 306 vollen Epistel sagt der Schreiber: „Die Zeit
1655 296 2524 355 kommt, wo der Applaus aufhört, wo es keine
1654 350 2517 403 Blumenkörbe mehr gibt und wo Ihre Ver¬
1655 393 2524 448 dammung ausgesprochen wird, weil Sie
1655 444 2517 497 Gottes Worten nicht gehorcht haben. An¬
1663 487 2515 544 dererseits aber hat Miß Allan ganz ent¬
1660 546 2521 597 zückende Anerkennungsbriefe von katholi¬
1662 593 2515 654 schen und anglikanischen Geistlichen erhalten,
1655 645 2517 703 die voll von Bewunderung über ihre Kunst
1663 683 1745 749 sind.
1715 719 2523 801 Aber auch das ernste Drama ist in
1655 786 2523 858 den letzten Tagen hier mehr zu Worte ge¬
1656 837 2515 903 kommen, als es sonst der Fall in London ist.
1655 879 2507 958 Am Curt Theatre wurden zwei „Privat¬
1658 939 2513 992 Aufführungen von Oskar Wildes „Sa¬
1658 981 2509 1040 lome" veranstaltet, die Lob verdienen. Be¬
1647 1038 2511 1099 kanntlich gestattet die hiesige Zensur die
1651 1084 2509 1137 „öffentliche Aufführung des verfehmten
1655 1135 2509 1198 Werkes (der Autor ist hier womöglich noch
1655 1184 2509 1239 verfemter, man wird bei seiner bloßen Na¬
1655 1239 2512 1292 mensnennung schon blaß und nervös!) Die
1649 1282 2512 1355 „Privat-Aufführungen werden nur für
1655 1330 2509 1385 „geladene Gäste" gegeben — so schreibt es
1655 1385 2507 1440 das Gesetz vor. In Wirklichkeit können auch
1651 1431 2512 1487 „nicht geladene Gäste Zutritt sich verschaf¬
1655 1479 2504 1536 fen, wenn sie vorher Karten erstanden haben.
1650 1529 2488 1581 So bekam man jetzt wenigstens eine „reine
1651 1576 2505 1633 Salome ohne die Verballhornung seitens
1651 1627 2509 1678 der Zensur zu sehen, durch die sich der Lord
1655 1675 2507 1732 Chamberlein in den November= und De¬
1649 1721 2507 1794 zember-Aufführungen an der Covent Gar¬
1643 1777 2511 1822 den Oper unter Thomas Beecham für alle
1655 1822 2507 1882 Zeitalter unsterblich gemacht. Damals durfte
1646 1875 2504 1932 das Haupt des „Propheten“ (so hieß Jocha¬
1647 1931 2504 1993 naan in der Verballhornung) nicht auf der
1651 1968 2512 2025 Bühne erscheinen, sondern nur — eine mit
1643 2024 2507 2077 Blut gefüllte Schüssel. (!) In der jetzigen
1646 2077 2504 2137 Darstellung am Court Theatre wurde der
1643 2123 2504 2180 Kopf auf die Bretter gebracht — es ist ja
1643 2159 2495 2235 doch nur eine „Privat-Aufführung ge¬
1646 2223 2501 2288 wesen! Man sollte derartiges vom freien
1646 2269 2501 2322 England im Jahre 1911 nicht glauben!...
1708 2321 2504 2378 Einen der allerbedeutendsten Autoren
1639 2366 2497 2430 des modernen England, den eigentlichen Be¬
1646 2414 2504 2476 gründer des realistischen Dramas hier zu
1642 2473 2501 2524 Lande, John Galsworthy bekamen wir
1643 2513 2501 2577 am Coronet Theatre in dem packenden
1646 2564 2495 2625 Schauspiel „The Silver Box" (Die Sil¬
1646 2618 2499 2672 berdose) zu hören. Das Werk wurde von
1643 2659 2495 2717 einem Ensemble aus Manchester prächtig
1639 2708 2497 2768 gespielt. Mit furchtbarer Ironie kontrastiert
1643 2761 2497 2828 der außerordentlich begabte Dichter darin
1643 2809 2497 2867 die hoffnungslose Armut und den alles kau¬
1643 2854 2492 2918 fenden Reichtum Themse Babels. Er liebt
1646 2904 2496 2969 sein Volk und darum geißelt er es blutig.
1646 2955 2495 3011 Schon lange hat man nicht so rechte, er¬
1643 3004 2495 3073 schütternde und dabei von Humor sprühende
1646 3057 2488 3109 Szenen auf der hiesigen Bühne erlebt
1637 3109 2496 3171 Galsworthy hat sich in Deutschland bereits
1634 3150 2495 3204 vorteilhaft mit seinem gewaltigen Streik¬
1642 3199 2496 3275 drama „Strife" („Kampf"-Aufführung in
1639 3255 1984 3328 Köln) eingeführt.
1696 3288 2495 3365 Wie jetzt offiziell verlautet, findet im
1637 3343 2497 3411 kommenden Herbst eine deutsche
1631 3397 2499 3458 Opern-Saison am Covent Garden
1637 3448 2492 3515 Theatre (wohl als Entschädigung für den
1637 3499 2496 3560 gänzlichen Ausfall derschen Oper wäh¬
1637 3550 2488 3607 rend der Krönungs=Saison) statt, während
1639 3595 2495 3666 welcher der ganze „Ring=Zyklus zweimal
1631 3647 2095 3719 zur Darstellung kommt.
2102 3672 2462 3772 L. Leonhard.
