3344 4256
559 124 1431 187 Francisco, Stockholm, St. Petersburg, Torenta
737 179 1444 251 Modernste Zeitung
544 220 1309 322 Ausschnitt aueise und Sport
1023 294 1172 382 Wien
547 306 815 388 vom
1609 528 2838 622 Jugend, Frieden. Und draussen liefen die grellen Licht¬
319 544 1240 660 Theater zwischen Trümmern.
1600 594 2841 672 kegel über den Horizont und Patrouillen schritten mit aus¬
1606 666 2662 757 gepflanztem Bajonett durch gestorbene Strassen.
421 644 1545 740 Der Kaiser hat bestimmt, dass die militärischen Be¬
1717 720 2841 798 Der nächste Abend galt der Mannschaft. Zu diesem
305 731 1548 797 hörden der grösseren Etappenstationen Veranstaltungen zu¬
1606 757 2846 856 Zweck wurde Buchbinders alter Soldatenschwank „Die
311 789 1551 856 sten der Witwen- und Waisenfürsorge treffen sollen.
1609 844 2847 910 dritte Eskadron hervorgeholt. Drei Künstler, die vor fast
302 845 1552 905 Die Sammlung des Militärgouvernements in Belgrad dürfte
1596 894 2849 963 zwanzig Jahren bei der Erstaufführung im Raimundtheater
305 905 1560 962 wohl den grössten Gewinn erzielt haben, und die Art der
1609 955 2846 1028 diesem Stück zum Erfolg halfen, waren mit nach Belgrad
311 968 1559 1031 Veranstaltung hat den innigsten Dank der spendenden
1609 1010 2852 1094 gekommen, um ihre Rollen wieder zu spielen: Willi
308 1024 1559 1084 Offiziere und Mannschaften wachgerufen. Der Gouverneur
1614 1068 2841 1147 Thaller, Leopold Strassmeyer und Mizzi Ana¬
302 1081 1562 1142 hatte nämlich den glücklichen Einfall, die Sammeltage mit
1609 1145 2847 1211 tour. Aber niemals übten die Künstler mit dieser seichten
311 1134 1559 1211 einem künstlerischen Ereignis zu verbinden und liess an
1612 1185 2849 1260 Kasernenhofblüte eine so zündende Wirkung aus, wie an
308 1199 1556 1260 Wiener Bühnenkünstler die Einladung ergehen, auf den
1609 1251 2846 1318 diesem Abend. Jedes Wort, jede Geste fiel auf gesunde
311 1259 1551 1315 Trümmern der serbischen Hauptstadt eine Wiener Theater¬
1611 1303 2849 1394 Empfänglichkeit, die mit jubelnder Heiterkeit ihren Dank
308 1326 1563 1391 woche zu veranstalten. Wiener Literatur, Wiener Humor und
1606 1361 2857 1438 abstattete. Aber auch an der künstlerischen Mitarbeit
308 1376 1565 1438 Empfinden auf serbischem Boden, einige Schritte weit von
2038 1425 2846 1491 musste sich die Mannschaft beteiligen.
308 1435 1116 1505 dem Versammlungslokal der Ochrana,
2038 1483 2853 1549 Für die Kasernenhofszene wurden
308 1491 1120 1563 einige Minuten vom Konak entfernt,
2041 1535 2853 1612 einige Soldaten einfach auf die Bühne
311 1549 1073 1620 wahrlich ein historisches Denkmal!
2038 1596 2853 1667 kommandiert. Mit heiligem Ernst und
426 1611 1116 1691 Herzlicher Willkomm wurde den
2041 1658 2847 1735 ganz besonderer Strammheit exerzier¬
316 1669 1112 1750 Wiener Gästen. Heiteres Sommer¬
2036 1716 2853 1785 ten die Leute auf diesem ungewohnten
308 1727 1119 1810 wetter und eine reich besetzte Tafel,
2038 1782 2847 1859 Gelände zur Freude ihrer Kameraden.
311 1787 1116 1867 die nichts von irgendwelchen Ein¬
2151 1837 2852 1901 Diese Aufführung wurde am
313 1846 1120 1912 schränkungen wusste, grüssten die
2032 1892 2849 1964 nächsten Abend für Offiziere wieder¬
311 1903 1119 1969 Künstler als lang entbehrte Freunde.
2041 1955 2846 2013 holt. Zu dieser Vorstellung hatte auch
311 1962 1123 2033 Es blieb ihnen keine Zeit, sich von
2041 2008 2849 2080 die Zivilbevölkerung Zutritt. Am vier¬
311 2022 1116 2085 der anderthalbtägigen Reise auszu¬
2038 2069 2858 2138 ten Abend verabschiedeten sich die
306 2072 1116 2151 ruhen. Nachdem die Quartiere ange¬
2032 2126 2853 2203 Künstler mit einem bunten Einakter¬
308 2138 1116 2200 wiesen waren, musste mit den tech¬
2036 2187 2567 2259 und Vortragsprogramm.
316 2192 1103 2259 nischen und künstlerischen Vorberei¬
2151 2236 2857 2325 Am nächsten Morgen zeigten
316 2247 1116 2327 tungen für das Gastspiel begonne.
2038 2296 2846 2379 die Gastgeber den Gästen ihre giganti¬
313 2307 1123 2376 werden. Das serbische Nationaltheater
2035 2363 2861 2434 sche Arbeit und ihr sonderbares Werk
306 2376 1119 2439 ist zerschossen und ganz unbrauchbar
2038 2417 2858 2498 und führten sie auf den Kalimegdan,
316 2424 1116 2501 geworden. Ein ehemaliges Variété
2038 2495 2860 2545 von wo aus der Angriff und der Sturm
313 2484 1112 2553 wurde aber in leidlich gutem Zu¬
2038 2545 2855 2613 auf Belgrad deutlich erklärt werden
313 2534 1106 2618 stande vorgefunden. Die Schäden eini¬
2044 2596 2860 2666 kann. Die Schiffsbrücke, die noch
1334 2593 1831 2687 Anton Tiller (Volksbühne).
311 2611 1123 2677 ger Granaten waren provisorisch re¬
2047 2646 2855 2737 immer in Gebrauch ist, kann dort in
313 2673 1120 2731 pariert. Der elegante Zuschauerraum
1603 2725 2852 2783 ihrer ungeheuren Ausdehnung ganz gesehen werden. Dann
311 2709 1556 2781 fasst mehr als tausend Personen. Die im Verhältnis viel
1614 2769 2849 2844 wurden die zerstörten Festungswerke besichtigt. Nachher
308 2783 1551 2857 zu kleine Bühne entsprach weniger den gestellten Anfor¬
1612 2831 2852 2897 wurde eine Spazierfahrt nach Toptschider, der Sommer¬
311 2838 1559 2901 derungen. Auch die Schauspielergarderoben liessen viel zu
1606 2896 2858 2959 residenz König Peters unternommen und der Konak
319 2902 1552 2970 wünschen übrig. In einer kleinen, notdürftig erhaltenen
1609 2946 2857 3018 besucht. Das scheinbar unverletzte Gebäude birgt eine
313 2952 1548 3029 Kammer mussten sich acht Herren schminken und um¬
1612 3006 2852 3072 trostlose Trümmerstätte, die aber die geschmacklose,
316 3012 1559 3078 kleiden. Die Dekorationen wurden aus den noch ziemlich
1612 3062 2855 3135 billige Franzhaftigkeit des Schlosses deutlich erkennen
313 3075 1565 3139 unversehrten Beständen des Nationaltheaters requiriert, die
1609 3127 2858 3194 lässt. Man besah zum Schlusse noch den begonnenen
316 3135 1556 3207 Requisiten von allen Seiten mühsam zusammengetragen.
1609 3180 2861 3249 Kolossalbau des Parlaments, ein deutliches Kennzeichen
311 3185 1480 3256 Einige Möbelstücke stammten sogar aus dem Konak
1606 3241 2853 3309 des serbischen Grössenwahnes, und die schmählichen
429 3245 1562 3312 Alle Unbequemlichkeiten konnten aber den Künstlern
1609 3298 2857 3375 Grabstätten des Königs Alexander und der Königin Draga,
313 3307 1560 3369 die Laune nicht verderben. Als erste Vorstellung gingen
1604 3361 2853 3443 die jetzt auf Wunsch weiland Kaiser Franz Josefs instand
313 3369 1552 3433 unter Leitung des kgl. Hofschauspielers Anton Tille
1614 3425 1950 3504 gesetzt werden.
319 3428 1556 3498 (derzeit Mitglied der Wiener Volksbühne) Einakter von Arthur
1719 3461 2846 3542 Mit reichen Eindrücken nahmen die Künstler herz¬
316 3480 1565 3557 Schnitzler in Szene. Das Auditorium bestand diesmal bloss
1604 3527 2855 3600 lichen Abschied. Vor der Abfahrt drängte sich ein serbi¬
316 3540 1556 3617 aus Offizieren. Die weiche Anmut innigen Wiener Empfin¬
1612 3587 2855 3678 sches Weib an sie heran und stammelte mit ihren wenigen
316 3604 1563 3675 dens dürfte selten so feines Verständnis gefunden haben,
1612 3644 2855 3721 deutschen Brocken Dank. Sie war an einem Abend im
319 3656 1556 3719 wie diesmal. Die Episoden, die auf der Bühne vorüber¬
1612 3714 2855 3782 Theater und durfte nach dreijährigem Leid zum ersten
319 3719 1567 3793 huschten, haben sich im Zuschauerraum vertausendfacht.
2479 3766 2809 3857 Renato Mordo.
1609 3774 1892 3862 Male lachen.
317 3774 1567 3872 Träume und Erinnerungen lebten. Das Haus atmete Wien,
