3392 4256
284 206 800 300 4.9. Anatol
1387 212 1736 304 box 9/3
1092 220 1189 290 lu¬
856 346 1162 435 Thalia-Theater.
553 400 1517 475 Schnitte: „Anatol". Wie ist doch der Wind
488 448 1517 516 der Zeit in diese Menschen gefahren, daß es raschelt wie
499 497 1517 539 dürres Laub und ein blasser, welker Durt aufsteigt. Eine
496 534 1516 577 Welt der zärtlichen Abenteuer und der Bonmots wird
492 567 1520 609 gespenstisch wach und doch nicht lebendig. Wir haben
499 607 1517 645 nichts, nichts mehr damit gemein. Dieses Anatols ganzes
496 639 1517 681 Denken kreist monomanisch um einen Punkt: die Liebe.
492 674 1503 711 „Man's love is of man's life a thing apart; —
486 701 1512 744 t'is woman's whole existence" heißt es in Borons „Don
486 743 1520 789 Juan". Also wäre Anatol kein Mann, denn ihm ist die
496 779 1516 819 Liebe das ganze Leben. Wenn es die Liebe wäre. Aber
489 816 1517 859 er muß sie beschwatzen, muß sie bengalisch beleuchten, muß
496 851 1517 891 sich auf ein Gefühlströnchen setzen, um ihrer habhaft zu
489 886 1559 944 werden. Er ist sich nur des einen Triebs bewußt, und
489 916 1517 958 dieser Trieb verläuft in der Fläche kultivierter Sensa¬
496 956 1516 1001 tionen, er hat nur den einen Inhalt, und dieser Inhalt
492 991 1506 1034 ist die Leere. Man soll das heute nicht mehr wichti¬
489 1026 1520 1073 nehmen. Schließlich sind diese Einakterchen ja nichts als
484 1065 1506 1108 aufgetriebene Epigramme, deren Bestes noch ihr szenischen
496 1095 1506 1136 Witz. Man wirble sie herunter, lasse die Geistrakter
489 1130 1509 1175 steigen, den szenischen Effekt sprüben. Im Thalia=Theater
489 1171 1517 1206 wo, unter Herrn Halverns Leitung, vier von den
496 1202 1514 1245 sieben Szenen gespielt werden („Die Frage an das
489 1235 1517 1272 Schicksal“. „Episode". „Abschiedssouver“. „Anatols Hoch¬
486 1273 1516 1312 zeitsmorgen"), lastet alles noch ein wenig. Auch Herrn
486 1307 1509 1347 Buschhoffs Anatol ist zu schwerfällig, wenn auch mit
499 1340 1517 1383 liebenswürdig ruhigem Humor. Den Geistreichtum des
486 1375 1517 1420 Freundes Max gelassen hinzulegen, macht Herrn Halvern
489 1410 1520 1454 keine Mühe. Nett Frl. Dorrn, das Mädel aus der
489 1447 1516 1500 Vorstadt. Aber Frau Habel=Reimers treibt das
492 1482 1516 1528 Abschiedssouper in die gröbste Posse. Diese Annie
491 1517 1519 1557 kommt immerhin vom Ballett und nicht aus dem Grün¬
486 1554 1516 1594 krankeller. Und die ordinäre Schlußwendung fällt unter
496 1587 1516 1632 den Tisch, wenn vornherein alles ordinär ist. Frl.
496 1622 1514 1670 Sulzer macht oft hysterische Wut der Enttäuschten,
489 1658 1508 1729 nur ein gewisses erkuren war zu deutlich Theater
1344 1699 1506 1742 .
567 1726 1380 1844 ter Neueste Nach
877 1812 1085 1900 raan.
1148 1862 1380 1957 Mai 197
760 2067 1425 2182 Breslauer Theater
494 2137 1774 2233 a. Thalia-Theater. Anatol." Im Musintempel auf der
499 2203 1777 2274 Schwertstraße hat sich für einige Wochen Schnitzers verwöhnter
531 2262 1780 2313 iener Genießer Anatol, der empfindsam melancholische Lebe¬
520 2293 1785 2341 kann, der flatterhafte Illusionist, der sich schau in Schleier der
502 2336 1775 2383 Wahrheit zu heben, heimisch gemacht. Er kostet das Glück, das
513 2376 1771 2453 ihm das durch Schnitzler berühmt gewordene süße Wiener
497 2411 1777 2469 Mädel“ bietet, aus; er läßt sich zur „Frage an das Schicksal
502 2459 1775 2505 drängen, um sich schließlich der Antwort, die ihm über die Treue
499 2493 1772 2553 der Geliebten Gewißheit geben soll, zaghaft zu entziehen; er be¬
502 2536 1771 2590 schwört, noch in der Erinnerung beseligenden Genuß erneuern,
504 2583 1771 2626 die Schatten geliebter Frauen herauf, die für ihn nur
513 2619 1764 2666 Episoden“ in seinem Liebesleben sein konnten, wir sehen
502 2657 1775 2705 ihn beim Abschiedssouper mit einer netten Ballett¬
499 2701 1774 2749 ratte, deren „Zuvorkommenheit" ihn entrüstet, und erleben das
492 2741 1767 2781 etwas stürmische Ende des Junggesellen an „Anatols Hochzeits¬
499 2773 1764 2830 morgen. Drei der graziösen Dialoge aus Schnitzlers Einakter=
504 2823 1771 2867 Reihe, die bereits den Meister des Dramas ahnen läßt und von
492 2856 1767 2909 der Stimmungsatmosphäre und dem skeptisch-ironischen, spielend¬
502 2897 1764 2955 schwermütigen Geiste seiner Lebensanschauung erfüllt ist, fehlen,
502 2942 1775 2993 und man darf wohl die Frage aufwerfen, ob man nicht vor dem
499 2979 1774 3030 verhältnismäßig schwachen „Hochzeitsmorgen", der allerdings so
504 3019 1774 3078 etwas wie einen äußerlichen, bühnengemäßen Abschluß der Ein¬
502 3057 1771 3108 akter=Folge bildet, einem dieser ausgelassenen Einakter hätte den
502 3100 1771 3146 Vorzug geben sollen. Von den vier ausgewählten übte das
496 3138 1764 3189 öfter für sich allein aufgeführte „Abschiedssouper die weitaus
502 3178 1780 3232 stärkste Wirkung. Hier war Käte Habel=Reimers als nain¬
492 3221 1771 3275 lecke Ballettratte Annie aus der der vorwitzige Druckfehlerteufel
499 3262 1767 3307 eine Amme" gemacht hatte) von überwältigender Komik und
507 3301 1769 3353 lebensprühender Frische, die freilich nicht die des süßen Weiner
492 3336 1767 3392 Mädels war. Auch Willy Buschhoffs sonst ein charakterisierter
502 3380 1764 3435 Anatol, dessen empfindsame Schwermut doch zu stark die sinnliche
499 3419 1767 3471 Genußfreudigkeit des Wiener Lebejünglings überschattete, hatte
500 3458 1767 3521 kein Wiener Blut in den Adern. Josef Halpern aber, der
496 3501 1764 3546 den ironisch=kühlen Betrachter, den lächelnden und sanft an¬
499 3540 1764 3596 stachelnden Gegner sentimentalen Selbstbetruges mit gelassener
499 3581 1767 3632 Sicherheit aufs glücklichste verkörperte, und auch als Spielleiter
502 3619 1767 3675 für einen ansprechenden szenischen Rahmen gesorgt hatte, zeigte,
502 3666 1764 3712 wie man echtes Wienertum auch ohne besondere dialektliche
499 3702 1764 3753 Betonung lebendig machen kann. Von den Freundinnen
502 3742 1764 3796 Anatols hatte nach Käte Habel=Reimers die dankbarste Rolle Iie
502 3780 1760 3830 Sulzer, die als temperamentvolle Ilona den Hochzeitsmorgen
499 3820 1760 3871 Anatols sehr bewegt gestaltete, während Irma Dorrn als Cora
499 3866 1756 3917 und Maly Delschaft als Bianca in die flüchtigen Umrisse
504 3903 1769 3960 ihrer Rollen keinen kräftigeren Nachdruck zu legen vermochten.
489 3946 1675 4008 Die Zuschauer nahmen „Anatol“ mit freudiger Wärme auf.
2008 220 3151 320 Thaliatheater Neu einstudiert: „Anatol." Schnitzles
1911 280 3154 360 Anatol=Einakter mit ihrer Skepsis und konie, ihrem graziosen
1919 320 3148 408 Wienertum und ihrer leichtbeschwingten Erotik, gehören einer Zeit
1908 359 3156 453 an, die vergangen ist. So wenig wie das üppige Wien von dazu¬
1916 408 3162 486 mal, gibt es heutzutage noch Typen à la Anatol, und darum
1920 441 3157 529 muten uns diese bereits etwas verstaubt und anachronistisch
1927 492 3157 566 an. Im übrigen der Aufführung im Thaliatheater gerade
1917 531 3172 609 die Wiener Note und auch Herr Buschhoff, dessen Fähigkeiten
1927 564 3164 650 nicht unterschätzt seien, ist eigentlich kein Anatol. Den Ton des
1928 609 3167 685 blasierten Max traf Herr Halpern da schon besser und auch die
1928 644 3154 733 Fräuleins Dorrn und Delschaft waren als „süße Mädels
1930 704 2666 773 bemüht, dem Dichter ge icht zu werden.
2104 776 3130 837 Eulau, 4. Juli (Von der Schaubühne. — Ende
2026 814 2395 878 der Spielzeit.)
2426 834 3127 883 Den Schluß der diesjährigen Spielzeit
2035 857 2400 918 bildete ein Artur¬
2445 869 3129 932 Abender am 1. Juli in der Turn¬
2038 904 3124 953 halle stattfand. Es schiedelung wurde „Liebelei“ und
2026 939 3098 1001 desselben Verfassers übermütige Lustspiel „Abschiedssouper
2032 985 3124 1036 gegeben. Das Schauspiel kan Neigungen unserer Zuhörer¬
2042 1023 3121 1069 schaft nur zum Teil entgegen, zum hatte Film für eine
2027 1057 3121 1117 Verflachung des Inhalte Sorge et dem Wesen des
2029 1095 3124 1148 Werkes Gewalt antut; immerhin allen wir es aber der Spiel¬
2026 1127 3119 1186 leitung und dem Turnverein, daß uns mit dem ein¬
2032 1171 3025 1213 stigen Wortführer der Meter Schule bekannt gemacht.
2026 1208 3121 1265 lich, die Wienzelt, Wiener Schallmutter
2026 1248 3117 1300 manchen Schlager wir verpuffen, der sonst zündet. Die
2022 1293 3121 1334 neue Spielzeit gedenkt Herr Huttig, 1. Bonvivant und Lieb¬
2026 1324 3119 1382 haber vom Deutschen Landestheater in Prag, der neue Spiel¬
2032 1364 3122 1438 leiter, am 7. August mit dem „Gardeoffizier zu eröffnen.
2024 1399 2206 1473 Glück zu!
2791 1920 3237 2066 und Literatur.
2053 2007 2556 2077 hestä, niin,
2821 2045 3195 2124 art, 9. August
2838 2104 3235 2175 ka hatte Fra¬
2155 2099 2784 2187 Anatol.) Aus der kleinen Roll¬
2056 2153 3231 2230 Lori ein zartes Kunstwerk geschaffen über ist derber,
2062 2206 3232 2301 wenn man will, naturalistischer, ne Ziskame. Allerdings
2066 2247 3231 2332 dürften internationale Zirkusdamen auch tationale Ma¬
2061 2311 3245 2386 pieren besitzen... Im übrigen war die Leistung kalentiert und
2072 2351 3240 2430 unfertig. — Fr. Dürr hingegen zeigte ich als selbstdenkende
2858 2400 3234 2470 Schauspielerin. Ihre
2062 2413 2819 2472 und schon ziemlich sicher gestaltende
2075 2445 3238 2529 Ilona stammte wirklich aus Transleithaften und nicht — wie
2078 2489 3234 2585 sonst der Brauch — aus Hernals. Das Tempo schleppte
2067 2544 3240 2633 manchmal. Was mir ausfiel, das war der Diener des Anatol,
2067 2607 3240 2687 ein Herr Marner. Aber nicht im Guten Ziel der Herr Marner
2072 2642 3235 2727 auf. Der Diener des Anatol ist ein Diener aus der alten Zeit,
2072 2695 3243 2776 der begrobst wird, der sogar eine Ohrfeige bekommt und nicht
2067 2744 3250 2816 mucksen darf; nur diskret lächeln kann er, höchstens innerlich
2077 2791 3250 2877 ironisch sein, meinetwegen im allergeheimsten ein Revolutionär,
2077 2850 3251 2925 ein Anarchist sein. Aber anmerken darf man ihm nichts. Nach
2073 2904 3240 2969 außer hin ist er devot, höflich abwehrend, diskret ignorie¬
2073 2940 3245 3009 rend. Was macht aber der Herr Marner? Mit den breit¬
2083 3003 3254 3065 beinigen Manieren eines Betriebsrates von heute tritt er in
2073 3052 3237 3121 diese Kavaliersbude, in diese großbürgerlich-schlampige Jung¬
2081 3090 3245 3167 gesellenwirtschaft von anno dazumal. Er ist schon obstinat, be¬
2077 3135 3250 3203 vor er angeflegelt wird, er protestiert schon gegen Ohrfeigen,
2083 3191 3253 3256 bevor er sie bekommt. Mürrisch setzt er den Teekessel auf den
2085 3231 3250 3317 Tisch, jede Miene drückt ein deutliches Mißfallen, einen Wider¬
2083 3299 3251 3361 willen gegen diese schlampige Anatol=Wirtschaft aus. Nein,
2081 3329 3254 3417 Herr Marner, das geht nicht! Einen solchen Diener hätte der
2078 3384 3246 3462 wirkliche Anatol am ersten Tage entlassen. So ein stummer
2089 3442 3253 3514 Sozialkritiker paßt vielleicht in eine Komödie von Steinheim,
2093 3495 3256 3557 paßt in eine sozialkritische Komödie, aber nicht zu Schnitzler,
2089 3540 3256 3605 der ja denn doch mit Vergnügen plätschert und im innersten
2086 3575 3253 3646 das Element bejaht, aus dem leise und lustig wie bunte Blasen
2093 3632 3259 3704 seine wehmütig leichten Werkchen steigen. — Es sind ja nur drei
2094 3670 3266 3750 Sätze, die der Herr Männer zu sprechen hat. Aber man kann
2091 3721 3246 3801 mit drei Sätzen — zwar keinen wuchtigen „Lear" oder „Mac¬
2093 3776 3264 3854 beth“ — wohl aber einer duftigen, luftigen Anatol-Skizze das
2093 3815 3264 3900 Lebenslichtlein ausblasen. Das letzte fehlt, das Tipferl auf
2091 3890 2424 3965 dem I: der Stil.
2185 3900 3259 3988 la
