3344 4256
298 175 718 268 4.9. Anat
791 176 964 244 1
1024 170 1227 246 yklus
1411 172 1766 260 box 9/1
1613 729 1983 819 vor
1280 776 2334 857 in Berlin, Budapest, Chicago, Christiania, Gent, Kopen¬
1274 847 2340 898 hagen, London, Madrid, Mailand, Minneapolis, New-York,
1325 890 2295 940 Paris, Rom, San Francisco, Stockholm, St. Petersburg.
1614 928 2003 991 den der
1284 976 1660 1060 Ausschnitt aus:
1666 999 2340 1156 burger Post
1421 1232 2035 1332 Straßburger Stadttheater.
1649 1310 1821 1384 Anatol.
1721 1356 2309 1435 K. S. Straßburg, 9. November.
1166 1406 2326 1492 Die Anatol-Einakter Arthur April dieses
1134 1457 2331 1532 Jahres zun ersten Male in einer literarischen Nachmittäg=Vorstellung
1118 1504 2331 1570 auf der Straßburger Bühne erschienen, haben nun auch den Abonnenten
1126 1559 2326 1606 ein paar zärtliche Stunden gebracht. Der Verfasser bietet darin, wie
1128 1595 2329 1643 man sich erinnert, allerlei kleine Genreszenen aus dem Leben eines
1123 1629 2336 1682 Wiener Junggesellen. Nach seiner Ansicht haben diese Einspänner an der
1132 1665 2329 1734 schönen blauen Donau das goldenste Herz, das man sich denken kann.
1120 1714 2329 1769 Immer und ewig sind sie verliebt: bald in eine Dame von Stand,
1126 1748 2323 1799 bald in ein armes Vorstadtmädel; ihre Liebe flattert mulig hinter die
1128 1786 2394 1838 Kulissen der Theater zu den zärtlichsten Tänzerinnen oder sie setz sich
1125 1829 2326 1890 zu einer Zirkusreitern aufs Roß und galoppiert mit ihr durch die
1131 1866 2325 1922 fackelbeleuchtete Manège. Groß, leidenschaftlich, pathetisch oder gar
1137 1906 2317 1959 ragisch ist diese Liebe niemals. In der Sonne entstanden, geht sie
1126 1942 2333 1989 mit der Sonne meist zur Ruhe; manchmal dauert sie nur ein paar
1126 1984 2323 2035 Stunden, manchmal einen Tag oder zwei, oder sie schlingt ihre Rosen¬
1126 2016 2323 2079 gewinde durch einen halben lustigen Winter von einer Redoute
1126 2065 2320 2117 zur andern. Das Frivole an ihr wird gemildert und verklärt
1128 2101 2320 2150 durch eine behutsame Zärtlichkeit, in der meist etwas Wehmutvolles
1118 2136 2323 2200 und Entsagendes mitschwingt, weil alle diese Leuthen nach
1126 2172 2323 2236 der 2 des Anatol von vornherein wissen und es auch
1128 2213 2320 2270 ihren großen und kleinen Damen rechtzeitig beibringen, daß in ihrer
1128 2255 2322 2307 Liebe die Keime des Welkens und Sterbens ein für allemal schlummern.
1128 2293 2317 2353 Die gestern gespielten Szenen — denn um mehr als geistreich dialogi¬
1129 2333 2320 2392 sierte und scharf pointierte Szenen handelt es sich nicht — boten
1120 2377 2312 2432 Ernstes und Heiteres in den milden, abgetönten Farben der Schnitzler¬
1131 2410 2320 2466 schen Kunst. In der Frage an das Schicksal, die die Reihe er¬
1123 2455 2315 2504 öffnete, vertritt der Dichter den Standpunkt, daß es für das
1125 2487 2317 2558 Glück der Menschen oft besser ist, einer Wahrheit nicht
1128 2531 2318 2585 auf den Grund zu gehen und sich lieber mit einer
1134 2569 2322 2627 frommen Lüge zu belasten, als seine Illusionen vor der Zeit zu
1120 2611 2317 2668 zerstören; die Weihnachtseinkäufe erwecken in einer Dame der
1120 2652 2317 2700 Gesellschaft den leisen Wunsch, doch auch einmal so lieben zu dürfen
1118 2690 2323 2747 wie eines der kleinen, sich skrupellos dem geliebten Mann hingebenden
1118 2726 2309 2781 Mädels, zugleich als auch die bittere Erkenntnis, daß zu solcher Liebe
1120 2767 2311 2818 ihr der Mut fehlt; in der Episode muß Anatol erfahren, daß ein
1121 2804 2311 2865 Mann im Ueberschwange des Gefühls die Dame seines Herzens leicht
1120 2848 2309 2898 mit Eigenschaften schmückt, die diese gar nicht besitzt und die darum seiner
1117 2879 2306 2944 blühenden Liebe eigentlich nicht wert ist, und in Anatols Hoch¬
1114 2915 2309 2978 zeitsmorgen zeigt der Dichter an einer Groteske das Ende
1112 2963 2309 3024 einer solchen Vorstadtliebe mit dem zarten Hinweis da¬
1114 3004 2303 3056 rauf, daß eine Ehe eine derartige Liebele wohl unter¬
1120 3035 2309 3093 brechen kann, nicht aber gerade zerstören muß. Alles das bringt Schnitzler
1118 3076 2309 3141 fein und kultiviert mit einem sanften, überlegenen Humor, der jede
1123 3120 2311 3178 Schärfe mildert, und mit einem Takt, der ihm alles zu sagen erlaubt und im
1115 3156 2300 3218 entscheidenden Augenblick zu schweigen versteht. Die Aufführung ent¬
1114 3194 2303 3256 sprach im allgemeinen der vom April. Herr v. Prangen als Anatol
1107 3238 2296 3293 und Herr Ernst als sein skeptischer Freund Max hatten als Vertreter
1107 3278 2304 3341 der Wiener goldenen Jugend die erforderliche Haltung, wenn manches
1114 3311 2296 3374 auch noch frischer und rassiger hätte geboten werden können
1107 3356 2296 3404 In die Frauenrollen verschiedenen Schlags teilten sich die Damen
1106 3391 2300 3451 Gaab, Schoenemann-Heuberger, Meißner und Gast; auch
1110 3426 2303 3484 bei ihnen gelang das Meiste gut. Im Szenischen hatten wir von der
1114 3471 2301 3523 Spielleitung einige Besserungen erwartet. Konnte man das Straßenbild
1114 3508 2303 3563 in den Weihnachtseinkäufen nicht ein wenig mehr beleben? Das Heran¬
1107 3552 2296 3607 kommen des Wagens nach der Beendigung des Gesprächs hätte sich
1110 3586 2300 3648 doch wohl durch Räderrollen oder Schellengeläute bemerkbar machen
1107 3621 2296 3673 können. Auch ein paar tanzende Schneeflocken wären für die Weihnachts¬
1106 3660 2295 3741 stimmung von Vorteil gewesen. Hübsch war das letzte Junggesellen
1101 3704 1764 3782 Zimmer im Glanze der Morgensonne.
