3436 4256
965 143 1177 243 klu-
253 146 783 251 4.9. Anatol
805 734 1079 802 burg, Tinto.
764 783 1133 849 (Quellenangabe ohne Gewähr.
403 828 780 913 Ausschnitt aus:
527 897 773 979 30 12.190
406 949 560 1010 vom
833 1060 1106 1161 Theater.
948 1140 1391 1230 Leipzig, 30. Dezember.
871 1184 1062 1253 Anatol.
510 1242 1431 1324 Den laxen „Spielereien einer Kaiserin“ ließ das
486 1282 1429 1357 Leipziger Schauspielhaus gestern abend eine
482 1315 1431 1398 neue Reihe lose gefügter Bilder folgen, fünf Stücke
483 1340 1429 1435 aus dem Einakter=Zyklus „Anatol“, mit dem Arthur
491 1385 1429 1471 Schnitzler einst im jungen Wien seine glückhafte
485 1423 1431 1514 Reise in die Literatur antrat. Er hat uns
488 1457 1432 1542 seitdem mit weit besseren Dramen und Ein¬
486 1504 1423 1586 akter verwöhnt, so daß die Frage unbeantwortet
469 1528 1426 1621 bleibt, weshalb das Schauspielhaus diese Wieder¬
475 1570 1420 1657 erweckung vornahm. Vielleicht um seine bunten
475 1608 1423 1701 Inszenierungskünste zu zeigen. Das dürfte der
472 1649 1418 1737 einzige plausible Grund sein. Ganz stichhaltig ist er
472 1688 1420 1766 nicht, wenn man die vier endlosen, unsäglich er¬
472 1721 1415 1807 müdenden Zwischenpausen in Betracht zieht, die wohl
464 1759 1396 1859 denen es nun
499 1859 1431 1931 für den Theaterbesucher dennoch eine abschreckende
493 1917 1431 1963 Qual sind. Sie zerreißen ja auch die paar letzten
496 1956 1435 2006 Fäden zwischen den einzelnen episodischen Akten noch
500 2002 1428 2044 ganz und gar, und wenn man zuletzt die Summe zieht,
496 2033 1431 2074 bleibt ein großes Gefühl enttäuschender Leere trotz acht¬
496 2061 1437 2115 samer Regie und fleißigen Spiels. Den Hypnoseakt mit
502 2105 1437 2152 der unterlassenen Frage an das Schicksal möchte man
499 2138 1428 2192 sich als ein document humaine von vorgestern noch
496 2185 1435 2229 gefallen lassen; das ironische Gespräch Anatols mit
499 2217 1431 2259 der mondänen Dame um die Stunde der Weihnachts¬
496 2251 1435 2300 einkäufe fesselt mehr durch den stimmungsvollen
502 2289 1428 2339 szenischen Rahmen als durch die operettenhafte Sen¬
496 2330 1424 2372 timentalität der Gespräche. Nur eines fühlt man
489 2359 1428 2406 deutlich heraus: das ist die Welt, aus der die Zwölf
489 2400 1434 2447 aus Steiermark und manches Jüngst=Wienerwerk
493 2444 1417 2488 entsprossen; die mit Recht vor dem „Abschiedssouper
499 2477 1431 2530 gespielte „Episode“ ist das wertvollste Stück des
489 2515 1431 2562 Abends, eine galante, elegante, sentimentale Novelle
488 2543 1429 2603 von feinsten Nuancen. Hier war auch Herr Wildenhain
496 2595 1429 2640 mit seiner subtilen Differenzierungskunst weitaus am
493 2623 1434 2675 besten. Man hatte wirklich das Gefühl, daß sich hier die
493 2662 1428 2714 Liebesempfindungen eines empfindsamen galant homme
496 2705 1431 2750 ganz in Stimmungen auflösen. Um seiner derberen Töne
489 2741 1431 2785 willen mag das „Abschiedssouper gelten. Damals
489 2774 1429 2824 mag man es angestaunt, bejubelt haben, heute sind
489 2814 1429 2863 uns Ton und Inhalt — leider — altvertraut. Von
483 2854 1434 2899 abstoßenden Wirkungen ist es, zu sehen, wie sich der
486 2894 1431 2943 empfindsame Vielliebhaber Anatol schließlich im
491 2943 1437 2985 „Hochzeitsmorgen" zum gedankenlosen Wollüstling
483 2968 1431 3017 entwickelt. Es mag Leute von gewissem Geist geben,
486 3001 1428 3048 die hier Offenbarungen finden, ein Mensch von nur
486 3036 1428 3092 einigermaßen anständigen Gesinnungen aber ver¬
486 3078 1434 3123 zichtet. — So gab es gestern zwei, zum mindesten
489 3112 1432 3163 einen Akt zuviel. Die Darsteller und Regisseure
489 3150 1431 3197 hätten zwei entsetzliche Pausen vermeiden und dem¬
483 3189 1431 3236 nach lautestes Lob ernten können. Herr Bornstedt
477 3232 1428 3271 und Herr von Lossow hatten Garonlogis, winter¬
486 3268 1428 3312 liche Straße und Sacherkabinett mit Geschmack aus¬
483 3307 1428 3349 gestattet, Herr Wildenhain spielte seinen Anatol
478 3348 1424 3401 in konsequenter Auffassung durch alle fünf Episoden,
486 3381 1434 3420 wacker unterstützt durch Herrn Leibelk, und die
485 3414 1428 3464 Damen Förster und Christophersen zeigten mit
480 3451 1431 3505 Grazie das zwei- und dreifache Gesicht liebender und
474 3498 1434 3542 geliebter Damen und Dächen. An Beifall mangelte
460 3528 640 3585 es nicht.
1299 3542 1379 3603 p. 8.
1374 135 1735 221 box 8/6
2083 838 2587 985 OBSERV
1875 966 2916 1051 1. österr. beh. konz. Unternehmen für Zeitung
2074 1028 2720 1097 Ausschnitte und Bibliographie.
2050 1084 2770 1156 Wien, I., Concordiaplatz 4.
2262 1147 2548 1210 Vertretungen
1868 1188 2929 1275 Berlin, Brüssel, Budapest, Chicago, Cleveland, Christiana,
1872 1244 2929 1294 Genf, Kopenhagen, London, Madrid, Mailand, Minneapel,
1872 1283 2929 1346 New-York, Paris, Rom, San Francisco, Stockholm, St. Peters¬
2262 1319 2532 1374 burg, Toronto.
2215 1359 2584 1426 la
1868 1402 2253 1500 Ausschnitt aus:
1873 1476 2879 1633 der neueste Nachsche
1922 1664 3064 1752 Anatol von Arthur Schnitzer (Zum ersten Male im
1839 1726 3057 1795 Leipziger Schauspielhaus, am Freitag, den 29. Dezember).
1848 1784 3059 1837 — Der gute alte Anatol, an dessen Wienerischer Lebemanns=Eleganz
1842 1820 3054 1865 und koketten Melancholie sich in den beiläufig 18 Jahren seit seiner
1848 1850 3056 1908 Geburt manch deutsches Theaterpublikum sattsam erbaut hat, der alte
1839 1889 3061 1945 brave gute Anatol mit dem Doppelgesicht, der gutmütig naiven Schwär¬
1839 1926 3070 1988 merseele und der schöngeistig-raffinierten Lebemannsphysiognomie, aus
1839 1967 3057 2022 deren Mischung jene spezielle Nuance des eleganten Wiener Jung¬
1846 2016 3062 2066 gesellentums in pikanten Parfüm hervorschlägt, auf deren Studium
1842 2047 3057 2096 der junge Arthur Schnitzler einst so viel sorglich gedrechselte Einakter
1831 2094 3054 2151 verwendet hat — kurz Anatol, der ewig verliebte, melancholisch ange¬
1835 2118 3067 2171 hauchte Schwerenter, den wir alle seit langen Jahren kennen — er
1842 2165 3057 2215 tas gestern so, als hätten wir uns im Leben und in Leipzig nie ge¬
1839 2199 3057 2248 sehen und verbeugte sich mit eleganter Geste in der Sophienstraße vor
1812 2239 3061 2283 aus: „Anatol!" Da man Leuten seines unterhaltsamen Schlages der¬
1817 2276 3059 2342 gleichen indes nicht übel nimmt, so gingen wir auf den Spaß ein und
1799 2325 3057 2381 taten so, als sähen wir ihn zum ersten Male, ließen uns seine ami¬
1840 2352 3057 2411 santen Philosophien über die Liebe, pardon: über das Liebeln, und
1826 2384 3059 2446 über die Frauen, pardon: die „Verhältnisse lächelnd servieren, verkosteten
1834 2432 3054 2490 mit Kennermiene die schöngeistigen Leckerbissen seiner ach so gepflegten
1828 2468 3061 2526 Redekunst und folgten ihm durch all die amüsanten Wirrnisse seines
1832 2513 3054 2559 genußreichen Junggesellenlebens bis an die Schwelle des rächenden
1826 2554 3057 2603 ehelichen Alters willig, als sei's das erste Mal ... Wirklich — ganz
1831 2585 3057 2639 so willig? Nun daß mir manches matter, gekünstelter erschien, als
1835 2629 3054 2672 einst vor Jahren, daß mich die oft bewunderte Technik nicht mehr so
1826 2664 3057 2716 blendete, wie früher, es ist schließlich natürlich. Der Eindruck blieb
1826 2701 3053 2756 doch: daß in diesem Einakterstrauß eine durchaus persönlich geartete,
1832 2736 3056 2792 feine, geistige Potenz ihr nächstliegende Lebenseindrücke in eine über¬
1826 2777 3053 2832 raschend sein geschliffene künstlerische Form gegossen hat, die den gan¬
1826 2819 3056 2868 ten kommenden Dramatiker Schnitzler in seinen Grundelementen ve¬
1820 2855 3054 2904 reits enthält. Ja, was er auch später an Größerem und Tieferem ge¬
1839 2888 3054 2940 schrieben hat — dieser Anatel bleibt doch eine seiner rundesten und
1829 2924 2374 2973 lebenskräftigsten Schöpfungen.
2469 2940 3053 2987 Das Schauspielhaus, das den
1823 2962 3053 3018 Anatol gestern gewissermaßen entdeckte, war so verliebt in die 5 (von
1818 2999 3054 3064 den 7 vorhandenen) Einakter wie wir anno dazumal, und gab sich
1823 3050 3054 3095 mit feurigem Regieeiser an eine stimmungsvolle Inszenierung hin.
1821 3090 3040 3144 Für lauschigelegante Junggesellengemächer, wie für ein „stilgetreues
1823 3128 3057 3172 chambre separée mit veritablem Sekt und Austern war in generöser
1824 3161 3056 3218 Einfühlung in die jeweilige Situation gesorgt. Besonders hübsch da¬
1823 3199 3057 3250 zwischen die Winterabend=Kleinstadtszenerie mit dem Schneegestöber in
1826 3239 3050 3291 Nr. 2 „Weihnachtseinkäufe. Leider stand in den sonst so wandelbaren
1823 3274 3050 3326 Herren Wildenhain und Leibelt nicht das rechte Schnitzlersche
1820 3316 3050 3373 Freundespaar, Anatol und Max, in diesem Milieu. Es fehlte beiden
1826 3352 3056 3412 jene weiche Wiener Eleganz, verbunden mit dem Zusatz von seiner
1823 3392 3061 3442 Geistigkeit, ohne die der feingeschliffene, glitzernde Dialog seine Leich¬
1815 3431 3054 3489 tigkeit und sein Parfüm einbüßt. Die Pointen kamen oft allzu eckig,
1821 3465 3047 3522 gründlich, gelegentlich gar drastisch — kurz also: zu norddeutsch —
1821 3505 3048 3561 heraus. Frl. Christophersen entschädigte dafür wenigstens in
1821 3547 3053 3605 dem Abschiedssouper durch ihr brillant (bis auf den Dialekt) hinge¬
1823 3585 3050 3636 worfenes Ballettmädel mit dem Sektschwips. Auch als schicke Mon¬
1815 3622 3054 3690 däne und als feurig liebende Ilona bot sie guten Umriß, der vor allem
1815 3658 2301 3734 dem Auge zu tun gab.
2579 3663 3010 3734 Dr. Ebert Delvy.
