3436 4320
1327 173 1678 266 box 8/7
219 174 1137 286 4.9. Anatol - Zyklus
675 1987 1718 2079 Bitte Rückseite beachten!
1292 2075 1692 2162 Telephon 12.801.
830 2230 1542 2364 „OBSERVER
672 2347 1729 2427 I. österr. behördl. konz. Unternehmen für
978 2398 1439 2463 Zeitungsausschnitte
693 2444 1725 2508 Wien, I., Konkordiaplatz 4.
1083 2499 1341 2561 Vertretungen
681 2534 1729 2598 in Berlin, Basel, Budapest, Chicago, Cleveland, Christiania,
689 2588 1732 2634 Gent, Kopenhagen, London, Madrid, Mailand, Minneapolis,
691 2627 1728 2690 New-York, Paris, Rom, San Francisco, Stockholm, St. Peters¬
1076 2667 1351 2724 burg, Toronto.
932 2711 1492 2791 (Quellenangabe ohne Gewähr).
686 2772 1049 2866 Ausschnitt aus:
696 2902 827 2952 vom
857 2879 1380 2984 20
1174 3017 1432 3116 „Anatol.
950 3102 1679 3190 Fünf Szenen von Arthur Schnitzler.
991 3168 1632 3247 Erstaufführungarische Theater¬
1384 3229 1853 3313 Budapest, 25. Februar.
833 3273 1876 3367 Man müßte eigentlich, ehe man über diese Auffüh¬
741 3345 1879 3414 tung berichtet, ein wenig bei dem seltsamen und recht
734 3403 1879 3459 bedauerlichen Umstand verweilen, daß der Dichter, dessen
744 3450 1882 3511 nie für das Theater bestimmtes Jugendwerk nun doch
744 3495 1895 3549 auf die Bretter gerät, in unserem Theaterleben niemals
742 3548 1878 3614 die seiner würdige Stellung zugeteilt erhielt. Niemals war
738 3594 1889 3652 er auf unseren Bühnen repräsentativ vertreten. Es bleibt
741 3643 1883 3708 unentschieden, ob die allzu wienerische Atmosphäre seiner
747 3689 1892 3747 früheren oder die allzu große Subtilität seiner späteren
741 3742 1876 3794 Werke die Schuld daran trug. Man spielte
738 3781 1876 3840 die „Liebelei", als er und die deutsche Bühne längst
738 3839 1873 3899 anderswo hielt und für diese leise Wiener Vorstadttragödie
735 3883 1878 3944 kaum mehr Resonanz da war. Man ergötzte sich auch an
735 3934 1849 3990 dem doppelbodigen Raffinement seines „Grünen Kakadus
738 3984 1873 4039 der wiederum ein wenig an der Peripherie seines Schaf¬
744 4027 1873 4090 fens steht. Doch dem wahren Schnitzler, dem Schnitzler
741 4076 1862 4138 des „Schleiers der Beatrice, der „Lebendigen Stunden
2384 260 2601 342 1
1929 351 3059 413 kreist, ist wohl auch der Grund davon, weshalb man so
1932 396 3063 470 lange klug zögerte, diese liebenswürdigen kleinen Szenen
1926 453 3066 514 aneinanderzureihen, gewissermaßen eine gegen, die andere
1928 511 3057 568 auszuspielen. Freilich, ehe man diesen leicht dekadenten,
1928 540 3065 624 leicht posierenden und in seinen ewig ungestillten Sehn¬
1935 591 3056 662 sucht dennoch ernst zu nehmenden, fast ergreifenden
1932 643 3060 705 Frauenhelden ganz auswendig kennt, wie es in diesem
1932 695 3060 750 Hintereinander bald der Fall ist, genießt man auch heute
1924 738 3056 804 noch die köstlichen, innigen Reize, die ihn umschweben.
1932 790 3053 849 Seine leichtsinnige Weisheit, die Eleganz seiner Seele,
1929 833 3057 898 seine weiche Empfindsamkeit, dann auch die unhörbar ge¬
1924 886 3056 948 dämpfte Tragik dieses in Suchen und Sehnen, verfehlten
1924 929 3059 981 Lebens, und men genießt auch die Stimmung dieser vor¬
1929 981 3059 1046 nehmen Lebensatmosphäre, die ihn umfängt, die Melodie
1916 1016 3056 1091 dieses Daseins, die wie ein sanftes, trauriges Geigenadagio
1926 1081 3059 1157 ist, in das von fern ein lustig=melancholisches Wiener
1924 1128 2440 1194 Walzerlied hineinklingt...
2013 1158 3059 1240 Doch ist es wahrscheinlich, daß solche Empfindungen
1924 1232 3053 1280 und Eindrücke nur diejenigen gewannen, die die Erinne¬
1924 1275 3063 1329 rung an die Lektüre des Buches begleitete. Die Bühne
1928 1312 3057 1388 muß derartige Dialoge, aus denen sich keinerlei Tun er¬
1926 1377 3070 1436 gibt, deren Bestes in Betonungen, Pausen, Andeutungen
1924 1411 3066 1479 liegt, notwendig vergröbern. Und die heutige Darstellung
1916 1466 3069 1512 brachte an Vergröberung und Verdeutlichung mehr als
1924 1516 3063 1571 das Notwendige, wiewohl die sorgfältige und liebevolle
1929 1561 3065 1619 Arbeit, die ihr ersichtlich vorausging, nicht unterschätzt
1924 1609 3056 1663 werden soll. Das erfreulichste Resultat dieser Arbeit bot
1924 1660 3063 1722 die Szenerie des zweiten Bildes, der „Weihnachtseinkäufe:
1926 1708 3063 1762 das Bild einer winkeligen Wiener Gasse bei abendlichem
1929 1758 3066 1814 Schneefall. In den Interieurs der anderen Bilder störte
1924 1800 3069 1863 die allzu große Sucht, modern und originell zu sein.
1926 1847 3066 1911 Noch mehr aber störten arge Besetzungsfehler. Herr Goth
1916 1896 3069 1952 ist gewiß ein ausgezeichneter, intelligenter und routinierter
1924 1951 3063 2007 Schauspieler, aber der Anatol liegt ihm fern. Just weil er
1926 2003 3063 2063 zu routiniert ist, weil seine Routine sich zu sehr an den
1921 2052 3059 2099 oberflächlichen, eleganten, hohlköpfigen Biveurs der
1929 2092 2987 2149 Pariser Posse glatt schliff. So wird auch sein Anatol
1921 2142 3056 2201 einem überlauten, überbeweglichen, platten Vergnügungs¬
1916 2188 3052 2242 menschen, während dieser doch ein nervöser, stiller, zu
1924 2240 3053 2299 grübelnder Reflexion neigender Herr ist, der sich selbst als
1914 2283 3070 2357 „leichtsinnigen Melancholiker bezeichnet, wobei der Ton auf
1924 2339 3056 2387 dem zweiten Worte ruht. Und wie könnte sich dieser ver¬
1929 2385 3060 2447 feinerte Lebenskünstler einen so banalen, peinlich unkulti¬
1924 2437 3056 2501 vierten Provinzler zum vertrauten Freunde wählen, wie
1916 2476 3066 2552 es der Max des Herrn Monar war, der sich fort¬
1919 2529 3056 2581 während, augenzwinkernd, über Anatol lustig zu machen
1924 2575 3059 2642 schien. Weit mehr waren — bis auf Frau Forrai — die
1921 2626 3053 2683 Damen am Platze. Sehr liebenswürdig und schlicht war
1911 2665 3056 2732 die kleine Reifenspringerin des Fräuleins Nagy und auch
1924 2719 3067 2784 Fräulein Bathory fand in den „Weihnachtseinkäufen" gut
1916 2780 3063 2839 den Ton ganz leiser, versteckter Trauer über versäumtes
1926 2827 3069 2876 Glück. Die effektvollste weibliche Rolle hatte in der letzten
1926 2872 3069 2939 Szene, der einzig dramatisch belebten, Frau G.=Kerteß
1924 2919 3070 2987 inne und ihr Temperament schoß und wirbelte da ganz
1929 2962 2223 3031 prächtig umher.
2013 3000 3066 3086 Das Publikum empfand die Sünden wider den Geist
1924 3056 3059 3125 Schnitzlers nur wenig. Und bekam es auch nicht den
1915 3118 3063 3183 Anatol des Dichters, so bekam es doch einige geistvolle,
1926 3162 3059 3221 flott gespielte Szenen, aus denen sich manch seines Wort
1916 3220 3063 3276 nach Hause tragen ließ. Es war verständlich und auch
1916 3277 3059 3338 verdient, daß der Abend zu einem lauten, vollen Erfolg
1916 3309 2053 3371 wurde.
2867 3311 3017 3380 20.
2295 3608 2692 3698 Telefon 143—02.
2162 3685 2820 3818 Rülön separé.
1948 3794 3017 3909 Dejeuner K 4. 10 Diner K 6.
