3436 4256
1350 211 1706 336 box 8/6
227 207 1172 346 4.9. Anatol - Zyklus
2311 319 3230 421 ständig zu beherrschen schienen und allzu sehr
1363 333 2285 428 auch die Liebe. Neue Stimmungen, neue Lie
1366 405 3233 474 be. So sind die wechselnden Liebesszenen gleich auf die Souffleuse angewiesen waren. Es ist
2308 474 3237 533 zu wünschen, daß solche Fehler bei den späte¬
1363 468 2282 537 wechselnden Stimmungen des Dichters zu ver
2315 517 3237 583 ren Vorstellungen nicht wiederkehren. Die
1373 530 2288 589 stehen. Wie der Dichter in der Stimmung die
2305 563 3240 626 Regieführung war gut, in der 2. Szene, einer
1366 583 2278 655 Liebe empfindet, wird in den Worten Max
1366 622 3240 705 zu Anatol treffend geschildert: „Ein wahrer Wiener Straßenszene, wurde das Straßenbild
2311 678 3233 744 durch die verschiedensten Passanten, Radfah¬
1370 695 2288 754 Zauberborn, Deine Stimmung; alle, die Dr
2315 731 3237 800 rer und zum Schlusse sogar ein Automobil
1363 747 2282 803 liebst, tauchen darin unter und bringen Di¬
1363 780 3237 866 nun einen sonderbaren Duft von Abenteuern wirksam belebt. — Das Publikum fand an
1363 843 3237 925 und Seltsamkeit mit, an dem Du Dich be¬ den reizenden Szenen und geistreichen Wort¬
2315 892 3237 958 Gefallen und schien im Laufe des Abends auch
1363 909 2288 981 rauscheft.“ Die Liebe kann für den Dichter
2315 952 3237 1024 in „Stimmung“ zu kommen. Nach den ein¬
1366 958 2285 1027 nur solange dauern wie die Stimmung, die
2318 1001 3237 1073 zelnen Aktschlüssen brachte das Publikum seine
1373 1024 2292 1080 Illusion anhält. Darum stellt auch Anato
2318 1057 3243 1133 animierte Stimmung in lebhaftem Applaus
1373 1077 2292 1142 nicht „die Frage an das Schicksal", obwohl sie
2321 1113 3230 1202 zum Ausdruck. — Der Direktion ist jeden
1370 1126 2292 1189 ihm freisteht, um nicht die Illusion, die Stim¬
2328 1162 3246 1254 falls für den literarischen Genuß, welcher
1363 1179 2288 1238 mung und damit die Liebe zu zerstören. Aber
1360 1218 3240 1297 die Stimmungsliebe ist nur eine dichterische durch die gestrige Vorstellung geboten wurde,
2311 1274 3240 1340 zu danken und wir würden es aufs wärmste
1370 1294 2288 1347 Illusion. Und Anatol muß die Enttäuschung
2315 1330 3240 1393 begrüßen, wenn die Direktion öfters literari¬
1373 1347 2292 1416 erfahren, daß ihn die Heldin einer solchen
2321 1383 3250 1482 sche Abende dieser Art in sorgfältiger Vorbe¬
1376 1396 2278 1468 stimmungsvollen Liebes-Episode", die ihr
3013 1439 3197 1524 Dr. St.
1373 1439 2805 1515 unvergeßlich scheint, später kaum wieder er¬ reitung bringen würde.
1370 1508 2288 1561 kennt. Unter den Szenen des Stückes, vor
2397 1485 3250 1580 — Aussiger Stadttheater. (Mitteil¬
1370 1557 2288 1626 denen jede mit einer wirksamen Poin¬
2308 1564 3217 1630 ung aus der Theaterkanzlei.)
1376 1617 3243 1682 schließt, ist die letzte, „Am Hochzeitsmorgen", Wie bereits gemeldet, findet heute die erste
1370 1666 2288 1735 sam wirkungsvollsten. Anatol, der nach den
2315 1669 3250 1748 Aufführung der reizenden Operetten-Novität
1376 1722 3243 1778 Polterabende in der Nacht allein auf der Stra¬ „Vielliebchen“ von Ludwig Engländer,
1376 1778 2288 1847 se steht, wird noch einmal von der „Stim
2311 1781 3240 1841 außer Abonnement, statt. — Als erste Nach¬
1370 1834 2288 1903 mung erfaßt, von seinem tollen, süßen Jung
2318 1831 3243 1903 mittagsvorstellung in dieser Saison geht
863 1827 1208 1933 Telephon 12.50
1370 1887 2288 1952 gesellenleben Abschied zu nehmen. Er genieß
2315 1880 3250 1956 Sonntag nachmittags 4 Uhr die mit großem
1373 1943 2292 2002 die letzte Nacht, da er nachhause kommen kann
2311 1943 3246 2018 Beifalle aufgenommene Planquett'sche Ope¬
1373 1992 2249 2055 ohne gefragt zu werden: „Wo warst Du?
306 1913 787 2084 OBSER
2311 1992 3233 2058 rette „Die Glocken von Corneville
1370 2048 2288 2117 Die letzte Nacht der Freiheit und des Aben
2311 2045 3246 2107 in Szene. Eine große Anzahl in Aussig an¬
151 2045 1205 2143 1. österr. beh. konz. Unternehmen für Zeitung
1366 2097 3246 2176 teuerns. Die Situationen, die sich ergeben, wesender ehemaliger Absolventen der hiesigen
356 2117 1001 2190 Ausschnitte und Bibliographie.
1370 2160 2288 2222 als Max am Morgen seinen Freund zur Hoch
2321 2163 3246 2222 Handelsakademie, welche vor Jahren diese An¬
319 2150 1057 2249 Wien, I., Concordiaplatz 4.
1376 2213 2298 2282 zeit abholt, sind von äußerst tragikomischer
2328 2216 3250 2285 stalt besuchten, werden der Vorstellung bei¬
547 2229 830 2301 Vertretungen
1370 2265 2288 2331 Wirkung. — Die Aufführung des Stückes wa
2318 2262 3243 2334 wohnen. — Abends 8 Uhr gelangt die Ope¬
155 2249 1212 2341 la Berlin, Brüssel, Budapest, Chicago, Cleveland, Christiania,
151 2331 1205 2380 Genf, Kopenhagen, London, Madrid, Mailand, Minneapolis
1370 2321 3246 2380 verhältnismäßig gut. Die Erfahrungen, die retten=Neuheit „Vielliebchen“ zur Wie¬
148 2374 1215 2450 New-York, Paris, Rom, San Francisco, Stockholm, St. Peters¬
1370 2377 3246 2440 wir beim ersten Lustspielabende gemacht ha¬ derholung. — Montag, den 9. d. gelangt als
547 2407 817 2459 burg, Toronto.
1370 2430 2292 2496 ben, trafen auch diesmal zu: Die Damen
2318 2427 3253 2492 8. Abonnements=Vorstellung (A rot) Beetho¬
975 2443 1238 2562 nig /
1376 2486 3243 2548 rollen wurden gut gegeben, wogegen die männ¬ vens herrliche Oper „Fidelio" zur Auf¬
629 2446 1077 2568 der Tagblatt, Re¬
145 2483 537 2588 Ausschnitt aus:
1376 2539 2295 2594 lichen Darsteller auch diesmal einiges zu wün¬
2325 2535 3246 2634 führung, deren erste Darstellung einen bedeu¬
349 2558 550 2644 11. 1911
1383 2591 2288 2647 schen übrig ließen. Frau Else Ferdinand
2318 2591 2789 2677 tenden Erfolg erzielte.
1370 2637 2295 2713 Vielitz (Gabriele) stellte die kokette verhei¬
2407 2621 3243 2713 Ein Teil des geehrten Publikums läßt sich
1376 2703 3250 2762 ratete Frau, „die wohl lieben kann, aber nicht auch in dieser Spielzeit durch falsche Gerüchte,
1370 2749 2292 2818 den Mut dazu hat", in ausdrucksvoller, vor
2318 2759 3250 2822 daß das Theater ausverkauft sei, vom Besuche
458 2710 1337 2874 Theater und Kunst.
1376 2805 2288 2874 nehmer Weise dar. Frl. Lili v. Asten (An
2318 2812 3240 2871 desselben abhalten. Es sind meist noch eine
599 2828 3246 2924 Aussiger Stadttheater. „Anatol, nie) erfreute auch diesmal durch ihr natürli¬ Anzahl guter Plätze zu haben und wird das
435 2901 2292 2976 ein Spiel in 5 Szenen von Arthur Schnitzler, ches und flottes Spiel als Damevom Ballet
2325 2911 3237 2986 p. t. Publikum höflichst ersucht, sich jeweilig
524 2953 2292 3052 kannte Schnitzlerische das Auch die anderen Damen, Gwenny Kare
2328 2970 3233 3059 immer an der Kasse (Telefon 50) diesbezüg
441 3009 1350 3082 gestern als Premiere im Stadttheater zu
1389 3026 2710 3088 (Bianca), Lili Deeren (Ilona) und Lia lich zu erkundigen.
441 3062 1353 3151 Aufführung gelangte, hat auch hier sein
1383 3078 2301 3134 Landt (Cora) boten in ihren Liebesszenen
2413 3059 3243 3138 — Repertoir des Aussiger Stadttheaters.
431 3111 2305 3190 Wirkung nicht verfehlt. Einige lose an ein mit Anatol zufriedenstellende Leistungen. Die
2413 3131 3243 3223 Samstag, 7. Oktober: „Viellieb¬
444 3167 1360 3240 ander gereihte Liebesszenen sind es, die der
1386 3177 2456 3246 Hauptrolle Anatol wurde von Herrn Dr.schen.
438 3217 1353 3306 Dichter an uns vorbeiziehen läßt, so natürli¬
1380 3240 2301 3299 Franz Ferdinand gegeben. Dieser war
2417 3210 3243 3299 Sonntag, 8. Oktober nachmittags 4 Uhr
438 3276 1360 3348 und im leichten Plaudertone wiedergegeben
1389 3292 3246 3385 seiner Rolle nicht vollständig gewachsen. Er „Die Glocken von Corneville",
435 3329 1357 3414 daß man den Eindruck gewinnt, als ob der
1380 3345 2917 3434 verstand es nicht, jene Ueberlegenheit zum abends: „Vielliebchen“.
441 3388 1353 3457 Dichter selbsterlebtes schildern würde. In der
1383 3391 2301 3460 Ausdrucke zu bringen, die Anatol als Künstler
2410 3368 3138 3470 Montag, 9. Oktober: „Fidelio".
438 3451 2311 3523 zwischen den Liebesszenen eingestreuten geist von der übrigen Umgebung abhebt und ihn
2417 3434 3246 3536 Dienstag, 10. Oktober: „Die Jung¬
431 3497 2305 3566 reichen Dialogen zwischen Anatol und Max als Herrn der Situation, als König seiner
2331 3493 2841 3599 frau von Orleans.
448 3543 1360 3625 sucht der Dichter das Geheimnis der Liebe zu
1383 3559 2305 3625 Stimmungs=Zaubermärchen erscheinen läßt
2417 3533 3246 3645 Mittwoch, 11. Oktober: „Die Huge¬
441 3605 1357 3684 ergründen. Für ihn löst sich das Räte de
1386 3605 2539 3678 Uebrigens ließ auch sein Spiel den für diese notten.
438 3645 1357 3724 Frau — in der Stimmung. Stimmung
1386 3668 2311 3730 Rolle notwendigen Wiener Chic vermissen.
2407 3642 2934 3744 Anfang ½8 Uhr abends.
431 3721 1353 3796 braucht der Dichter, und Liebe zu empfinden
1380 3724 2315 3786 Im übrigen gab sich jedoch Herr Dr. Ferdi¬
2423 3694 3260 3816 Donnerstag, 12. Oktober: „Die Liebe
431 3770 1333 3832 Das Halbdunkel — die grünrote Ampel¬
1383 3776 2499 3842 nand mit der für ihn als Norddeutschen schwie¬ wacht.
438 3829 2311 3892 dazu leises Klavierspiel, solche Stimmungs¬ rigen Rolle die denkbar beste Mühe und er¬
2423 3783 3260 3931 Freitag, 13. Oktober: „Viellieb¬
438 3882 2463 3944 momente zaubern dem Dichter die Illusion zielte auch stellenweise schöne Wirkungen. Herrschen.
435 3935 1360 4004 rebe vor anderer sich berauscht und
2420 3895 3181 4004 Samstag, 14. Oktober: „Meyers"
1393 3944 2315 3997 Dr. Adolf Schippel bot in der Rolle als
2420 3971 3256 4050 Sonntag, 15. Oktober nachm. „Viel¬
444 3987 1366 4056 solange die Stimmung dauert
1389 3987 2311 4063 Mar auch diesmal eine ziemlich gute Leist¬
2874 4030 3256 4132 „Der Rastel¬
2660 4046 2832 4129 abends
2331 4030 2614 4122 liebchen“;
431 4040 1366 4109 beschehen die Liebe ewig aber
1396 4056 2305 4112 ung. Störend wirkte es, daß dieser wie aus
438 4096 1478 4175 sobald die Stimmung verflogen ist, schwindet Her
1518 4099 2571 4181 Dr. Ferdinand ihre Rollen nicht voll-binder.
