3392 4224
1416 154 1770 255 box 8/5
293 166 804 257 4.9. Anatol
686 158 1219 269 Zyklus
1207 636 1524 718 Telephon 12.801.
1205 716 1331 794 44
463 712 1155 814 dent, Kopenhagen
469 780 1430 852 New-York, Paris, Rom, San Francisco, Stockholm,
866 834 1141 886 burg, Toronto.
796 860 1217 942 lange des damit
457 920 1379 1047 Ausschnitt aus Theater-Courier, Berlin
463 1045 599 1149 un
718 1039 1205 1161 26
624 1159 1223 1263 „Anatol." (Erstaufführung.
409 1211 1520 1287 Lessingtheater. — Es war entschieden eine glückliche
327 1259 1512 1335 Idee des Direktors Dr. Brahm, den literarischen Feinschmeckern
329 1323 1514 1379 als Weihnachtsgabe den ganzen Anatol=Zyklus darzubieten,
329 1357 1502 1410 nachdem der eine Einakter hieraus, „Ein Abschieds
345 1406 1518 1456 souper, bereits in zahlreichen Aufführungen (mit und ohne
333 1448 1514 1496 berühmte Gäste als „Anni", die größte Anerkennung für
345 1488 1518 1544 Schnitzlerische dramatische Schnitzereien gefunden hatte. Diese
341 1530 1518 1582 fünf keinen dramatischen Scherzi d'amore mit ihren gleichen
329 1576 1520 1630 und doch so verschiedenen Gedanken und Empfindungen, alle auf
333 1618 1520 1668 eine Tonart gestimmt und doch so mannigfältig moduliert, alle
333 1658 1518 1714 mit einem leichten Seitensprung ins Erotische und doch ohne
333 1698 1518 1746 jede Zote, werden jedem Aestheten in der Ars amandi einen
333 1736 1514 1790 pikanten Genuß bereiten. Und so trifft es auch zu, daß all¬
329 1786 1520 1831 abendlich das Lessingtheater von einer frohgesinnten Menge
333 1827 1516 1873 von Menschen besucht wird, die den guten Anatol auf seinen
333 1863 1518 1921 5 verschiedenen Liebes=Irrwegen mit innerlicher Schadenfreude
335 1909 1518 1957 (und das ist ja bekanntlich die reinste aller Freuden) und heim¬
335 1953 1516 1999 lichem Schmunzeln (welches etwa besagt: Mir könnte das so
335 1993 1518 2039 leicht nicht passieren!) bis zum Abschluß, d. h. hier: bis zum
329 2033 1500 2081 Standesamt begleiten. Mit allzu großem „Geistreichsein
335 2079 1518 2127 prahlt hier Schnitzler in seiner dramatischen Jugendarbeit
333 2119 1514 2165 keineswegs, aber amüsant ist er, von der ersten bis zur letzten
333 2157 1514 2214 Szene, und bei aller Pikanterie doch vornehm, von der ersten
323 2193 754 2258 bis zur — vorläufig!
824 2201 1518 2246 letzten Geliebten! Und das ist für
333 2242 1520 2288 einen unterhaltsamen Theaterabend vollauf genug. — Die Dar¬
339 2284 1520 2332 stellung des Lessingtheaters paßte sich den Intentionen des
335 2328 1516 2378 Dichters meist an mit leichten, hüpfenden Sprüngen, pittoresk¬
321 2368 1514 2418 graziös allerdings ohne manche notwendiger Capricen, wie ich
329 2408 1520 2456 sie als Widerspiel im Dialog gern bemerkt hätte. Dieses Manko
335 2442 1516 2496 an kapriziöser Eleganz machte sich am deutlichsten bei der
335 2490 1518 2542 Darstellerin der Annie im „Abschiedssouper" bemerkbar, die
329 2528 1506 2578 aus dem „lieben süßen Mädel“ mit dem Sektschwips ein wider¬
329 2572 1506 2621 haariges bezechtes Dämchen lich will mich nicht „zoologischer
327 2611 1518 2661 ausdrücken machte. Die übrigen Damen, Paula Menari als
327 2659 1520 2713 „Cora", Lina Lossen als „Gabriele“, Hilde Herterich als
333 2693 1514 2745 „Bianca, und ganz besonders die temperamentvolle
323 2739 1494 2793 Frau Irene Triesch in der Rolle der feurigen „Ilona
327 2783 1514 2833 verdienen uneingeschränkte Anerkennung. Anatol, der Mann
329 2827 1520 2871 mit dem Omnibus Herzen, war Heinz Monnard. Im
327 2863 1512 2919 Tonfall das Spezifisch=Wienerische. Energielosigkeit mit
323 2909 1508 2965 einem Schuß von Selbstironie, sehr gut treffend, wußte
321 2953 1502 3016 er sich gewandt und amüsant aus allen mehr oder weni¬
315 3016 1502 3096 weniger heiklen Situationen mit seinen Weibchen und Weibern
323 3068 1496 3144 herauszuschlängeln. Etwas störend wirkte dabei für mein per¬
329 3106 1502 3186 sönliches Empfinden!) seine ziemlich kompakte Figur, die noch
329 3156 1508 3222 besonders im Gegensatz zu der kleinen und zarten Gestalt des
333 3200 1504 3274 Herrn Bruno Ziener als Freund „Max" doppelt auffiel. Ge¬
329 3230 1506 3304 rade umgekehrt denke ich mir die Zwei. Anatol, der „reine
335 3276 1502 3346 Tor“ der Liebe, etwas aetherisch, schlank, mit einer Dragoner¬
327 3312 1510 3388 leutnantstaille. Max, der Philosoph, etwas spießig, rundlich
335 3368 1510 3437 mit dem phlegmatischen Lukullusbauch Da wäre die Wirkung
339 3400 1512 3471 noch schlagender gewesen. Aber alles kann ja nicht auf dieser
337 3439 1506 3533 Welt vollkommen sein! Und es war ja auch so sehr lustig
2522 1696 2821 1794 Telephon 12801.
2528 1798 2649 1865 44
1969 1839 2578 1947 „OBSERVER
1760 1929 2829 2017 1. österr. behördl. konz. Unternehmen für Zeitungs-Ausschnitte
1937 1983 2651 2069 Wien, I., Concordiaplatz 4.
2153 2029 2426 2105 Vertretungen
1756 2079 2819 2151 In Berlin, Basel, Budapest, Chicago, Cleveland, Christiania
1756 2131 2809 2187 Genf, Kopenhagen, London, Madrid, Mailand, Minneapolis
1756 2163 2813 2254 New-York, Paris, Rom, San Francisco, Stockholm, St. Peters
2147 2208 2432 2266 burg, Toronto.
2071 2230 2492 2316 (Quellenangabe ohne Gewähr
1750 2292 2107 2392 Ausschnitt aus:
1987 2374 2709 2536 Deutsche Rundschau, Berlin
1778 2412 1869 2488 am
1692 2520 2735 2625 es eben nun vom Taschen Ernte ruhig.
1786 2570 3268 2643 Hat hier das Gemütvolle des Inhaltes die Teilnahme des Publikums erweckt
1660 2609 3268 2697 und festgehalten, so ist es der Reiz des Prickelnden und Pikanten, der den fünf
1692 2687 3274 2745 einaktigen Skizzen von Arthur Schnitzler unter dem Gesamttitel „Anatol",
1692 2729 3268 2789 zum ersten Male am Sonnabend, den 3. Dezember 1910 aufgeführt, den
1692 2779 3266 2835 Erfolg verschafft hat. Anatol, ein reicher, junger Herr aus Wien, gebildet,
1704 2827 3272 2879 skeptisch und blasiert, wird uns in verschiedenen Lebenslagen vorgeführt: an seinem
1690 2873 3268 2923 Hochzeitsmorgen im Stelldichein mit seiner Geliebten, die er doch der Schicklichkeit
1690 2921 3262 2969 wegen verabschieden muß; beim Abschiedssouper mit einer Geliebten, die er ab¬
1696 2959 3262 3016 schieden will, die ihn aber schon fortgeschoben hat — bei aller scheinbaren Ver¬
1702 3010 3270 3066 schiedenheit im Grund immer derselbe Gegensatz von Mann und Weib, vermittelt
1690 3054 3262 3112 durch die Rolle des Freundes, der zwischen beiden ausgleicht oder die Moral der
1692 3106 3264 3160 Szene ausspricht. Anatol, Max und die Geliebte unter verschiedenen Namen sind
1684 3146 3266 3204 die stehenden Figuren der einzelnen Szenen. Die geistreichste ist „Die Frage an
1692 3200 3264 3256 das Schicksal" betitelt. Anatol vermag seine Cora in einen hypnotischen Zustand
1692 3248 3264 3302 zu versetzen, in dem sie auf alle seine Fragen die Wahrheit antworten muß: er
1692 3284 3266 3350 will sie nun einmal daraufhin prüfen, ob sie ihm treu ist. Als sie aber kommt
1692 3338 3268 3392 und die Gelegenheit sich bietet, traut er sich doch nicht, die Gewissensfrage zu
1696 3384 3272 3439 stellen. Max der Philosoph meint im Abgehen: „Eins ist mir klar, daß die
1698 3437 2398 3509 Weiber auch in der Hypnose lügen.
