3436 4224
1372 182 1728 268 box 8/5
261 192 737 272 4.9. Anato
621 191 1167 300 Zyklu-
814 1086 1512 1223 lentoret.
1260 1265 1491 1380 rar
668 1477 1735 1627 t und Wissen, der heutigen Ausgabe
1227 1564 1738 1610 des „Hann. Cour." ist
778 1607 1738 1651 Nummer unserer Beilage „Welt und Wissen beigegeben:
720 1623 1736 1679 Nummer enthält die folgenden Artikel: Hans Kaiser:
625 1670 1728 1719 Sharaku. — Ludwig Speidel: Frauenalter. — H. Hart¬
628 1707 1443 1761 leben: Wie die Vorzeit wieder lebendig wurde.
862 1798 1513 1897 Schnitzlers Anatol.
1061 1868 1298 1951 der
670 1927 970 1997 (Nachdruck verboten.)
1314 1917 1710 1993 Berlin, 5. Dezember.
710 1959 1743 2025 Direktor Brahm, dem Hirschfelds „Zweites Leben" durch¬
639 2019 1749 2070 gefallen ist, macht aus der Not eine holde Tugend und schafft
642 2061 1740 2114 sich einen „neuen alten Schnitzler an. Den wirklich neuen
642 2096 1749 2145 Schnitzler, den „Jungen Medardus aufzuführen, dazu ge¬
633 2134 1749 2190 bricht's ja doch wohl an Mut. Der neue „alte“ Schnitzler ist
633 2175 1739 2218 aber der „Anatol. Seit mehr als fünfzehn Jahren werden
633 2214 1746 2264 dann und wann einzelne Stückchen der Anatol=Einakter auf¬
642 2253 1743 2312 geführt; einmal, um eine lachfreudige Soubrette als Annie
621 2290 1747 2340 im Abschiedssouper in Parade vorzuführen, ein andermal,
636 2333 1739 2391 um einem zu kurz geratenen Materabend die nötige Länge
646 2367 1739 2417 inzuflicken. Die köstlichen Demoletts, in denen der Wiener
652 2403 1746 2463 Poet, alle Franzosen geschlagen hat, wirken natürlich auch
652 2444 1746 2500 jedes für sich; kein Herausreißen aus dem Zusammenhang,
649 2487 1749 2532 der da besteht und doch nicht besteht, kann den reizvollen
649 2528 1764 2571 Skizzen aus dem Leben eines Junggesellen, der den leicht¬
657 2561 1749 2609 innigen Melancholiker posiert und sein Leben mit dem „süßen
657 2599 1440 2646 Nadl" verbringt, den feinen Duft nehmen.
717 2619 1753 2682 Nun hat Brahm das gethan, was die Direktoren alle nicht
657 2676 1752 2730 u tun verstanden (er bis jetzt auch nicht), und führt alle fünf
663 2723 1756 2766 Einakter an einem Abend auf. Das gab zwei entzückende
660 2758 1760 2802 Stunden. In der Reihenfolge, in der die Stückchen gegeben
660 2795 1752 2845 erden, liegt eine ganz deutlich wahrnehmbare dramatische
660 2826 1752 2884 entwicklung, so daß sich die fünf Szenen zu einer runden
666 2871 1750 2919 unggesellen- und Grisettenkomödie schließen. Im ersten, der
675 2910 1749 2965 Frage an das Schicksal“, fürchtet sich Anatol, an die
673 2947 1750 3001 ypnotisierte Geliebte die Frage zu richten, ob sie ihm auch
670 2987 1747 3034 ten sei. Der Herzenverbraucher ist seines unbedingten Sie¬
678 3021 1749 3072 rtums doch nicht so gewiß, aber der süße Wahn, restlos ge¬
681 3062 1746 3116 ebt zu sein, ist ihm lieber als die gegenteilige Gewißheit
675 3102 1746 3147 uch der Uebergang vom Vorstadtmädl, dessen Seele und An¬
675 3142 1753 3198 ut ja Schnitzler für die Literatur entdeckt hat, zur Frau der
675 3178 1749 3231 esellschaft gelingt Anatol nicht; Gabriele, in dem Stim¬
678 3220 1756 3273 ungsbildchen „Weihnachtseinkäufe, bleibt unnah¬
678 3252 1756 3307 er und kühl, weil sie „nicht den Mut hat, und sie selbst
675 3303 1756 3355 eist ihn zu seinem Vorstadtglück, mit dessen verlockender
684 3336 1754 3383 childerung er sie ködern möchte. Wie er dann im „Ab¬
678 3371 1759 3430 hiedssouper der lustigen Choristin den Abschied geben
1768 1498 2874 1561 will und ihn selbst erhält, ist nicht so blamabel für seine lie¬
1774 1550 2878 1610 benswürdige Renommisterei als die tragikomische Erkenntnis,
2767 1590 2880 1637 so arg
1784 1592 2692 1642 von einem Zirkusfräulein — (in der „Episode")
1784 1634 2884 1697 vergessen worden zu sein, daß die Vielgeliebte ihn nach kurzer
1777 1672 2434 1721 Trennungszeit nicht wiedererkennt.
1857 1690 2880 1764 Zum Schluß präsentiert er sich als angehender Ehemann
1789 1743 2881 1799 („Anatols Hochzeitsmorgen"). Der konventionelle Aus¬
1774 1782 2881 1838 klang eines tändelnden Don Juantums. Die feurige Ilona,
1781 1820 2877 1876 mit der er die Nacht vor seinem Hochzeitstag verbracht hat,
1784 1878 2891 1917 ruft allerdings seiner Wohnung ein: Auf Wiedersehen! zu,
1781 1900 2881 1958 und die Perspektive auf Anatols Ehemannseskapaden ist
1787 1946 1983 2023 gestellt.
1857 1969 2887 2035 Hier liegt vielleicht für Schnitzler eine Lockung. Aber er
1789 2018 2889 2070 hat ihr bis jetzt widerstanden. Wohl Trivialitäten der Ehe¬
1787 2051 2882 2112 bruchsfarten fürchtend. Und er soll es auch bleiben lassen;
1787 2100 2887 2145 Anatol gibt Jugend in allen Reizen übertriebener Sentimen¬
1787 2131 2887 2186 talität, in allen Sprüngen unbekümmerter Leichtfertigkeit, in
1789 2169 2892 2227 allen Rücksichtslosigkeiten schrankenlosen Sichauslebens. Die
1787 2213 2901 2263 Aufführung des Lessingtheaters verhärtete die wienerische
1785 2248 2899 2309 Weichheit; Heinz Momard (Anatol) war ein wenig eckig und
1794 2287 2901 2346 säuerlich; Reicher (Max) unelegant behäbig. Aber die
1789 2334 2903 2389 Mädel sind entzückend. Vor allem Mathilde Sussin in den
1792 2361 2898 2417 Uebermütigkeiten der Abschiedssouper-Annie. Und diese
1798 2399 2896 2484 Jugendlich=Lustige hat bis jetzt nur kranke Tanten spielen
1787 2455 2011 2510 dürfen. . . .
