3436 4064
169 778 434 851 en, dem soge¬
161 830 422 897 sch), dem Ge¬
164 875 432 950 ckerscher Rich¬
164 937 444 1003 gung erhoben
163 987 433 1054 hat eine Ver¬
165 1037 432 1111 vereins christ¬
163 1093 433 1163 dig eine Ein¬
180 1145 432 1214 welchem ver¬
180 1199 438 1275 den Verhält¬
205 1258 434 1329 Löhne der
200 1307 429 1375 men. Be¬
220 1422 320 1524 ole.
209 1510 377 1582 heater.
213 1636 445 1704 eses Abends.
209 1691 438 1768 pen, wieviel
197 1760 437 1848 in die
189 1838 437 1904 rrscht einen
172 1887 434 1944 eiten fanden?
169 1936 441 1995 dem elenderen
169 1980 437 2043 rach, das fraß
241 2029 444 2099 Wer weiß.
165 2076 437 2149 worden. Im
185 2125 344 2191 Kinder.
203 2177 442 2243 Verlag des
362 2224 442 2281 Ein
157 2209 330 2299 raße 21.
185 2272 437 2353 er neunund¬
169 2460 445 2544 igen Gedenken
163 2528 434 2588 Zauderungen
163 2573 434 2642 Stöße; diese
157 2625 444 2689 is; dieses Zer¬
172 2673 444 2741 „übermorgen.
163 2722 445 2786 Lautlos öffnet
169 2765 448 2853 blickt hinein
500 769 1564 822 ner burgerichen Parteien hän kalainen oi-
502 822 1563 890 dingt dieses eine scharfe grundsätzliche Stellung gegen
505 882 1563 951 die Sozialdemokratie, welche von dem sogenannten
502 930 1556 997 alten Verbande die eifrigste Förderung erfährt. Häufig
505 991 1563 1039 bringt das Verbandsorgan Artikel zur Förderung der
509 1039 1563 1111 sozialdemokratischen Bestrebungen; in Ergänzung
502 1098 1560 1162 dieser Taktik werden die bürgerlichen Parteien her¬
505 1149 1563 1207 untergerissen und an ihnen kein gutes Haar gelassen,
512 1203 1566 1267 so daß bewußt und systematisch der Eindruck erzeugt
505 1259 1559 1325 wird, als sei die Sozialdemokratie die einzige und
500 1302 1558 1371 beste und uneigennützigste Vertreterin der Arbeiter¬
500 1408 1566 1459 mit melancholisch-witzigen, etwas müden, aber innigem
502 1455 1563 1510 Ausdruck." War es so, Herr Monnard? Es war
505 1510 1563 1558 vielleicht besser... Auffassung? Ich habe mehr als
502 1556 1567 1611 einmal folgendes wörtlich betont: „Verfehlt scheint
502 1602 1571 1659 mir, allzuviel von Auffassung einer Rolle zu sprechen.
502 1648 1567 1700 und in der Kritik ein Gequatsche zu machen über das
505 1698 1566 1758 System, das der Künstler nie gehabt hat. Wir
500 1750 1566 1799 wissen, daß der die Dinge meistens so bringt, wie
502 1799 1567 1848 er sie mit seiner Technik am besten hinlegen
505 1842 1566 1913 kann. Und ich wünsche nicht, nachträglich
505 1893 1566 1949 eine Theodize seiner Seifenblasen: sondern eine
502 1936 1567 2000 Feststellung dessen zu geben, was er hinlegte, heraus¬
502 1991 1556 2043 kriegte, machte"... Oder: „Völlig auf einem anderer
502 2037 1563 2099 Blatt steht die Frage nach jenem Erinnerungsbild,
502 2087 1563 2140 das er — wollend oder nicht — kraft seiner ein¬
512 2136 1563 2193 geborenen Beschaffenheiten, kraft seiner Instinkte zuletzt
505 2180 1566 2255 doch hinterließ. Was bei seiner Technik und bei seiner
505 2240 979 2299 Natur schließlich kam."
546 2261 1564 2337 Also was gab der Schauspieler Monnard? Es
505 2327 1567 2385 war ein Vorteil, daß bei Brahm die Lyrik nur leicht¬
505 2381 1566 2436 hin, und mehr durch die Frauen, dämmernd erhellt;
505 2426 1566 2481 daß Schalkheit, Skepsis, Drastisches funkelnder bestrahlt
505 2476 1563 2534 wurde. So war an dem Liebeskoster, dem Suchenden,
512 2524 1571 2589 dem Anatol, mit versunkener Ergötzlichkeit gezeigt,
509 2576 1568 2636 worin er auch eine Wurzen ist... Die Musik war
577 2618 1563 2678 nicht von Schumann, sondern ein Gemisch von
512 2668 1566 2737 Schumann und Offenbach... Eine Wurzen; eine
505 2717 1563 2770 ungezogene Wurzen; eine seelenschleckerische Wurzen in
502 2766 1568 2833 der Mitte. Nicht zu zart. (Schumanns Töne klangen
1634 754 2682 826 wird. Eine genaue Erschütterung des vorigen
1631 823 2682 886 Wirtschaftslebens kann unabsehbaren Schaden bringen
1640 877 2682 943 für die ganze Nation, ebenfalls ist es vom nationalen
1628 927 2682 993 und patriotischen Standpunkt aus sehr bedauernswert,
1631 989 2678 1045 wenn durch die Sozialdemokratie in immer steigendem
1631 1034 2678 1103 Maße Abneigung und Haß gegen das eigene Vater¬
1631 1091 2690 1153 land in dieses Riesenarbeiterheer hineingetragen
1628 1149 1784 1210 werden.
1675 1193 2681 1261 Für die Beurteilung der Tätigkeit des Gewerk¬
1631 1245 2685 1319 vereins christlicher Bergarbeiter ist die zweifellos von
1634 1307 2682 1372 den Mitgliedern gebilligte Haltung des Vorstandes zu
1624 1412 2684 1466 mehr nach Pantalon, nach Harlekin, nach Karneval.
1628 1451 2682 1506 Der Leser weiß Bescheid.) ... Mit glücklichem Lachen
1634 1500 2139 1571 denkt man dieses Abends.
2109 1563 2191 1654 III.
1666 1624 2690 1694 Und der Frauen. Die kleine Somary war eine
1636 1688 2684 1756 Cora.... Aber reizend. Dies Wort muß man hier
1640 1742 2682 1800 sagen: reizend. Mädel mit den zerstochenen Fingern?
1634 1792 2682 1844 Vielleicht Mädel mit den durchbrochenen Strümpfen.
1631 1839 2682 1899 Nein, beides; beides. Reizend. Die Kraft dieser
1624 1893 2685 1939 Künstlerin ist: den Mädelkopf nach vorn zu neigen.
1631 1937 2682 1987 Als ob man sie erwischt hätte. Geheime, stille Mädel¬
1634 1985 2677 2057 Magie: etwas Scham, etwas Knospe, etwas Aus¬
1624 2032 2464 2089 gefressenhaben. Reizend. Aber reizend.
1671 2067 2684 2148 Nach der mit den zerstochenen Fingern sich liebe
1636 2123 2685 2188 sie von allen, so hier Schnitzler kommen und gehn
1631 2177 2685 2239 läßt, am längsten und am lustigsten) — nachdem schritt
1631 2225 2685 2288 die Gabriele vorbei, die Dame; die mit den Paketchen;
1634 2276 2685 2331 die mit den Weihnachtseinkäufen; die verheiratete;
1634 2324 2688 2376 die den Mut nicht hat; die nach der Mädelwelt
1631 2372 2264 2438 aus der besseren Welt hinäugt.
1672 2418 2684 2477 Was war diese Lina Lossen hier erlesen. Erlesen.
1631 2458 2689 2526 Wie fern und wie ahnungsvoll bezaubernd. Wie
1636 2518 2688 2576 geschehen war dies alles. Es trug sich zu. Eine Ab¬
1640 2561 2685 2628 schattung, leis, eine dunkelnde Gestuftheit der Züge
1634 2610 2685 2677 manchmal; der Widerschein bloß des Widerscheins
1634 2661 2685 2716 einer Verfinsterung.... Kein „Schmerz. Keine Kund¬
1628 2712 2690 2772 machung. Es trug sich zu ... Sie ging dann.
1628 2766 1835 2850 Himmlisch.
