3344 4256
242 193 741 292 4.9. Anato
1372 196 1722 292 box 9/1
642 198 1182 315 Zyklus
975 593 2525 826 Made in Europe
1331 829 2198 946 By ARTHUR RUHL
584 2160 2925 2277 Scenes from "The Affairs of Anatol," an adaptation of Arthur Schnitzlers episodes, with Mr. John Barrymore as the principal figure
773 2285 2317 2379 Pierre Lotis Chinese Spectacle and The Affairs
2370 2294 2712 2393 of Anatol
204 2405 1211 2478 HOSE who like to spend an evening inviting
1261 2405 2271 2487 of a Frenchman unless at the very end, perhaps. An.
2300 2411 3289 2487 to another always sincere at the moment just as did
356 2469 1214 2522 their souls with the sight of exquisite Chinese
1261 2472 2259 2525 American might have made it happy and the Manchu
2294 2475 3292 2545 the young man in Flaubert's novel. The Sentimental
353 2516 1220 2560 costumes, of Chinese scenes elaborated in the
2291 2516 2469 2574 History.
1264 2519 2253 2563 prince would have won the rebel empress he fell in
213 2545 1205 2604 old-fashioned manner that is to say, in the literal
1255 2560 2250 2618 love with from afar and had to conquer before he could
2329 2536 3292 2604 His quick imagination endows them with all sorts
219 2598 1214 2641 rather than the impressionistic, manner shown last
1261 2595 1456 2650 tell her so
2294 2595 3292 2653 of qualities and feelings which the simple creatures
216 2636 1214 2688 winter in Sumurun with music filled with the light
1296 2612 2250 2697 The Frenchman has the grace to make the beautiful
2294 2644 3284 2688 never dreamed of once he held the hand of a beau¬
219 2674 1217 2732 clashing of cymbals and dull throaty bim-a-bongs, and
1258 2676 2247 2738 princess yield her heart, but not her life, to her con¬
2300 2685 3289 2732 tiful girl from the circus and played the piano to her¬
216 2717 1211 2776 enough dramatic current to carry it all those looking
1261 2723 2250 2776 queror. She takes poison at the last, and it is to a
2297 2723 3292 2782 and watched the lamplight on her hair and knew that
222 2761 1211 2817 for an evening of this sort will have a good time at
1264 2764 2247 2817 pale and lifeless shape, seated on the throne of the
2294 2767 3292 2820 that moment would never, never be forgotten by her,
213 2793 709 2852 "The Daughter of Heaven.
2294 2811 3289 2860 although a couple of years after, when she did see him
1261 2811 2239 2860 Manchus, for whom the gongs sound and the Man
251 2820 1211 2898 As a play, this adaptation from the French original
1264 2849 2245 2901 chus subjects kneel. Miss Viola Allen is the queen
2294 2855 3289 2919 again, she had no notion who he was, but guessed finally
213 2878 1205 2942 of Pierre Loti and Judith Gautier is at least as inter¬
1255 2895 2245 2942 and her intelligently used and beautiful voice added
2294 2898 3196 2945 that he might be the man she met in Petersburg
219 2933 1208 2977 esting as "The Garden of Allah," and as a very refined
1255 2936 2239 2983 much to that unhappy lady's charm. Nearly everybod
2341 2928 3281 2989 There are five different women in these five epi¬
219 2974 1208 3027 three-ring circus, even more brilliant and expensive. It
1261 2980 2242 3033 whispered to his next door neighbor that "The Daugh
2294 2974 3289 3033 sodes, and through them we get different views of
210 3012 1208 3073 seems safe to say that embroidered Chinese robes, as
1261 3018 2104 3073 ter of Heaven was a great chance for opera.
2300 3018 3289 3068 Anatol. The disillusion which such a sentimentalist
213 3056 1205 3111 dazzling and really beautiful as these, were never be¬
2294 3065 3292 3117 inevitably encounters, and the rather absurd figure he
1383 3068 2125 3135 GLIMPSES OF A SENTIMENTAL YOUNG MAN
219 3103 1211 3155 fore seen in a Western theatre. There is a sort of
2300 3108 3284 3158 cuts in consequence, is the note most accented, and
219 3146 1208 3196 temple scene, too, lit by moonlight which appeared to
1255 3132 2245 3219 HE Affairs of Anatola sequence of episodes by
2309 3143 3289 3196 yet do you know," as Anatol murmurs on his wedding
213 3184 1211 3237 many at the first performance to be the best theatre
1357 3187 2247 3237 Arthur Schnitzler, paraphrased by Granville Barker
2294 3184 3287 3240 morning (a sudden hoesickness for the life he was
216 3231 1220 3281 moonlight they had ever seen. And there is a scene
1258 3228 2247 3284 and now presented at the Litte There
2294 3225 3289 3278 giving up had taken Lim back to the opera after his
213 3266 1203 3319 on the battlements, during a battle, with a Chinese sol¬
1264 3269 2245 3322 is a light but agreeable entertainment, fitted for an
2306 3269 3295 3319 bachelor dinner the night before, one of his old flames
216 3313 1208 3365 dier wigwagging a torch against the night, tons of
1255 3310 2245 3362 audience which has dined pleasantly, drifted in leisurely
2294 3316 3284 3368 has come home to breakfast with him, and he can'
210 3351 1205 3403 masonry tumbling down as the shells explode and the
1264 3357 2247 3409 fashion to the theatre, and brought thither a readiness
2297 3359 3289 3415 bear to tell her he is going to be married), do you
219 3397 1211 3444 defeated garrison finally burning themselves up on a
1258 3400 2239 3444 to accept for the moment the continental habit of treat
2294 3400 3088 3447 know, there's something pathetic about this.
216 3432 1208 3494 wonderfully realistic funereal pyre. Of its kind, all
1255 3441 2245 3494 ing love" as an activity apart and sufficient unto itself
2338 3424 3278 3494 The quick transition from farce to a sort of trag
1252 3482 2245 3532 and not as our own literature assumes necessarily as¬
210 3479 668 3532 this is magnificent, quite
2297 3485 3287 3535 edy just a touch and away again is, one presumes,
1258 3517 1678 3575 sociated with marriage
254 3505 1205 3575 Those who hope to feel here that peculiar haunting
2300 3529 3284 3573 much more delicately and poignantly achieved in the
1296 3561 2247 3613 Anatol is an artistic philander. He has a vast and
213 3561 1211 3616 charm which steals over the reader of almost anything
2300 3564 3289 3613 original dialogues than we can get it here, twice re¬
216 3610 1205 3654 Pierre Loti writes will be disappointed. You would
1258 3610 2247 3663 versatile appreciation of the charms of women and of
2294 3610 3287 3666 moved, as it is, by a rather British translation and the
210 3651 1217 3704 scarcely suspect that the original play was the work
1261 3651 2250 3704 the moods they can inspire, and he drifts from one
2297 3654 3287 3716 somewhat alien personalities of our own actors. Young
2907 3695 3269 3739 Concluded on page 34)
