3436 4352
1378 175 1746 270 box 9/4
270 183 718 276 4.9. Anat
872 172 1192 286 Zyklu-
260 398 2390 607 Its Pays and Its People
180 655 859 758 latol at the Lyceum
1423 628 2682 774 Schnitzler, Author of Anatol,
1468 739 2782 869 Likes America, but at a Distance
1813 906 2366 996 By Henry Albert Phillips
1473 962 2785 1041 US as it is used to be the informed me that he had heard
1481 1034 2796 1105 ambition of every young English the name somewhere, he thought.
1484 1076 2782 1147 and American actor to play Ham, but had no idea where this person
2109 1113 2782 1179 lived. I arrived nearly an hour later
1415 1132 2091 1214 let, in like manner it is the dream of
2117 1147 2565 1219 than the appointed time.
1418 1182 2091 1259 every young Viennese thespian some
2226 1182 2669 1275 Awaited Author in Fear
1415 1230 2094 1306 day to appear as Anatol." These are
2139 1240 2780 1309 Dismayed and with fear and trem¬
1418 1275 1897 1338 vital statistics of the stage.
1452 1283 2782 1362 When that brillant young Viennese, bling, I followed the housemaid into
1420 1344 2785 1412 Joseph Schildkraut, reached the age of the house and upstairs. I wondered
2115 1386 2790 1439 just what was going to happen to me
1418 1386 2086 1444 twenty, he told his father, "Now I shal
1415 1428 2796 1495 play Anatol." To which that parent, for thus practically insulting a great
1423 1468 2793 1532 mellowed in the theater-Jacob Schild man by keeping him waiting an hour
2117 1510 2796 1564 for an appointment he had never
1415 1516 2091 1587 kraut replied: Listen and mark well
1415 1550 2793 1606 my son. Anatol is a sacred tradition, wanted to make. I sat there in his
1415 1587 2790 1646 among us. Anatol was a mature man Biedermayer parlor conjuring up
1423 1627 2777 1693 of the world. The first requisite is that visions of this creator of so man
1423 1672 2798 1738 the actor at least appear to be the heroes of wild escapades and heroines
1423 1715 2796 1778 man. How can you, therefore, with of so many pitiful tragedies and of
1420 1752 2785 1810 the first down scarcely shaved from the famous Wiener Suesse Mad."
1423 1794 2793 1868 your face and with all the appearance thought of "Cassanovas Homecoming
1426 1834 2790 1903 of untried youth, dare to essay the and of The Affairs of Anatol and at
1423 1889 2793 1945 part of a worldly fellow who has had a once conceived a daredevil swaggering
1418 1921 2782 1993 galaxy of artful women under his away? sort of adventure. I remembered now
1415 1964 2796 2014 No, my son, go backstage and cool your that I had seen Schnitzlers photograph
1415 2003 2790 2067 heels and your ardor for another ten once with a long pointed beard that
2115 2043 2790 2096 somehow gave me the impression that
1423 2054 1868 2115 years then we shall see.
1452 2088 2796 2162 Ten years passed that recorded the he would be a tall man and elender,
1407 2101 2475 2200 pyrotechnical career of the younger with twinkling eyes.
2154 2154 2857 2223 Then he entered the room or rather.
1423 2173 2101 2237 Schildkraut on the American stage,
1423 2207 2801 2271 winning the required spurs and years he peeped in first and then tip-toed in,
1426 2245 2793 2306 that should prepare him for the role half fearfully it seemed. He was
1420 2290 2796 2358 that he had envied at twenty. Now, nothing I imagined him to be. I was
1420 2332 2796 2401 at the precise age of the celebrated wrong in everything but the beard. He
1420 2374 2796 2430 Anatol himself thirty Joseph Schild was shortish and a bit roly-poly in
2115 2417 2793 2470 figure, a little hunched. His clothes
1418 2422 1882 2488 kraut steps into the role.
2120 2441 2851 2523 were no more stylish than his manner me
1471 2449 2056 2544 Legendary Figure Even in Vienna
1450 2486 2857 2570 Since "The Affairs of Anatole was was dashing. His coat was too amply o¬
2123 2539 2796 2589 cut and he was gemutlich, which
1418 2576 2790 2637 produced in 1912, with John Barmore re¬
1420 2605 2096 2655 in the title part, until the present re¬
1428 2624 2785 2684 vival, shortened to "Anatol by the be translated at all. He was gentle
2120 2663 2785 2716 sweet natured and every remark he
1420 2679 2094 2743 producer, Bela Blau, much has been
1423 2700 2796 2767 written in books and elsewhere about made was characterized by charity, or
1426 2743 2790 2814 the play, but the author has remained hastly revised for fear that I would
178 2759 1261 2851 Light. In the cant are Joseph Schildkraut, Miriam Hoplina,
2125 2788 2793 2846 think he was calling things or people
1426 2804 2091 2854 more or less of a mythical figure.
180 2812 506 2883 und Anne Forrest.
2120 2825 2793 2878 names. And above all, he seemed more
1415 2843 2091 2907 worthy of note that another piece by
1426 2875 2796 2936 Dr. Arthur Schnitzler, "The Green scared than I was. The task before me
1423 2904 2793 2997 Cockatoo is being staged by the Civic seemed one of assuring him that there
2120 2944 2793 3008 was nothing to be scared about, and I
1420 2963 1791 3037 Repertory Company.)
1450 2989 2793 3066 Arthur Schnitzler is somewhat of a set about it by abjectly apologi ing for
1420 3032 2785 3127 legendary figure, even in his native my being so unpardonably late and ex¬
1428 3079 2616 3146 Vienna, except among a small coterie plaining how it came about.
2149 3100 2796 3172 I write many things at once," he
1428 3122 2101 3183 of friends, mostly writers, to whom he
2128 3154 2801 3209 was soon telling me, one moment as
1420 3164 2101 3222 is very real and human. Only the
1420 3191 2796 3275 other day was the chain of happy cir¬ solemn as an owi, the next with a
1420 3228 2785 3307 cumstances that led to my meeting twinkle in his eyes that never quite ap¬
1426 3278 2796 3350 Arthur Schnitzler recalled, when I met proached merriment. He showed me a
2123 3320 2796 3376 little room in which he sometimes
1423 3328 2094 3400 the young director of the present Bel¬
1418 3366 2790 3437 Blau production, Herr Beer-Hoffmann, worked, although for the most part he
2131 3416 2796 3458 wrote standing up before a little old¬
1460 3416 2096 3479 Richard Beer-Hoffmann, a major poe¬
1420 3442 2796 3511 in the German language and father of fashioned slant desk that stood before
1426 3490 2790 3548 the present director of "Anatol," is a a broad by window looking out into
1423 3535 2793 3596 neighbor of Dr. Arthur Schnitzler, live his gardens, from which he seemed to
1420 3572 2798 3641 ing in the outskirts of Vienna. One derive no end of inspiration both from
1423 3612 2793 3707 day when I was taking tea with the working in them and looking down
1420 3668 2327 3710 Beer-Hoffmanns I was asked if I had upon them
2149 3673 2798 3755 I asked him to explain how he could
1420 3699 2101 3758 met Schnitzler. I said "No," but
1420 3731 2761 3792 would like to meet him, although I had write more than one thing at a time.
2176 3779 2745 3832 Writes Play and Novel Together
1420 3779 2101 3842 been told generally that that was im¬
1418 3819 2101 3882 possible. Herr Beer-Hoffmann assured
2162 3824 2798 3882 like to write a play and a novel at
1420 3861 2094 3917 me that it was not difficult at all. He
2125 3874 2793 3925 the same time. By that I mean when
1420 3901 2088 3970 went to the telephone and called
2120 3917 2796 3970 I am tired of writing one I turn to the
1428 3943 2094 4002 the doctor. A ten minute talk followed
2125 3964 2793 4009 other and find it refreshing. The style
1420 3988 2091 4039 and he returned saying he was sorry
2123 4002 2796 4049 of writing the two are so very different.
1423 4028 2091 4113 but Dr. Schnitzler was averse to meet
2120 4041 2798 4092 I find fiction is more confining and I
1420 4076 1664 4134 ing strangers.
2123 4081 2796 4131 feel the dead weight of it after I have
1505 4078 2101 4182 en el a las pe¬
