3436 4256
264 203 860 310 4.9. Anatol
902 203 1219 310 Zyklus
1383 206 1746 306 box 9/1
157 1257 348 1353 ut aus
371 1265 1097 1471 de la
317 1357 466 1429 B. 1911
508 1536 990 1609 Böhmische Bühne.
1246 1490 3260 1632 die Zwillingsblatte am Nachbarzweig, auch fast das Jahre der Kinder Israels gegen die zehn Jahre, de
1253 1601 3260 1681 unbekannte Sehnen, das der tugendhafteste aller eurer warten? Drei Wege führen dahin, im Anfang
237 1586 1227 1670 Nationaltheater: „Jeny, které potkavame
1257 1639 3248 1716 Klassiker so schön in eueren Lesebüchern beschrie- schlagt ihr alle den kühnen Pfad durch das Hochge¬
237 1651 2243 1739 Komödie in fünf Teilen von Karella sek; Regie ben hat, ihr irrt allein usw., bis ihr nicht mehr allein
2266 1697 3256 1762 birge ein mit seinen reinen Gletschern. Könnt ihr
516 1693 974 1773 Gustav Schoraz
1246 1720 3252 1807 irren wollt, und mit allen eueren Sinnen begehrt, dafür, daß die Natur euch nicht für diese Höhen mit
275 1727 550 1823 no
585 1720 3256 1846 die Tag ihren begehrt, begehrt, und was? Sie, das Mädchen, dem ihrer dünnen kalten Luft geschaffen hat, habt ihr es
237 1781 3252 1895 beim Anblicke, die Hun ihr gefaßt, dem von such ein Hauch ins Gemüt dringt, verdient, daß man euch von allen Seiten zurut, der
241 1846 3248 1934 gerte, die Ueberzeugung ausge¬ der ihr das Herz im Innersten erfrischt. Wenn man Weg ist ganz leicht, so daß ihr bei jedem Strauchen
233 1892 1227 1956 prochen mögen mich keines Plagiats be¬
1253 1903 3260 1983 sie euch gäbe, so ließet ihr dem König Heinrich sein auf den unzulänglichen Pfaden euch auch noon mit
229 1937 3256 2025 schuldigen, wenn ich ihre Gedanken wiederhole, er Paris und Gott sein Himmelreich und wäret so treu, Selbstverachtung quält? Kann man es den meisten
237 1976 2243 2041 liegt zu nahe, Schnitzlers Anatol läßt sich von den daß ihr gar nicht wüßtet, was Treue ist, da
2270 1999 3263 2071 von euch wirklich verdenken, wenn ihr, in euerem
245 2018 2239 2086 süßen Mädeln an der Nase herumführen, um dann in ihr verwundert lächeln würdet, wenn ihr das Wor
2262 2037 3248 2113 Taient zur Treue betrogen, enttäuscht, auf einem
245 2060 1234 2113 den Hafen einer spießbürgerlichen Ehe einzulaufen
1257 2075 3248 2159 vernahmt. — Aber, da kommt die „Tante Front“ aus verborgenen Seitenpfade entwischt und rechts oder
245 2106 2232 2170 damit er auch eine Frau hat, die er nasführen kann dem „Weg zur Hölle“ und stellt das vollblütige Men
2255 2117 2770 2186 links das Gebirge umgeht
248 2148 2232 2220 ser böhmischer Anatol begegnet auch allerhand schenkind, die Partnerin euerer Ausflüge, Tanzstun
2327 2148 3248 2235 Rechts gehts durch die Sümpfe; grüne Wiesen,
237 2190 2243 2262 Frauen, seine Beziehungen zu ihnen sind nicht so den, Spaziergänge — die Hörsäle, Bibliotheken und
2262 2182 3248 2289 die nachgeben und euch in schwarzen Morast stürzen
241 2232 3240 2323 schematisch, aber sie haben einen böhmisch pedan¬ Lesehallen gesellen sich als moderne Rendezvous lassen; und immer Sumpf und Moor, arme Mädchen
248 2277 2220 2346 tischen Zug: die Männer bekommen Gewissensbisse hinzu, in der letzten Nummer der „Zenská revue
2258 2304 3248 2365 der Zukunft, den Duft, den ihr in den Kleidern mit¬
245 2319 2235 2392 und die Weiber bekommen Kinder. In das Paradies werden sie der fortschrittlichen Jugend warm emp¬
2258 2339 3248 2404 bringt, bekommen sie ihr Lebelang nicht weg, ein
248 2362 1223 2419 von Anatolien ist die Schlange geglitten. Worin fre¬
1242 2381 3240 2457 fohlen — stellt es wie ein Püppchen unter einen Glück, wenn ihr dem schrecklichsten alles Sumpf¬
248 2411 1227 2461 lich unser Anatol, Viktor Satan, gar nicht boden
1253 2419 3244 2491 Glassturz und sagt zu ihm: „Mein Kind, du bist kein fieber entgangen sei. Und arme Mädchen auch sie,
245 2453 3233 2533 ständig ist, das ist sein unmenschlicher Reichtum, junges Schwäblein und keine jugendliche Arbeiterin, zu denen ihr Freier links um Gebirge, durch die
241 2484 1230 2549 sich ohne Wissen der Mama auf eine Reise um die
1257 2503 3237 2587 jetzt gilt es, einen Mann zu finden, der eine Woh-heiße Wüste kommt, wo kein Fieber droht, aber Ge¬
248 2537 3233 2625 Welt zu begeben, das bringen wenige von unseren nung von soundsoviel Zimmern, soundsoviel Dienst- hirn und Herz vertrocknen im Sonnenbrand, wo de
245 2572 2232 2648 Doctores juris, sechs Jahre nach der Matura, fertig. boten bezahlen kann, der Mann beginnt bei sound
2255 2602 3244 2667 Samum mit der Fata morgana sich in die Herrschaft
248 2625 3244 2713 Und die, welche es könnten, bewegen sich in einem soviel tausend Kronen festem Einkommen, dorten teilt, ihr bringt ihnen eine unsichtbare Nebenbuhlerin
248 2675 3237 2759 ganz anderen Milieu, als unser Satan, die lassen wähle, oder besser, schließ die Augen und greif zul mit, aus deren verderblichen Armen sie euch ver¬
245 2717 2935 2793 sich nicht in einem Bräu von alternden Kellnerinnen Und euch, ihr lieben Jungen, was sagt man euch geblich zu befreien suchen werden.
245 2751 2232 2824 begönnern, die saußen schon als junge Juristen in „Tier!", sagt die Feministin, „Lausbub!", sagt de
2327 2751 3233 2847 Wo gerate ich hin? Man sollte denken der Auto¬
245 2801 3237 2889 Automobilen nach Wien, wenn sie sich amüsieren Vater, „Unenthaltsamer!", sagt der Moralist, „sero habe seinen Stoff so tief erfaßt, daß man gezwungen
248 2843 2224 2912 wollen und gehen nicht auf die Redoute, die Prager juvenum ver!“, zitiert euch der Magister aus de
2251 2866 3240 2931 ist, ihm nach in die tiefsten Tiefen des Problems zu
245 2877 3244 2973 Redoute! Anatol ist ein Typus, der immer jung bleibt, „Tacitus Germania“, und ihr fragt ihn nicht einmal, tauchen, aber das gerade kann ich nicht finden. Im
241 2931 1223 2981 Satran gehört einer vergangenen Epoche des Pra
1253 2942 3237 3015 wie alt denn die germanischen Jünglinge waren, sonnigen Tage treibt sich der junge Maturant Sa¬
248 2977 3233 3057 ger Studentenlebens an; heute sind die Genüsse ver-welche so spät der Venus huldigten. Euch bleibt tran unter jungen Mädchen herum und fühlt, daß es
248 3007 1227 3065 feinert, die Klassengegensätze sind hier eingedrun
1250 3023 3237 3103 nichts übrig, als euerem süßen Mädchen den Ab¬ eine von ihnen lieb hat, kaum hat er dieses Gefüh¬
248 3065 3229 3145 gen, der Saufteufel hat einen Teil seiner Herrschaft schiedsbrief zu schreiben und die Pilgerfahrt an gekostet, wird ihm angekündigt, daß er von der bra
241 3107 3240 3195 an andere Höllengeister abtreten müssen aber von zutreten in das gelobte Land, wo die Mädchen der ven Tante zur strengen Mama muß, es ist aus und
241 3149 3237 3233 der bekannten bösen Trias bleibt und bleibt das Zukunft — ach, tausend von ihnen gäbet ihr für eine, aus bleibt es. Im „Keller“ veranlaßt den jungen Sa¬
245 3187 814 3237 dritte, „das verfluchte Liebe
1246 3191 3229 3271 eine einzige von den süßen Wirklichkeiten der Ge¬ tran ein halbes Jahr später in einer fast stumme
321 3214 1223 3279 Unsere armen Jungen! Da kommt ihr, in de
1250 3240 3233 3321 genwart — mit fertigen Ausstattungen zu zwölf Szene ein ganz gewöhnliches Mädchen von der
245 3256 1223 3324 Wachstums Blüte, mit euern frisch erwachten Sin
1246 3275 3240 3363 Dutzend, mit blüten weißüberzogenen Bette auf euch Gasse, das Schnaps trinkt, seine Jugendblüte zu
241 3324 3309 3462 den , ende des Wandelbar, das Herrliche haren Melche Pilgericht. Was waren de vergloser, in den Putschen erfahren wir, das der
