3484 4256
851 205 1186 309 Zyklus
1353 211 1714 306 box 9/3
234 202 759 306 4.9. Anatol
1287 447 1818 528 -
672 470 2992 574 Personals aus der Direktionsä Bernan, von denen Frau
672 563 1823 623 Eibenschütz bedroht ist, ergeben, soferne die letzten Instanzen
1855 563 2977 629 gedacht, „Anatol“ könne wirklich gespielt und sogar ein Zug¬
681 609 1818 661 gegen sie erkennen sollten, folgendes Bild: Die Rück¬
1849 617 2977 666 und Kassenstück, sogar in Amerika, werden. In einer „Concordia“.
692 655 1820 721 stände an öffentlich-rechtlichen Abgaben be¬
1852 661 2983 715 Matinee wurde dann das „Abschiedssouper versucht, und Schnitzler
684 707 2974 753 tragen etwas mehr als eine Milliarde Kronen, da hat es oft lachend erzählt, wie bei den lustigen Worten der
684 747 2974 805 runter 492 Millionen Lustbarkeitsabgabe, „Annie“ aus dem Publikum keine Räsonnanze kam, bis sie
1849 788 2972 840 sich genäschig, wie die süßen Mädchen einmal sind, über die
678 793 1815 848 167 Millionen Fürsorge abgabe, 112 Mil¬
1849 828 2972 877 Indianerkrapfen hermachte. Aber dies war doch nur ein
678 840 1818 897 lionen Warenumsatzsteuer, 193 Millionen
1849 865 2974 917 Experiment, ob nicht wenigstens das Bühnenmöglichste der kleinen
678 886 1818 946 Krankenkassenbeiträge u. a. Die Ansprüche des
1855 909 2977 958 Stücke zu wagen wäre. Dann hat Jarno die „Frage an das
684 935 1820 990 Personals lassen sich derzeit mit einer bestimmten Ziffer nicht
1852 946 2974 998 Schicksal mit der östlichen Pointe von dem Manne, der nicht
681 975 1818 1036 angeben. Vor allem bleibt abzuwarten, welches Ergebnis der
1846 992 2983 1044 die Wahrheit übe die Treue seiner Geliebten erfahren will,
678 1030 1820 1076 Theaterbetrieb bis zum Ende der Spielzeit, das ist bis zum
1852 1036 2977 1091 gebracht, dann reich nicht, die „Episode“ — wie steigt
681 1067 1812 1122 31. August 1925, zeitigen wird. Je größer dieses Ergebnis
1844 1073 2980 1125 hier aus vergilbten Liebesbriefen wieder eine ganze verklungene
1855 1116 2972 1168 Jugend auf Dann gab das Volksthater den ganzen Zyklus
690 1116 1812 1168 desto geringer würden die Ansprüche des bekanntlich an
1849 1157 2966 1209 Man weiß noch, wie der Dialog in den „Weihnachtseinkäufen
681 1163 1818 1215 Teilung spielenden Personals für Gagen und Löhne werden
1849 1203 2977 1249 zwischen Gabriele, der jungen Frau der Gesellschaft, und dem
779 1209 1815 1261 Der Pachtschilling für die Spielzeit 1921/22 und
1844 1241 2974 1290 verliebten Schwärmer Anatol, der ihr zuerst von den süßen
684 1246 1815 1321 1922/23 für die Direktionsara Bernau ist noch unberichtigt
1841 1281 2974 1344 verschwiegen Erlebnissen der Vorstadt erzählt, wie diese Sze¬
678 1295 1815 1359 Den Verbindlichkeiten stehen also gegenüber: die 399/126
1852 1324 2989 1373 auf dem verschneten Christkindlmarkt eingeschlagen, und erst
678 1344 1818 1399 Anteile des Carl-Theaters, die Erbansprüche der Frau Eiben¬
1849 1365 2986 1417 „Anatols Hochheimorgen", wo der liebenswürdige Sünder, von
690 1399 2980 1457 schütz an die Verlassenschaft nach ihrem Gatten und ihre den Armen seiner Freundin festgehalten, beinahe zur eigenen
698 1437 1826 1494 Forderungen gegen Direktor Alfred Bernau, Direktor
1852 1445 2989 1500 Hochzeit gekommen wäre. Erst da man den ganzen
681 1486 2986 1564 Siegfried Geyer und den Verleger Julius Feuchtinger Zyklus auch vorüberziehen sah, erkannte man seinen
1844 1526 2980 1581 künstlerischen bre, den man jetzt wieder in der Reinhardt¬
681 1526 952 1607 in Stuttgart.
1844 1569 2980 1621 Aufführung. So groß der Weg ist, den Schnitzler seit dem
681 1575 2977 1662 Antrag auf eine 25prozentige Ausgleichsquete. „Anatol zum „Jungen Medardus" und dem „Schleier der
1841 1650 2983 1717 Beatrice" ungen, man findet die Spuren dieses Erstlings noch
776 1653 1815 1722 Schließlich wird in dem Ansuchen erklärt, daß nicht
1849 1691 2986 1748 bis zuletzt in der „Komödie der Verführung". Darum dankt
681 1699 1812 1766 nur die Hausanteile und der Theaterfundus schwer zu
1852 1737 2980 1789 man es Reinhardt, daß er uns jetzt, da man das reiche Schaffen
684 1751 1815 1812 realisieren, sondern daß auch die Geldforderungen schwer herein¬
1846 1777 2974 1829 eines reifen Meisters zu übersehen vermag, durch diese Aufführung
678 1800 1815 1861 zubringen sein werden. Aus diesem Grunde wird eine Aus¬
1844 1820 2974 1867 Einblicke und Rückblicke in diese scharmanten Anfänge gewährte
678 1852 2974 1904 gleichsquote von 25 Prozent zahlbar in Ueber die Darstellung ist bereits gesprochen worden. Sie truc
681 1893 1243 1950 22 Raten beantragt.
1838 1895 2974 1953 vor allem durch Waldaus reizvolle Dialogkunst als Anatol,
1846 1939 2986 1996 Reiner als Max, Fräulein Kneidinger, Fein, Hagen,
773 1916 1809 1988 Unter den Angestellten hat die Nachricht, daß Fra¬
1849 1982 2974 2045 Frau Terwin-Moissi und durch die überschäumend
690 1976 1818 2040 Direktor Eibenschütz einen Ausgleichsantrag eingereicht
678 2019 2974 2086 hat, große Bestürzung hervorgerufen. Die Direktion hatte Lustigkeit Fräulein Geßners unter Paul Kalbes klug
1846 2063 2977 2123 abtönender Regie zum vollen Erfolg des Schnitzler=Abends bei
678 2071 1815 2129 diese Aktion überaus diskret behandelt, damit die gestrige
2804 2112 2943 2170 P. W.
681 2123 1812 2172 Premiere der Operette „Sonja" nicht gestört werde. Ins
1959 2126 2974 2219 — Im Burgtheater gelangt Sonntag den 8. d., nach
681 2170 1812 2219 besondere die Musiker und Theaterarbeiter sind in große
1849 2175 2983 2276 mittags 3 Uhr, außer dem Abonnement, zu besonders ermäßigten
681 2213 1812 2262 Erregung und machen das darstellende Personal für der
1849 2245 2986 2302 Preisen die Posse „Der Zerrissene von Johann Nestroy
681 2253 1809 2314 finanziellen Zusammenbruch der Frau Eibenschütz verant
1855 2291 2977 2340 zur Aufführung. Es wirken mit die Damen Glossy und Seidler
672 2305 1812 2363 wortlich. Die erstgenannten Gruppen erklären, diese
1852 2325 2977 2383 sowie die Herren Baumgartner, Heim, Heller, Huber, Maier¬
672 2348 1812 2415 Situation wäre zu vermeiden gewesen, wenn die Klager
1852 2366 2980 2421 hofer, Moncza, Müller, Thaller, Wawra und Karl Zeska.
672 2395 1812 2461 zweier Chormitglieder gegen Frau Eibenschütz auf Zahlung
1849 2415 2972 2464 Abends 7 Uhr, wird zu erhöhten Preisen Monars Spiel „Di¬
669 2444 1584 2513 der ganzen Gage zurückgezogen worden wären.
1846 2452 2977 2496 rote Mühle gegeben unter Mitwirkung der Damen Hrube
1852 2493 2983 2536 (Französin), Mell, Pünkösdy, Roland, Wall und Wilke sowie
773 2464 1812 2547 Aus Freundeskreisen der Frau Direktor Eiben
1841 2530 2980 2591 der Herren Baumgartner, Blum, Danegger, Eidlitz, Friedl,
675 2513 1818 2594 schütz wird mitgeteilt, daß sich bereits ein ernster
1852 2573 2977 2628 Heller, Höbling, Huber, Horn, Karsten, Moncza, Pranger, Georg
678 2576 1815 2637 Reflektant auf das Theater gemeldet habe, der aber erst die
1849 2614 2977 2697 Reimers, Emmerich Reimers, Seydelmann, Strebinger, Wawra,
672 2631 1809 2697 Ordnung des Ausgleiches abwarten und noch nicht genann
1844 2654 2369 2723 Wiesner und Philipp Zeska.
669 2674 955 2747 werden wolle.
1927 2674 2977 2755 — Im Akademietheater geht als Vorstellung des
1841 2721 2972 2813 Burgtheaters Sonntag den 8. d., nachmittags 3 Uhr, zu be¬
871 2735 1621 2824 Theater= und Kunstnachrichten.
1852 2784 2977 2836 sonders ermäßigten Preisen die Komödie „Garten der
765 2798 1809 2882 [Schnitzlers „Anatol“ im Theater in der
1849 2824 2983 2876 Jugend“ von Thaddäus Rittner in Szene mit den Damen
672 2830 1812 2931 Josefstadt.] Nun hat Arthur Schnitzlers Einakterreih¬
1852 2871 2983 2923 Albach=Retty, Hollbrandt, Mayen, Mayer, Mell und Witt sowie
678 2902 1815 2957 „Anatol“ wieder in das Theater in der Josefstadt heimgefunden,
1844 2908 2974 2963 den Herren Arndt, Aslan, Blum, Horn, Karsten, Lohner
675 2948 1806 2995 der Stätte, von der aus, an den literarischen Abenden Jarnos
1846 2948 2977 3009 Moncza, Pranger und Seydelmann. Abends halb 8 Uhr gelangt
675 2983 1812 3032 diese von Geist, Laune und Anmut blitzenden Dialoge zuerst ihrer
1841 2992 2980 3047 zu erhöhten Preisen die Komödie „Mama Nicole“ von
681 3029 1818 3078 Weg — einen glänzenden Weg des damals nur von wenigen
1852 3032 2980 3081 Jacques Bousquet und Paul Armont zur Aufführung. Es wirken
681 3067 1818 3122 geahnten Erfolges — genommen haben. „Anatol“ bei Reinhardt.
1846 3075 2974 3139 mit die Damen Albach=Retty, Rita Burg, Seidler und Witt sowie
690 3113 2796 3176 In dieses wienerische Haus, das auf kultiviertesten Geschmack, die Herren Arndt, Aslan, Devrient, Heim und König.
684 3153 1812 3202 auf Behagen, elegante Heiterkeit gestimmt ist, gehörten diese Lust¬
2008 3142 2977 3220 Im Operntheater kommt Sonntag den 8. d.
684 3197 1815 3251 spielminiaturen längst, die dem nawen Theaterbesucher wie den
1844 3176 2983 3254 „Rienzi" mit den Damen Born, Paalen und Radl sowie den
690 3231 1812 3286 feinschmeckerischen Genießer gleicherweise kleine funkelnde Kost¬
1846 3246 2974 3303 Herren Schubert, Zec, Renner, Mayr, Gallos und Ettl zur Auf¬
681 3277 1812 3326 barkeiten der wienerischen, fast möchte man jetzt schon sagen, der
1855 3289 2972 3364 führung. Musikalische Leitung: Herr Direktor Schalk, Anfang
675 3318 1815 3378 altwienerischen Kunst bedeuten. Als vor dreißig Jahren
1852 3324 2340 3404 halb 7 Uhr. Erhöhte Preise.
681 3355 1717 3416 oder ist es schon länger her, diese Bluetten,
1985 3352 2974 3436 In der Volksoper gelangt morgen Sonntag, nach¬
690 3401 1800 3462 pariserisierenden Geist mit heimatlichem Sentiment ver
1844 3410 2980 3468 mittags, bei bedeutend ermäßigten Preisen „Cavalleria
681 3462 2972 3520 einten, zuerst erschienen, war das junge Wien von rusticana“ und hierauf „Der Bajazzo“ mit Herrn
678 3500 2972 3569 damals entzückt. Hier war ein völlig neuer Ton angeschlagen. Hier Kammersänger Heinrich Tiemer als Gast als Tonis zur Auf¬
681 3528 1806 3580 war Grazie und Uebermut, die an die Proverbs des jungen
1844 3543 2974 3621 führung. Abends findet eine Wiederholung der „Gräfin
678 3572 1806 3621 Alfred de Musset gemahnten. Hier war aber noch etwas
1841 3577 2152 3650 Maria" statt
678 3606 1604 3661 Besonderes, das einen zwang, diesem Dichter nicht
1668 3606 1809 3673 zuzu
2882 3612 2974 3690 wird
2034 3606 2452 3696 Im Deutschen
2484 3609 2856 3696 Volkstheater
678 3644 1815 3713 hören, weil man ein starkes Talent, sondern ihm zu ve, weil
1844 3644 2966 3722 Alexander Moissi in dieser Spielzeit zum erstenmal in
672 3693 1809 3745 man die reizvolle Menschlichkeit darin spürte. Ein Zauber war
1844 3713 2972 3765 Schnitzlers „Paracelsus" und in Tolstois „Er ist
672 3742 1809 3788 darin, dem man sich auch heute nicht, denkt man nur an
1841 3756 2966 3802 an allem schuld“ spielen. Mittwoch den 11. d. findet die
678 3776 1806 3834 „Anatol, den leichtfertigen Melancholiker, an den seinen Spötter
1841 3797 2969 3875 50. Wiederholung von Shaws natischer Chronik „Die
669 3817 1812 3869 Mar und an die süßen Mädchen“ Cora, Annie, Bianca und
1838 3843 2371 3909 heilige Johanna" statt.
672 3860 1809 3926 sie sonst noch heißen mögen, nicht zu entziehen vermag. Wa¬
2005 3869 2974 3941 Im Theater in der Josefstadt wird nach
672 3898 1797 3964 es die leichte Melancholie, die diese gewichtlos heiteren, kleine
1841 3924 2969 3978 Rückkehr Hermann Rombergs von seinem Urlaub Mittwoch
681 3941 1806 3996 Szenen umflorte? War es die verhangene Poesie, die man aus
1846 3970 2974 4019 den 11. d., abendes halb 8 Uhr, das Schauspiel „Aimée“ von
681 3993 1809 4045 diesem scheinbar nur spielerischen Bekenntnissen spürte? War
1846 4013 2974 4071 Paul Geraldy wieder in den Spielplan aufgenommen. Die
684 4033 1803 4077 es die Atmosphäre einer ganzen Gesellschaft mit ihrem Froh= und
1846 4051 2963 4102 einmalige Fremdenvorstellung von „Ein Sommernachts¬
678 4062 1803 4117 Feinsinn einer ganzen Stadt, die einem durchaus entgegenwehte
1846 4097 2969 4140 traum“ findet morgen Sonntag, halb 3 Uhr, in der bekannten
678 4111 1745 4172 Was immer es gewesen: Jeder fühlte und fühlt es noch
1849 4131 2948 4206 Besetzung statt. Um halb 12 Uhr vormittags desselben Tag
3023 537 3113 626 Die
3009 620 3101 704 So
3006 744 3098 834 kein
