3392 4256
1357 176 1721 268 box 8/6
894 176 1198 275 Zyklus
240 163 869 291 4.9. Anatol-
1466 677 1801 751 Der Großes
549 703 1808 776 sen wie der Jüngste und der Vornehmste wie ein
546 747 1811 814 Diener." An den 18. Oktober 1861 erinnerte er die Gemeinde, die
533 808 1808 856 das weite Gotteshaus vollauf füllte, und an die alte Hohenzollern¬
540 850 1804 894 losung: „Ich und mein Haus wollen dem Herrn dienen.“ Daß den
540 888 1804 939 Hohenzollern allezeit Herrschen zum Dienen geworden, scheine doch
540 926 1814 974 ein Ausfluß des Segens zu sein, mit dem unser Königshaus von Gott
543 961 1817 1016 gekrönt werde. So sei auch unserer Kaiserin ihre hohe Mission
543 1006 1808 1051 nur zu dem einen geworden: helfen und dienen. Denn der rechte
549 1044 1808 1092 Weg zur wahren Größe heiße dienen. Emporschauen dürften wir zu
540 1079 1820 1127 unserer Landesmutter, die auf allen Gebieten sich voll Eifer betätige
543 1121 1801 1169 bei der Abhilfe der Kirchennot, bei der Sammlung der Frauen zu
540 1156 1804 1207 werktätiger Nächstenliebe in der Frauenhilfe, bei der Fürsorge für die
540 1198 1798 1246 Heimarbeiterinnen. Wie erst ganz kürzlich bei ihrem Besuch im Kran¬
540 1236 1804 1287 kenhause der Barmherzigkeit, so biete sie immer das Bild einer Königin,
540 1278 1814 1325 der es Herzensbedürfnis sei, im Dienen und Helfen voranzugehen.
1840 1345 3101 1405 maßgebenden Kritikern privatim aufführen läßt. Inhalt. Zw.
530 1354 1808 1424 erfahren muß, daß er seinerseits nichts als eine spurlos
1843 1402 3104 1456 fromme, hochgradig moralische Elternpaare haben einen Sohn und
530 1402 1804 1456 vorübergegangene Episode war. „Abschiedssouper als die be¬
1833 1437 3108 1504 seine Tochter, die sich heiraten sollen. Doch beide entgleisen, Bobby
540 1444 1804 1501 kannteste und wirksamste der fünf Komödien bedarf keiner näheren
1833 1485 3095 1536 muß 14 Tage sitzen und Grete gar einen Monat — sie schlug als
537 1488 1804 1549 Erwähnung, und „Hochzeitsmorgen" bringt wieder eine köstlich¬
1843 1520 3101 1581 Stimmädel einem Polizisten zwei Zähne aus! Heiraten tut sie
537 1536 1804 1587 Squation. Anatol hat die letzte Nacht der Freiheit und vielleich
1840 1571 3098 1626 ein — Herzog, der zu seiner moralischen Läuterung Kammerdiener
533 1575 1808 1626 der Liebe zu einem solennen Abschiedsfest ausgenützt und kann nun
540 1613 3108 1677 eine Stunde vor der Trauung, seine — Festgenossin nicht loswerden, auf Zeit wurde, und ein französischer Marineleutnant (er hat auch
1843 1651 3101 1718 gesessen) „lobt England mit dem Pathos der Distanz. Man taumelt
540 1661 1808 1721 Ach, er wird sie nie loswerden, die Festgenossinnen! Und wie seine
1840 1696 3108 1753 von einer Bosheit in die andere, bis nach Fannys Stück die Kritiker
537 1705 1811 1766 Ehe auch ausfallen mag, sicher wird sich daran sein eigenes Wort
1833 1737 3098 1801 vor dem Vorhang ihre ästhetische Weisheit im Raketenbrillantfeuer¬
537 1750 1354 1820 erfüllen: „Man heiratet immer eine andere
632 1766 3101 1852 Man amüsierte sich göttlich in dem ausverkauften Haus, zumal werk abbrennen! Shaw schont sich nicht, damit wir ihn verschonen.
540 1824 3098 1894 die Regie du Bois-Reymonds fest auf ihrem Posten stand und Das redselige Stück ist dramatisch haltlos, sonst äußerst unterhaltlich,
1833 1878 3108 1929 vor allem im Dialog des Dieners funkelnd von Geist. Im Spiel
537 1888 1804 1939 mit der winterlichen Straße (mit „wirklichen Auslagen!) noch eine
1833 1913 3108 1977 taten sich Alfr. Abel, Traute Carlsen (eine süße Kokette!),
537 1923 1804 1980 Extrasehenswürdigkeit bot. Der Anatol ist eine sehr gedehnte und
1843 1964 3108 2015 Frl. Brandt, über sie hinaus Maria Mayer und Ilka Grüning
546 1967 1814 2025 schwierige Rolle, die aber, wie eigentlich jede Aufgabe dieser
1843 2015 3104 2060 flott hervor. Nicht immer siegte der Witz über die Farce. Doch
543 2009 1804 2066 Proverbs, auch recht dankbar ist. Herr Aldor führt
1836 2047 3101 2117 die Besucher ließen Shaw seine barocke Selbstbeweihraucherei nicht
543 2057 1804 2111 sie mit sehr vielem Geschmack durch und legte einen starken
2913 2092 3063 2162 Th. K.
1833 2095 2763 2156 vergelten, weil ihm so muntere Ausfälle einfallen.
537 2105 1804 2153 Akzent auf den „leichtsinnigen Melancholiker, wobei er denn mit¬
537 2140 1804 2204 unter in Ton, Geste und Mimik auch etwas einförmig wirkte. Der
1913 2172 3098 2245 Im Befinden des Dichters Wilhelm Jensen, dessen schwere Er¬
543 2188 1804 2242 Dichter hat die Gestalt mit so vielen Lichtern bedacht, daß es nicht
543 2226 3098 2287 schwer halten kann, damit noch einige interessante Strahlen krankung kürzlich gemeldet wurde, ist erfreulicherweise eine erhebliche
1836 2261 3098 2309 Besserung eingetreten. Sein neuester Roman „Fremdlinge unter den
537 2277 1811 2328 brechungen mehr hervorzubringen. Wie viele Nuancen ließen
1836 2306 3101 2367 Menschen" ist soeben (bei Carl Reißner in Dresden) erschienen und
546 2325 1811 2379 sich noch anbringen, wenn der Darsteller nur immer dar¬
1833 2344 3002 2418 zeigt den Altmeister deutscher Erzählerkunst auf gewohnter Höhe
540 2363 1804 2418 auf bedacht bliebe, den Part nicht nur fertig auf den
1910 2376 3108 2459 Haus Olde — Direktor der Kasseler Kunstakademie. Wie der
540 2411 1804 2462 Tisch des Hauses zu legen, sondern ihn vor dem Zu¬
1833 2414 3098 2482 „L.-A." berichtet, ist Professor Hans Olde in Weimar vom 1. November zum
543 2446 1801 2510 schauer allmählich gleichsam entstehen zu lassen. Der Gegen
1836 2469 3104 2517 Direktor der königlichen Kunstakademie in Kassel ernannt worden. — Olde
537 2494 1804 2545 pol des schwärmerischen Anatol, Freund Max, war bei Herrn
1833 2507 3098 2558 ist am 27. April 1855 zu Süderau in Schleswig=Holstein geboren und
549 2539 1808 2600 Falke vortrefflich aufgehoben, und auf der Stufenleiter der Weib¬
1846 2545 3104 2593 studierte an der Münchener Akademie und an der Akademie Julian in
553 2581 1804 2632 chen kam, wie zu erwarten stand, Frau Rosner zu oberst an
1846 2590 3104 2641 Paris. In den Galerien zu Hamburg, Kiel, Bremen, Dresden, Weimar
546 2622 3098 2673 Aber auch Frl. Bauer bewahrte als einzige Mondaine gute Hal= und Berlin werden Werke von ihm aufbewahrt. Olde war acht Jahr¬
1833 2667 3108 2743 lang Direktor der Weimarer Kunstschule, wo er auch als Lehrer eine
537 2670 1801 2724 tung, und Frl. Fröhlich war als Ilona noch etwas forciert, son
1843 2702 2405 2775 ersprießliche Tätigkeit entfaltete.
537 2715 1811 2763 aber recht talentvoll. Endlich hatten noch die Damen Parenna
1910 2727 3104 2804 Lederer und die große goldene Medaille. Die Verleihung der
537 2756 1811 2817 und Weigold, (die zum ersten Male in einer größeren Rolle her¬
1836 2788 3098 2842 großen goldenen Medaille an Professor Hugo Lederer, die der Kaiser
537 2801 1734 2871 vortrat,) an dem allgemeinen Erfolge einen bescheidenen Anteil.
1833 2833 3095 2881 dem Künstler bei der Enthüllung des Aachener Kaiser Friedrich=Denk¬
1293 2842 1782 2919 Ludwig Goldstein¬
1836 2871 3098 2922 mals eben bewilligte, erregt besonderes Interesse. Der Kaiser hat vor
1833 2906 3101 2961 vier Jahren, wie wir in der „V. Z." lesen, als Lederer von seinen
1827 2948 3101 3002 Kollegen zur „großen goldenen“ vorgeschlagen war, diesem Vorschlage
1833 2983 3095 3037 nicht zugestimmt, so wie es seinerzeit ja auch bei den Architekten
789 2973 1571 3056 Kunst und Wissenschaft.
1836 3024 3088 3079 Paul Wallot und Ludwig Hoffmann geschah. 1907 hatte der Künstle¬
1827 3076 3104 3120 am Lehrter Bahnhof eine Sonderausstellung, die Gruppen vom Ham¬
936 3047 1412 3123 Shaws neueste Chose,
1836 3104 3098 3155 burger Bismarckdenkmal, zwei Arbeiterfiguren zum Kruppdenkmal für
546 3095 1798 3175 die uns im Kleinen Theater in Berlin am Sonnabend ge¬
1836 3139 3088 3194 Essen und einen St. Georg und andere Werke umfaßte. Daß Ledere
540 3162 1798 3222 bracht wurde, ist „Fannys erstes Stück, ein leichtes Spiel
1833 3178 3092 3232 inzwischen durch künstlerische Leistungen sich die Anerkennung auch
546 3213 1804 3264 mit neckischem Rahmen. Fanny, eines in Venedig lebenden eng¬
1827 3216 3092 3274 des Kaisers erworben hat, ist ein schönes Beispiel dafür, daß unser
543 3254 1801 3306 lischen Romantikers (!) couragiertes Töchterlein, hat als Suffragette
1830 3261 3088 3312 Kaiser bei einer einmal vertretenen Meinung durchaus nicht steher
543 3296 3088 3366 im Weiberkittchen brummen müssen. Aus Zorn verfaßt sie ein bleibt, wenn er sie als irrig erkannt hat. Die kleine goldene Medaille
543 3337 2264 3395 Stück, das sie an ihrem Geburtstag vor ihrem Vater und vor den besitzt Lederer seit 1903.
