3296 4224
117 189 512 277 4.9. Ana
1237 172 1598 275 box 8/6
609 180 972 296 Zykl
506 984 1481 1136 Bitte Rückseite beachten!
1103 1120 1518 1227 Telephon 12.801.
1316 1233 1414 1329 4
798 1256 1347 1391 SSERVER
471 1353 1527 1481 I. österr. behördl. konz. Unternehmen für
772 1418 1233 1503 Zeitungsausschnitte
483 1456 1514 1579 Wien, I., Konkordiaplatz 4.
867 1527 1126 1600 Vertretungen
456 1552 1514 1671 in Berlin, Basel, Budapest, Chicago, Cleveland, Christiania,
464 1590 1515 1715 Genf, Kopenhagen, London, Madrid, Mailand, Minneapolis,
456 1631 1506 1756 New-York, Paris, Rom, San Francisco, Stockholm, St. Peters¬
851 1692 1123 1769 burg, Toronto.
700 1732 1262 1850 (Quellenangabe ohne Gewähr).
451 1770 815 1863 Ausschnitt aus:
442 1891 548 1946 vom
672 1859 1450 2024 Tagblatt
542 1930 867 2026 erfuhr.
655 1987 1481 2103 Schnittes Anatol. Die Vorbereitun¬
543 2030 1483 2143 gen zu dem Schnitzer=Zyklus, den unser Theater
542 2074 1475 2182 plant und der nach den bisherigen Dispositionen
539 2124 1475 2233 im Mai in Szene gehen soll, so daß er gewisser¬
530 2154 1475 2272 maßen eine Ergänzung zu den musikalischen Dar¬
539 2284 1468 2346 bietungen der Mai-Festspiele bilden soll, ist nun¬
542 2342 1481 2387 mehr bis zum „Anatol“ gediehen, jener entzückenden
544 2381 1468 2445 Szenenfolge aus dem Wiener Leben, die den Dichter
548 2426 1468 2479 so rasch berühmt gemacht hat. Einzelne dieser Sze¬
535 2466 1470 2513 nen sind an unserer Bühne bereits zur Aufführung
551 2512 1471 2562 gelangt. Nunmehr gehen die fünf „Anatol-Ein¬
548 2542 1477 2597 akter und zwar „Weihnachtseinkäufe", „Episode",
548 2587 1456 2647 „Abschiedssouper", „Die Frage an das Schicksal
551 2622 1478 2681 und zum Schluß „Anatols Hochzeitsmorgen" in
542 2672 1474 2730 Szene. Bekanntlich haben in diesem Jahre gleich¬
551 2717 1477 2773 zeitig das Deutsche Volkstheater in Wien und das
551 2762 1479 2815 Lessing=Theater in Berlin den „Anatol“=Zyklus
548 2802 1477 2854 aufgenommen und damit den größten und nachhal¬
551 2847 1470 2897 tigsten Erfolg erzielt, so daß dieser Abend an bei¬
551 2889 1479 2940 den Theatern mit steigender Zugkraft wirkt. Die
550 2926 1477 2981 Titelrolle in allen fünf Einaktern spielt Herr Til¬
551 2973 1479 3027 ler, den Max Herr Huttig. In den übrigen
554 3017 1493 3076 Hauptrollen wirken mit die Damen Steinheil, v.
551 3056 1477 3135 Helling, Medelsky, Glasei und Kaufmann Die¬
551 3110 955 3172 gie führt Dr. Eger.
721 3142 1498 3224 de 12.
2383 120 2633 185 Vertretungen
1979 156 3027 231 in Berlin, Basel, Budapest, Chicago, Cleveland, Christiania,
1983 192 3030 272 Genf, Kopenhagen, London, Madrid, Mailand, Minneapolis,
1986 234 3023 325 New-York, Paris, Rom, San Francisco, Stockholm, St. Peters¬
2371 284 2642 347 burg, Toronto.
2228 322 2781 406 (Quellenangabe ohne Gewähr).
1975 376 2334 446 Ausschnitt aus:
2034 431 2285 501 10 3. 1911
2400 439 2956 569 ches Abendblatt, Pra¬
1970 493 2104 583 vom
2205 537 2831 625 Neues deutsches Theater.
2425 605 2597 667 „Anatol.
2058 646 2985 729 Fünf Einakter aus dem Zyklus gleichen Namens von
2321 700 2727 763 Arthur Schnitzler.
2134 739 2985 805 Mit seinem „Anatol“ betraf Schnitzler, es
2059 800 2986 855 war im Jahre 1893, seine schrifstellerische Laufbahn;
2063 844 2978 898 mit diesen feingetönten Dialogen wurde er über
2070 892 2985 944 Nacht bekannt, berühmt, er wurde der Dichter des
2063 939 2989 992 „Anatol“, und das ist er eigentlich bis auf den
2067 992 2976 1035 heutigen Tag geblieben. Der Grundton aller seiner
2062 1032 2973 1086 späteren Arbeiten ist das Milieu des ebenso ver¬
2055 1082 2955 1141 himmelten als verlästerten Wiener Phäakentums-
2058 1128 2978 1184 mit seinem Steffel, mit seinen feschen Fiakern,
2070 1174 2978 1233 seinen Gassenhauern, seinen Walzern und seiner
2051 1222 2977 1281 lieben, kecken, bodenlos leichtsinnigen, aber seelens¬
2067 1270 2976 1324 guten Jugend. Wien hat in dieser Hinsicht etwas
2063 1316 2978 1374 südliches Blut in seinen Adern — auch zeigt es
2055 1366 2985 1423 eine gewisse Verwandtschaft mit Paris, mit seinem
2058 1414 2978 1470 kultivierten Geschmack und seinem leichten Sinn.
2058 1462 2978 1524 Dieses bodenständige am „Anatol“ ist seine Kraft
2058 1504 2978 1556 und auch sein eigentümlicher intimer Reiz. Die
2058 1554 2976 1612 gestrige Aufführung dieser Einakter war ein glück¬
2055 1604 2988 1652 licher Griff seitens unserer Schauspielleitung. Mit
2058 1653 2977 1700 richtigem Verständnis legte die Regie ihr Schwer¬
2063 1700 2978 1757 gewicht auf den stimmungsvollen Lokalton, der be¬
2067 1744 2980 1807 sonders in dem Eröffnungsstückchen „Weihnachts¬
2055 1795 2981 1850 einkäufe zum entzückenden Ausdruck kam. Die De¬
2061 1846 2981 1907 koration mit den erleuchteten Fenstern des Stephans¬
2063 1892 2969 1948 doms, dem Schneegestöber und den ab und zu ein
2061 1941 2969 1992 fallenden Glockentönen hüllte den ganz undrama¬
2058 1987 2978 2036 tischen Dialog des Anatol und seiner Gabriele
2055 2030 2976 2092 wie in einen weichen, märchenhaften Schleier und
2055 2080 2975 2137 gestaltete sich so zu einem sympathischen Grund¬
2061 2122 2980 2196 akkord des Abends. Herr Tiller, der die Titelrolle
2051 2179 2981 2229 durchaus spielte, hat nicht den richtigen, etwas semi¬
2051 2226 2971 2274 nin angehauchten Ton des leichtsinnigen Melan¬
2051 2266 2978 2329 cholikers Anatol; auch Frl. v. Helling ist, trotz¬
2051 2318 2978 2375 dem sie reizend wienerisch sprechen kann, um eine
2061 2366 2973 2418 Nüance zu schwer als Gabriele. Dennoch gewannen
2051 2412 2981 2471 beide dem prickelnd dahingaukelnden Dialog manche
2061 2463 2976 2517 feine Wendung ab. Sehr gut gelang ihnen die pi¬
2051 2510 2971 2566 kante Schlußpointe, die mit dem wirklichen Fiaker
2051 2563 2973 2610 auf der Bühne zu einer kleinen Sensation wurde
2055 2609 2975 2660 Der zweite Einakter „Episode" brachte Anatols Ge¬
2051 2656 2981 2719 genspieler, den nüchternen Verstandesmenschen Max
2063 2701 2976 2756 auf die Bühne. Herr Huttig stellte seinen
2061 2748 2381 2810 trockenen Humor
2422 2750 2981 2805 gewissenhaft in den Dienst
2057 2797 2392 2854 dieser undankbaren
2422 2798 2981 2871 Aufgabe. Fräulein Glasel
2055 2842 2976 2898 als Zirkuskünstlerin Bianka assistierte ganz munter.
2058 2894 2977 2952 Das „Abschiedssouper kennen wir bereits. Auch
2061 2942 2980 2994 diesmal spielte Frl. Medelsky die Ballettänzerin
2058 2993 2973 3044 Annie und gewann mit ihrer köstlichen, impulsiverlau¬
2061 3032 2980 3092 nigen Darstellung dieses materialistisch durchsetzten
2067 3089 2976 3143 süßen Mädels den Haupterfolg des Abends. In
2051 3134 2978 3189 Nr. 4 „Die Frage an das Schicksal" hat Fräulein
2058 3181 2973 3243 Kaufmann nur süß auszusehn, nett einzuschlafen,
2051 3238 2973 3288 mechanisch aus dem Schlafe zu reden und zum
2050 3284 2977 3341 Schlusse wieder süß zu sein. Das gelang ihr sehr
2049 3336 2975 3382 gut. „Anatols Hochzeitsmorgen", mit dem der
2055 3376 2969 3430 Abend schloß, war für uns auch keine Neuheit mehr,
2042 3432 2975 3483 Er bildet den Höhepunkt des Anatolschen Leichtsinnes
2080 3499 2773 3581 wir hätten bald gesagt „Blödsinnes"
2873 3516 2955 3581 und
2025 3566 2953 3636 verlangt eigentlich ein ungemein flottes Tempo. Am
2026 3595 2948 3681 besten war Frl. Steinheil als Ilona, die reizend
2026 3660 2951 3732 aussah und die Wutausbrüche des eifersüchtigen
2029 3695 2946 3767 süßen Mädels ganz überzeugend darstellte. Das
2030 3750 2942 3821 Haus war sehr gut besucht, verfolgte den interes¬
2026 3791 2947 3871 santen Zyklus mit steigendem Interesse und spendete
2020 3846 2948 3916 besonders nach dem „Abschiedssouper und dem
2030 3892 2939 3965 Schlußstücke den Hauptdarstellern lebhaften Beifall.
2020 3929 2946 4008 Der Zyklus in dieser Besetzung dürfte eine Reihe
2019 3984 2545 4057 von Wiederholungen erleben.
2793 4003 2935 4088 P. R.
