3248 4224
10 184 944 294 4.9. Anatol - Zyklus
1119 177 1471 278 box 9/4
1999 313 2336 383 fonde en 1879
1757 328 2528 545 ARGUS de la PRESSE
1916 511 2394 607 Voit Tout
1802 586 2522 656 LES PLUS ANCILES BUREAU TRAITS DE PRESSE
1799 655 2536 730 37. Rue Bergere, PARIS (9e)
1947 805 2312 914 wero.
1992 889 2620 1018 COMEDIA
1694 953 1930 1014 Extrait de :
1697 1006 2709 1115 150, AVENUE DES CHAMPS-ELYSEES
1693 1155 1819 1223 Date:
2023 1141 2529 1241 3 JANVIER 1932
1701 1226 1916 1321 Signature :
1694 1328 1946 1418 Exposition
1870 1414 2348 1482 Au Théâtre de l'Avenue
1855 1473 2355 1530 s
1851 1529 2552 1643 ANATOLE
1954 1629 2519 1709 cycle en cinq tableaux
1999 1689 2473 1779 d'Arthur Schnitzler
1874 1740 2599 1843 traduction de M. aul R. von)
1903 1875 2599 1929 Anatole, d'Arthur Schnitzler, pour¬
1876 1918 2601 1972 rait porter en sous-titre : L'Inquié¬
1867 1964 2599 2016 tude sentimentale. C'est l'étude d'un
1874 2012 2599 2055 être tourmenté plus dans son cœur que
1874 2050 2611 2110 dans son âme et plus dans son corps
1876 2097 2601 2146 que dans son cœur. Les trois premiers
1874 2142 2605 2204 tableaux de cette pièce, qui en compte
1876 2180 2601 2230 cinq, sont nuancés, délicats, d'une
1874 2225 2605 2275 ironie légère ; ce sont des scherzos en
1879 2278 2606 2327 demi-teinte d'une acuité et d'une sub¬
1879 2310 2599 2370 tilité égales. C'est d'un ironie qui est
1874 2356 2605 2419 dès proche de l'esprit français. Ses
1882 2405 2605 2462 personnages ont une grande vie inté¬
1879 2444 2603 2495 rieure ; on sent sous le texte un au¬
1879 2493 2612 2548 tre langage secret, mais qui parle au
1882 2528 2607 2584 cœur et se fait entendre autant que
1887 2573 2603 2623 celui qui est parlé. On a l'impression
1882 2615 2611 2670 l'une comédie psychologique très fine
1891 2659 2603 2722 qui procède par opposition entre les
1879 2700 2606 2755 caractères de chaque personnage et
1885 2745 2606 2800 par opposition entre chaque tableau.
1879 2783 2603 2857 Les quatrième et cinquième tableaux
1887 2832 2599 2890 ont une technique plus dramatique, au
1885 2876 2603 2933 sens où on l'entend ordinairement ;
1885 2921 2610 2973 ils passent la rampe admirablement ;
1882 2957 2603 3017 ils ont une vertu comique très vive.
1882 3009 2611 3055 Ils ont eu un plus grand succès que
1891 3048 2610 3103 les premiers. L'ironie sobre s'est
1885 3093 2606 3169 changée en humour éclatant. C'est
1894 3136 2363 3217 einen feu d'artifice.
1922 3198 2603 3253 Voici le sujet d'Anatole. Anatole est
1885 3246 2603 3308 un garçon jeune, indécis, capricieux,
1894 3288 2603 3342 qui passe d'une volonté très ferme à
1900 3330 2606 3377 abattement et à la nonchalance ; qui
1894 3376 2606 3423 une vue très claire de son état mo¬
1894 3418 2603 3468 al et psychologique, et qui soudain
1887 3459 2606 3519 cette vision si nette troublée ; il a
1885 3507 2603 3558 in caractère complexe et d’une grande
1887 3550 2603 3594 vie. Anatole a pour ami Max. Ce rôle,
1891 3592 2606 3647 Schnitzler l'a conçu un peu effacé,
1885 3637 2603 3684 in peu terne : il sert en quelque sorte
1885 3676 2603 3724 l'agent de liaison ; c'est une ficelle
1884 3718 2606 3776 dramatique, utile sans doute, mais
1891 3764 2606 3819 c'est une ficelle Anatole aime Cora
1885 3805 2606 3853 qui a l'air d'un petit ange candide. On
1894 3852 2603 3899 ui donnerait le bon Dieu sans con¬
1891 3895 2599 3942 fession. Toutefois, Anatole connaît le
1894 3940 2603 3984 tourment habituel aux amoureux : le
1885 3981 2591 4032 doute. Max lui paraîtra davantage ren¬
1882 4027 2607 4078 seigné sur la fidélité de Cora envers
1885 4068 2597 4117 Anatole. Il ne dira rien bien entendu.
1879 4113 2620 4152 Comme Anatole a un pouvoir magné¬
