3344 4256
257 205 1219 304 4.9. Anatol - Zyklus
1375 219 1741 312 box 9/1
1043 1052 1884 1154 als ihnen
1174 1201 1708 1290 1872.
974 1255 1085 1337 12.
1255 1521 2164 1596 MERE PLAYER
1214 1614 2244 1710 THE Affairs of An¬
1427 1690 2268 1824 atol Is Like a
1025 1751 2458 1907 Whirling Viennese Waltz with Five
1003 1914 2443 1996 Different Partners for the Philan-
1011 1982 1617 2096 dering Anatol.
1357 2101 2452 2170 the time and Isabelle Le
1360 2152 2449 2219 ever been a more Some of them have little to do, but they
1367 2192 2461 2253 lever dramatio triffe are all wisely chosen and make an inter¬
1366 2231 2190 2284 offered in this city esting gallery of portraits.
1750 2241 2460 2311 It must have taken some courage on
1371 2279 1717 2333 han The Affairs of
1369 2298 2458 2362 Anatol," by Arthur the part of Winthrop Ams to present
1371 2335 2467 2396 Schnitzler, which de Carin little trife in his carming
1367 2376 2465 2434 ighted its audience playhouse. One of the cleverest of present
1357 2429 1728 2483 last night in the Lit¬
1366 2465 1567 2523 te Theatre.
1393 2494 1721 2559 With no more
1358 2547 1724 2597 morals than a Resto¬
1014 2572 1730 2635 ration comedy, it is every whit as spark¬
1011 2625 1730 2673 ling. Here the gay life of Vienna is de¬
1016 2657 1735 2713 picted in five little vignettes, which lose
1020 2693 1735 2742 none of their color in transportation from
1022 2733 1730 2784 their native Vienna to the equally cos¬
1016 2771 1630 2824 mopolitan atmosphere of New York.
1034 2809 1735 2865 In fact, the little play may be likened
1022 2844 1744 2887 to a Vienna walt with a gay young man
1016 2880 1739 2931 dancing through its mazes, slipping adroit-
1025 2916 1735 2961 ly from the arms of one charmer into those
1022 2952 1735 3003 of another. Through all the gayety their
1020 2990 1742 3036 is heard the undercurrent of sadness, or at
1025 3025 1744 3077 least of pensiveness, that rings through
1025 3059 1514 3114 many of the famous waltes.
1031 3083 1730 3162 Anatol calls himself a toy philosopher.
1022 3133 1744 3188 He is a worthy young person with a pen¬
1025 3173 1744 3226 chant for falling in love and out again.
1027 3210 1742 3260 Five of his innumerable affairs are shown,
1031 3249 1737 3296 each at the moment when it is culminating.
2298 3231 2427 3313 re
1036 3287 1744 3349 The heroines are of widely variant
1822 3289 2436 3367 MISS DORIS KEANE IN THE
1031 3318 1744 3371 types a shopgirl, a circus performer,
1828 3345 2326 3412 AFFAIRS OF ANATOL
1029 3365 1746 3409 an opera singer, a married woman and
1025 3387 2476 3441 a dancer. Anatol is last seen on his way day English dramatists, Granville Barker,
1025 3434 2478 3479 to his wedding, and the spectator feels has been entrusted with the translation
1029 3472 1697 3527 sure that this is not the final affair."
1762 3470 2476 3516 or, as it is called in the programme, the
1038 3507 2481 3555 John Barrymore as the sentimental male paraphrase. He has succeeded in keeping
1029 3539 2478 3594 flirt carried the piece with a light, deft the spirit of the original, even in its
1031 3574 2469 3635 touch and a most disarming tact. The moments of bitter sweet sentimentality
1031 3610 2472 3670 five heroines are Miss Marguerite Clark. The play will appeal only to the sophisti
1034 3657 1875 3718 Miss Gail Kane, Miss Doris Kenne, Miss cated.
