3484 4256
272 251 1236 341 4.9. Anatol - Zyklus
399 760 1219 964 Klose & Seidel
420 931 1196 1037 Bureau für Zeitungsausschnitte
426 1001 1190 1105 Berlin NO. 43, Georgenkirchplatz 21
405 1212 1088 1323 Zeitung: Deutsche Warte
970 1317 1184 1404 Berlin
408 1335 530 1417 Ort:
405 1443 611 1524 Datum:
465 1609 1335 1773 Kunst u. Wissenschaft.
521 1714 1272 1829 merelle des Deutschen Theaters.
569 1792 1329 1892 In ersten Male: Anatol von
443 1829 1329 1940 Arther Schnitzler, Spielleitung: Iwan
449 1874 674 1949 Schmidt.
500 1917 1311 2024 Wie verblaßt erscheinen uns heute diese
441 1961 1315 2060 dramatischen Bilder, die Arthur Schnitzler im
443 2007 1315 2093 Jahre 1893 als der damalige hervorragendste
437 2051 1312 2133 Vertreter von „Jung=Wien“ schrieb. Was ist aus
440 2082 1312 2172 dem sorglosen, leichtlebigen „Jung=Wien“ von
428 2118 1318 2210 damals geworden! Damals und noch längere
431 2168 1303 2256 Zeit später konnte man wenigstens an seiner ge¬
437 2211 1306 2295 fälligen Eleganz eine gewisse Freude haben. Aber
422 2238 1305 2337 diese Formen sind uns, die wir so Schweres
422 2282 1302 2369 durchgemacht haben, gleichgültig geworden. Wir
422 2321 1299 2404 haben uns mehr daran gewöhnt, in den Kern der
416 2351 1291 2443 Dinge zu schauen und zu prüfen, ob er faul oder
416 2402 1291 2480 gesund ist. Was für ein Interesse können wir
411 2438 1290 2528 da noch finden an einem leichtfertigen
411 2473 1290 2560 Melancholiker wie dem von Schnitzler vorge¬
416 2513 1290 2609 führten Anatol, dem Vorbild jener blasierten
413 2557 1288 2638 Lebemenschen, die vielleicht über manche ge¬
407 2593 1284 2677 winnende Formen verfügen, aber in ihrer
401 2629 1284 2717 neurasthenischen Passivität gegenüber ethischen
398 2677 1279 2746 und politischen Grundsätzen auch nicht die ge¬
404 2714 1281 2797 ringsten Stützen der Gesellschaft sind? Nein,
398 2741 1275 2833 dieser Anatol und seine Abenteuer, in denen er
395 2785 1276 2873 nicht einmal die Freuden des Lebens in vollen
398 2825 1273 2914 Zügen zu genießen vermag, sind uns gleichgültig
395 2873 1269 2950 geworden, so wenig Schnitzlers feine, stimmungs¬
386 2900 1269 3002 volle Schilderung dieser morschen Welt bestritten
381 2932 491 2990 wird.
443 2971 1261 3066 Die Spielleitung hatte den sicheren Instinkt,
380 3001 1266 3096 daß der Mattheit dieser dramatischen Bilder auf¬
383 3060 1258 3138 geholfen werden müsse, und gab den darin ent¬
375 3096 1255 3186 haltenen Humoren kräftige Farben, besonders im
375 3136 1252 3228 „Abschiedsouper" und in „Anatols Hochzeits¬
371 3187 1252 3258 morgen". Von den Darstellern sorgte vor allem
380 3216 1257 3297 Hermann Thimig als trocken humoristischer
372 3244 1251 3339 Max dafür, daß keine Langeweile aufkam. Anton
372 3294 1239 3379 Edthofer gab den Anatol, als dessen vortref¬
363 3324 1248 3417 licher früherer Vertreter Eugen Burg in bester
372 3370 1246 3459 Erinnerung ist, echt wienerisch, zwar nicht allzu
369 3406 1240 3493 elegant, dafür aber recht lustig. Die Dame in
360 3451 1236 3528 dem Bild „Weihnachtseinkäufe wurde von Lina
360 3481 1243 3576 Lossen mit vornehmer Menschlichkeit, die
351 3537 1236 3614 Dämchen in den anderen Bildern von der (ihrer
363 3562 1230 3648 Rolle entsprechend) molligen Erika von
351 3598 1234 3683 Thellmann, der aufgekratzten Margarete
354 3645 1228 3719 Christians, der naiv-dreisten Margarete
345 3674 1243 3759 von Bukovics und der temperamentvollen
348 3719 874 3806 Stelle Arbenina gespielt.
1064 3749 1252 3833 XV.
1372 230 1741 330 box 9/3
2055 1299 2828 1368 Schnitzlers „Anatol" in den Kammerspielen.
1895 1359 3022 1419 Die von der Regie Iwan Schmith's betreut, saubere
1934 1390 3016 1453 flotte Einstudierung von fünf der amüsanten Anatol-Szenen
1917 1426 3021 1494 nach der faden Cochennerie modernster französischer „Origi¬
1869 1465 3018 1539 scheität", sagt Rudolf Lothar) schon ein Labsal. Schnitzlers sycho¬
1872 1513 3028 1570 logie der Frau, die sich nicht gern langweilt, ist auch nicht prüde.
1872 1546 3018 1612 Aber sie ist echtet, blutvoller als die blecherne Konstruktion mittel¬
1878 1579 3024 1648 mäßiger Pariser Stückefabrikanten, wenn sie auch selbst aus
1875 1621 3033 1686 (besseren) französischen Mustern erworben ist. Die Darstellung des
1833 1656 3037 1740 von mensch allzumenschlichen Hemmungen geplagten modernen
1863 1705 3018 1809 Don Juans Anatol durch Anton Edhofer ist im großen
1866 1759 3009 1856 und langen auf der Höhe. Hermann Thimig mit den
1872 1789 3009 1896 guten Freund Max mit gut verhaltenem Humor, und die Damen
1871 1835 3021 1932 v. Theilman, Lossen, Christians, v. Bukovics und
1875 1880 3018 1964 Arbenina tollen und schmollen als mehr oder weniger proble¬
1884 1913 3024 2000 matische Weibchen, spaßig durch die Handlung. Das Reklame¬
1878 1946 3021 2043 bedürfnis der Kostümlieferanten muß auf den Inseratenteil ver¬
2878 1980 2986 2040 Wr.
1875 2024 2154 2085 wiesen werden.
1904 2213 2683 2416 Klose & Seidel
1926 2381 2684 2491 Bureau für Zeitungsausschnitte
1916 2446 2692 2567 Berlin 10. 43, Georgenkirchplatz 211
2270 2624 2618 2725 Die Frei¬
1902 2680 2100 2782 Zeitung:
2361 2702 2590 2827 Berlin
1904 2810 2027 2890 Ort:
2561 2807 2659 2933 .
1902 2903 2115 2993 Datum:
1919 2998 3072 3100 „Anatol (Kammerspiele). Der geistvolle Schwätzer mit Tra¬
1887 3060 3067 3133 nendlich und Philosophen — Bimbam spricht zu uns, Wien¬
1893 3112 3078 3181 Paris und berühmtes jüdisches Herz. „Anatol"; ziemlich ab¬
1890 3145 3076 3226 gestandene Kost von 1900. Schnitzler zeigt, wie ein unsympathischer
1890 3192 3084 3265 Nichtstuer herumliebelt und verläßt uns mit dem erhebenden
1887 3241 3081 3313 Ausblick, daß sein Held es nach der Hochzeit weiter so treiben
1887 3289 3078 3343 wird. Man fühlt: der Dichter moralisiert mit schwerem Herzen.
1895 3318 3081 3390 Im Grunde liebt er alle diese Flachköpfe und will uns zu ähn¬
1889 3378 3076 3436 lichen Abenteuern Lust machen. Daher fühlt sich auch unser so¬
1893 3400 3081 3483 genanntes besseres Publikum bei diesen Stücken wohl, obgleich
1895 3451 3081 3525 es bereits empfindet; da ist nicht viel dahinter. Anton Edt¬
1896 3495 3082 3564 hofer trug nichts dazu bei, seinen Anatol sympathisch zu ge¬
1899 3528 3082 3603 stalten. Er schwebte mit bleichem Antlitz zwischen Schauspiel und
1895 3574 3076 3641 Lustspiel und war weder originell noch lebendig. Seinen lang¬
1899 3617 3085 3683 weiligen Freund, der ihn heimlich bewundert, gab Hermann
1893 3666 3084 3726 Thimig ebenso unbedeutend. Trotz aller Routine wußte er
1899 3705 3085 3762 nichts im Gang, Rede und Erlebnis aus seiner allerdings sehr
1893 3737 3088 3804 undankbaren Rolle herauszuholen. Aber gerade in solchen Fällen
1902 3786 3093 3863 zeigt sich ein feineres Talent am deutlichsten. Lina Lossen,
1899 3822 3079 3894 als Gabriele, hatte trotz des Geistig=Zugespitzten, das ihr stets
1898 3863 3088 3927 anhaftet, viel echten Charme, und Margarete Christians
1898 3912 2732 3999 gab viel Temperament und Natürlichkeit her.
