3248 4256
34 155 715 278 4.9. Anatole-
758 166 920 241 ku
829 216 919 266 .
1155 153 1513 248 box 9/4
979 789 1769 910 „OBSERVER
1067 886 1720 966 I. österr. behördl. konzessioniertes
1034 924 1748 1023 Unternehmen für Zeitungs-Ausschnitte
1086 994 1679 1078 WIEN, I., WOLLZEILE 11
1159 1048 1608 1124 TELEPHON R-23-0-43
959 1159 1321 1265 Ausschnitt aus:
1051 1293 1589 1397 Grazer Tagblatt,
950 1376 1684 1506 vom 17. Februar 1933.
875 1608 1940 1752 Theater und Kunst
1195 1754 1669 1853 Schnitzlers „Anatol“
905 1852 1990 1920 Gastspiel von Bürg- und Volkstheater=Mitgliedern
902 1902 2032 1968 Gestehen wir es uns ruhig und vorbehaltlos ein: wir
843 1960 2032 2023 haben das Verständnis für Schnitzlers Figuren ver¬
843 1998 2035 2070 loren, uns gehen diese Dämmercharaktere, die nichts
844 2042 2038 2109 anderes zu tun haben, als über ihre breitgetretene Er¬
847 2087 2039 2155 tik nachzugrübeln, herzlich wenig an. „Wühlen" nennt
853 2131 2045 2198 das einmal Anatol richtig. Wir wühlen nicht gerne, wir
850 2174 2038 2243 bevorzugen Klarheit und weite Sicht. Wir lieben auch
850 2216 2039 2280 nicht das Zwielicht der seelischen Vieldeutigkeit, wir er¬
852 2258 2035 2329 bauen uns vielmehr an geradlinigen, herzhaften Men¬
866 2311 2044 2374 schen. Vollends die Passivität, das Keuchen unter der
850 2345 2032 2415 Bürde der uns aufgelasteten Triebe, das Spiel mit
856 2388 2035 2451 der Sentimentalität, hinter der doch bloß die beschnitt¬
861 2432 2039 2500 tenen Krallen eines Raubtierchen stecken, sind uns
858 2486 1211 2556 wenig erfreulich.
926 2516 2041 2594 Daß Schnitzler, der ein typischer Vertreter seiner rasch
858 2576 2047 2637 verblühten Epoche ist, heute noch immer viel gespielt
861 2617 2047 2686 wird, liegt vor allem an den schauspielerischen Aufgaben,
861 2660 2041 2727 die er stellt. Sie sind ein dankbares Feld für die dar¬
869 2708 2054 2772 stellerische Begabung. Und in der Tat: in glänzender
866 2745 2050 2809 Darstellung wird uns Schnitzler noch immer erträglich,
858 2799 1171 2868 ja genußreich.
930 2828 2055 2910 Der Abend, den uns die Wiener Gäste boten, war
865 2880 2055 2947 eine Leistung von fast kammermusikalischer Feinheit
869 2931 2053 2993 und schönster farbiger Abstufung. Raoul Aslans
872 2968 2053 3036 Anatol ist ein Kabinettstück intimer Porträtkunst. Salon¬
878 3017 2053 3082 schliff und Gefühlsduselei, Triebhaftigkeit und Nerven¬
869 3066 2060 3123 schwäche, die Fülle der Lebemannssucht und der Funke
869 3103 2053 3163 von männlichem Idealismus sind in eine richtige Mi¬
878 3158 2060 3215 schung getreten, die durch den Zuschuß von ein bißchen
869 3189 2061 3250 Humor, ja von Sarkasmus sichere Wirkungskraft besitzt.
872 3234 2053 3302 Das unsentimentale, blutstärkere Gegenstück hiezu
869 3276 2058 3343 zeichnete Paul Wagner mit herzhaften und sympathi¬
881 3320 2073 3387 schen Strichen. Von den Damen bot vor allem Almia
878 3369 2055 3424 Seidler eine prächtige, erheiternd Typenstudie in der
875 3402 2053 3473 Gestalt der handfesten, magentüchtigen und mundwerk¬
877 3445 2070 3513 rührigen Annie. Maria Kramer meisterte die Wiene¬
877 3484 2061 3554 rische Note gut. Ebba Johannsen milderte die Herb¬
878 3543 2060 3603 und Derbheit der Ilona durch fraulich warme, gewin¬
883 3576 2067 3655 nende Züge und war auch als Gabriele von vorteilhafter
875 3632 1122 3692 Einfachheit.
941 3649 2064 3751 Das volle Haus feierte die Gäste mit herzlicher Teil¬
1803 3705 2026 3783 Dr. N. L.
875 3725 1040 3787 nahme.
