3248 4256
609 109 780 186 Wien,
711 163 839 248 la
660 275 858 338 an
626 309 838 431 SE
251 442 1229 640 Hans Wengrafs Burg
572 702 855 790 die
310 759 1321 860 Als Anatol im Akademietheater.
711 830 801 910 Von
675 889 826 968 Videns.
264 928 1343 1028 Es ist ein Einzelbeispiel für die echt wienerische Art, aus
168 1005 1342 1065 einem Minderwertigkeitsgefühl heraus bodenständige Talente
168 1048 1346 1117 nicht sofort anzuerkennen, daß die österreichischen Schauspieler
165 1101 1346 1163 mit wenigen Ausnahmen erst in Deutschland auf ihren richtigen
165 1148 1346 1206 Wert hin erkannt wurden. Der Stern Elisabeth Bergners ist
171 1198 1346 1260 in Berlin aufgegangen, Anton Edthofer, Rudolf Forster, Fritz
168 1246 1350 1305 Kortner — um nur einige Namen zu nennen — haben jahre¬
171 1293 1349 1347 lang in Wien gewirkt, aber erst in der deutschen Reichshauptstadt,
171 1343 1352 1401 die längst die Börse für Theatererfolge geworden ist, ihren
165 1386 1350 1448 Hochwertrang erhalten. So mußte auch Hans Wengraf nach
171 1439 1349 1497 kurzer Anfangstätigkeit in Wien lange Jahre in Hamburg ge¬
174 1482 1355 1545 feiert sein, es mußte ein Direktionswechsel im Burgtheater
171 1531 1353 1588 kommen, bis dieser in gutem Sinne wienerische Künstler in
177 1569 1353 1643 seiner Geburtsstadt zeigen kann, was er an der Alster, wo er
168 1619 1355 1698 von der Sonne und der Gunst des Publikums beschienen wurde,
168 1674 415 1760 geworden ist.
272 1699 1358 1785 Kein schlechter Gedanke, Wengraf als Anatol debütteren zu
177 1764 1353 1822 lassen, der in Hamburg einer seiner größten Erfolge gewesen
180 1813 1355 1884 ist und ihm zugleich Gelegenheit gibt, sein Wienertum, das
174 1862 1356 1924 er sich auch in der Fremde bewahrt hat, zu erweisen. Ist doch
183 1918 1358 1980 der Anatol eine Figur, die zwar einer heute bereits in den
189 1953 1356 2026 genannten besten Jahren stehenden Generation angehört, die
194 2006 1353 2067 och auch dem jungen Mann von Anno 1932 nahesteht.
272 2051 1359 2104 ser nämlich auch für Fußballsport schwärmt und um
313 2095 1356 2169 s heute viel sachlicher denkenden süßen Mädels
171 2148 1358 2222 weniger mit schönen Worten als durch den Besitz eines Autos
468 2197 1350 2246 doch ein Schuß Sentimentalität und Nach¬
177 2203 298 2264 wirbt,
180 2241 1362 2314 denklichkeit geblieben, der die Sache, die man Liebe nennt,
182 2287 1300 2373 immer noch mit einem Schimmer von Romantik umkleidet.
284 2314 1362 2401 Sein Erstauftreten als Anatol mußte auch deshalb
251 2382 1358 2444 ders interessant erscheinen, weil man von der Neu¬
202 2423 1355 2494 zenierung der fast klassischen Szenenreihe her in dieser Rolle noch
182 2478 1359 2544 Raoul Aslan in Erinnerung hat. Nun, Wengraf ist jedenfalls
185 2527 1359 2596 wienerischer. Er zeigt merkwürdigerweise, obwohl er jünger ist,
177 2575 1364 2642 weit mehr den Anatol, den Schnitzler dem Leben und sich
188 2633 1367 2692 selbst nachgezeichnet hat, als Aslan, der eher einen blasierten
185 2671 1256 2736 Salonlöwen des 20. Jahrhunderts spielt. Der Debitant,
188 2720 1365 2779 Gesichtschnitt mit den kurzen Koteletten der typische Wiener
191 2766 1359 2832 Flaneur, spricht zunächst den Prolog mit großer Musikalität des
189 2815 1365 2878 Wortes, poesievoll und doch natürlich, und entwickelt dann in
188 2869 1364 2931 dem ersten Einakter („Die Frage an das Schicksal") eine wohl¬
183 2920 1361 2985 tuend berührende Geschicklichkeit, die Pointen graziös fällen
194 2967 1370 3026 zu lassen und dadurch um so wirksamer zu bringen. Mit leichter
191 3005 1364 3069 Melancholie schildert er in den „Weihnachtseinkäufen" den
191 3048 1364 3113 Typus des süßen Mädels und die Sehnsucht des von den
191 3103 1370 3168 Frauen des Salons ohne Mut zur Tat geliebten Anatol, der
197 3146 1361 3218 sich zur Liebe der Vorstadt flüchten muß. Reizend weiters,
191 3194 1365 3268 wie er vom „Abschiedssouper" an einen selbstironisierenden
191 3237 1364 3313 Humor und einen ganz scharmanten Ton der Noncholance
188 3290 1367 3349 entwickelt. Jedenfalls eine Leistung, die anzeigt, daß das
194 3338 1370 3407 Burgtheater wieder den lang entbehrten jugendlichen
194 3401 696 3463 Bonvivant gewonnen hat.
298 3413 1371 3499 In den übrigen Rollen sieht man die Besetzung der Neu¬
192 3480 1371 3546 inszenierung vom Januar, aus der die Annie Alma
202 3530 1370 3596 Seidlers durch ihren sieghaften, einfallsreichen Humor
197 3576 1374 3639 hervorragt, während Emmerich Reimers als Max diesem
199 3624 1370 3689 Anatol gegenüber nicht genügend jung erscheint. Neu ist nur die
197 3669 1371 3732 Cora Maria Kramers, die mit jeder neuen Rolle zeigt, wie
197 3716 1371 3787 wertvoll sie einst dem Burgtheater werden wird. Sie gibt ein
202 3775 1373 3839 primitives Vorstadtmädel in seiner ganzen Leichtigkeit und
198 3812 1373 3880 Einfalt mit einer geradezu entzückenden Unbefangenheit. Die
194 3861 1373 3927 übrigen Frauen und Mädchen um Anatol sind bei Lilli
194 3911 1376 3977 Marberg, Ebba Johannsen und Maria Mayen in
202 3957 1384 4041 bewährten Händen. Das Publikum ließ die Gelegenheit nicht
199 4008 1067 4099 vorbeigehen, den neuen Anatol laut zu feiern.
2215 139 2509 217 Zyklus
1557 149 2280 245 4.9. Anatole-
1733 959 2512 1095 „OBSERVER
1823 1062 2481 1148 I. österr. behördl. konzessioniertes
1801 1093 2518 1201 Unternehmen für Zeitungs-Ausschnitte
1859 1161 2451 1260 WIEN, I., WOLLEILE 11
1938 1220 2388 1306 TELEPHON R-23-0-43
1758 1345 2122 1463 Ausschnitt aus:
2188 1616 2500 1715 Der Tag, Wien
2082 1707 2460 1838 A SEP. 12
1949 1873 2510 1983 Debut Hans Wengraf
1993 1955 2487 2058 Akademietheater — Anatol
1837 2018 2679 2104 * Nach Leopold Kramer, Gustav Waldau und
1803 2088 2668 2151 Raoul Aslan spielt nun Hans Wengraf den
1800 2139 2667 2209 Anatol. Keiner von seinen Vorgängern kam so
1803 2187 2667 2249 jung wie er zum Anatol, und keiner blieb ihm
1806 2240 2670 2302 so fremd, fast als hätte der Wiener Hans Wen¬
1808 2269 2661 2346 graf in Hamburg sein Wienertum verloren.
1806 2329 2667 2386 Aber es liegt nicht am Außerlichen der uner¬
1808 2363 2677 2433 lebten Bühnensprache ohne Schnitzlerische Melo¬
1808 2414 2670 2485 die und Klangfarbe, es liegt an der innerlichen
1803 2453 2667 2535 Distanz, die zwischen den Generationen klafft.
1806 2507 2670 2574 Um über dieses seelische Mißverstehen und Nicht¬
1806 2561 2671 2624 kennen der Voraussetzungen hinwegzuspielen,
1813 2609 2674 2676 die einen genießerischen Typ wie Anatol mög¬
1806 2654 2670 2717 lich machen, dazu wiederum ist Hans Wengrafs
1813 2717 2679 2769 Begabung zu schmal, zu sehr grau in Grau ge¬
1814 2757 2676 2818 halten. Es mögen ihm andere, schärfer kon¬
1811 2800 2676 2860 turierte Gestalten besser liegen, das wird sich
1813 2844 2680 2921 erst zeigen. Das Empfindsame, wo die anderen
1811 2889 2674 2968 nur genießen können, das Musikalisch=seelen¬
1811 2936 2679 3005 hafte, die innere Noblesse jedenfalls ist nicht
1814 2983 2679 3054 Wengrafs Sache. Sein Anatol wird nie beim
1810 3029 2683 3104 Heurigen sitzen und ein Glas Wein trinken, sein
1811 3079 2680 3149 Anatol ist auf Mineralwasser gestellt. Damit ist
1811 3126 2686 3196 das Burgtheater einen Schritt weiter auf dem
1814 3174 2686 3245 Weg zum Normal-Stadttheater gekommen. Von
1820 3221 2692 3307 den übrigen gibt Alma Seidlers Übermut
1819 3270 2689 3342 entfesseltes Theater, spielt Lilli Marberg eine
1826 3316 2688 3391 feine Damenparodie, plaudert Maria Mayen
1820 3364 2688 3434 mondäne Zurückhaltung und ist Emmerich
1816 3431 2683 3515 Reimers ein ins Kleinbürgerliche degra¬
2487 3460 2652 3539 0 m. i.
1817 3480 2055 3558 dierter Max.
2680 129 3026 232 box 9/4
