3248 4256
49 170 633 260 4.9. Anatol
1163 166 1519 261 box 9/4
1065 743 1848 843 „OBSERVER
1142 827 1804 890 I. österr. behördl. konzessioniertes
1122 877 1838 945 Unternehmen für Zeitungs-Ausschnitte
1186 927 1764 1021 WIEN, I., WOLLEILE 11
1259 993 1711 1063 TELEPHON R-23-0-43
1069 1129 1422 1205 Ausschnitt aus:
1228 1175 1914 1280 Neues Pressburger Tagblatt, Pressburg
1298 1319 1761 1423 6 FEB. 1933
1077 1367 1206 1425 vom
1390 1460 1584 1544 Anna
1144 1501 1926 1603 Erst in seiner Vollständigkeit ist dieser Ein¬
1074 1562 1932 1642 akterzulas zu verschen. Die Luf einer farbigen
1074 1601 1938 1678 Vergangenheit weit daraus den Duft einer ver¬
1076 1638 1934 1720 blaßen, de vollen Zierum, Ein Wien ersteht
1083 1694 1931 1759 vor uns, das längst in den geschichtlicher Ver¬
1089 1729 1940 1803 gessenheiten unserer bürgiebigen Zeit entschwun¬
1082 1768 1940 1840 den, wo die Menschen noch Muße hatten zu träu¬
1089 1801 1946 1877 men, sich Stimmungen zu ergeben vornehm zu
1097 1839 1946 1921 sein und frei zu plaudern, wo man das Leben
1092 1872 1949 1952 um seiner selbst genossen, die Stadt der „leicht¬
1094 1907 1941 1998 sinnigen Melancholiker und der „füßen Mädel
1092 1940 1951 2032 mit dem Walzerhythmus in den Beinen, mit
1086 1985 1955 2071 den leisen Tränen in den Augen und den zer¬
1103 2028 1955 2114 stochenen Fingern. Der Reigen der Liebschaften
1091 2063 1956 2148 um den niemals so echt fröhlichen Liebeskünstler
1101 2100 1963 2183 Anatol und um seinen sachlich, trockenen Kiebit
1100 2141 1958 2228 Max wird hier zu einem sindlichen Reigen:
1097 2175 1966 2264 aus vom nicht die Bühnenwirksamkeit eines Ak¬
1107 2218 1961 2303 tes oder die zarte Lyrik eines Gespräches haften
1105 2256 1964 2339 bleibt, sondern die Gesamtheit der leichten und
1103 2294 1969 2373 doch so tief sinnvollen Stimmung. Der Dichter
1544 2329 1968 2397 lebt in diesem 40 Jahre
1091 2359 1961 2446 die
1110 2406 1481 2469 alten Werke heute
1122 2404 1978 2497 ja manche fast sagen, die Patina der Ver¬
1116 2454 1978 2535 bung, der Wunschraum einer längst ent¬
1125 2487 1978 2576 schwundenen, aber gar liebevollen Zeit vergoldet
1118 2540 1712 2621 die Geltsträne dieser Dichtung.
1199 2552 1992 2640 Dies zeigte sich auch bei der montägigen
1122 2608 1982 2681 Aufführung. Nun sitzt schon ein Publikum im
1131 2639 1988 2726 Theuer, das gar wenig Gemeinsames mit der
1127 2681 1989 2765 Anatol Stimmung hat, unstete, im Schatten der
1127 2735 1998 2806 Sorgen sich mühende Menschen: und dennoch ver¬
1134 2761 1998 2839 schließen auch sie sich nicht dem ewigen, leisen
1137 2806 2002 2878 Worte des Dichters. Sie gingen mit und zeigten
1139 2844 1991 2938 sich über alle Feinheiten des Dialogs und der Dy¬
1133 2910 1347 2964 rik entzückt.
1216 2911 2002 2995 Anatol war Raoul Aslan, ein etwas ge¬
1146 2950 2002 3036 wichtiger, niemals anderer Gehlsphilosoph.
1148 2990 2017 3079 Er hat den Zaher des Eroberers und die
1144 3033 2010 3119 Schermut des im Genosse eigentlich immer un¬
1159 3067 2005 3152 zufriedenen Träumer. Vor allem aber die Per¬
1156 3106 2009 3187 schkeit des Bühnenbeherrschers. Neben ihm
1813 3144 2018 3206 geflissentlich
1159 3161 1776 3240 Emmerich Reimers, ein
1154 3192 2013 3265 era trockener Lebenspraktiker, mit der leisen
1160 3228 2021 3307 Komik des ewigen Kiebites. Im Reigen der
1168 3264 2026 3349 Frauen war die Gabriele Ebba Johannsens
1160 3301 2031 3385 in nach einkaufes die schauspielerisch und
1163 3348 2029 3428 mentlich feinste Leistung, ihre Ilona war na¬
1169 3376 2036 3465 türlich auch interessant, doch entsprach diese Rolle
1177 3415 2033 3501 ihrer Persönlichkeit nicht. Zwei süße Mdels
1177 3465 2039 3542 spiele Maria Kramer, eine junge Schauspie¬
1177 3491 2036 3579 lerin, die den Sprüchtenfel des Temperaments in
1185 3532 2043 3619 Amen. Bewegungen und Sätzen hat, außerdem
1175 3571 2043 3660 über hat sie viel komische Begabung und ist von
1192 3608 2042 3695 Der Schigkeit Gott sei Dank, meilenweit ent¬
1189 3647 2048 3735 fernt. Jedenfalls hat Fräulein Kramer gleich
1190 3689 2052 3775 beim ersten Male die Preßburger benungen.
1187 3727 2047 3806 Annie Hartmann hatte ner Gelegenheit,
1192 3766 2053 3853 ihre vorteilhafte Bühnenerscheinung und ihre
1192 3815 1824 3902 Sicherheit unter Beweis zu stellen.
1265 3840 2058 3935 Die stimmungsvolle Darstellung und die rei¬
1195 3883 2055 3983 zenden Kostüme gefielen dem Publikum, das das
1195 3947 1718 4032 Haus füllte, außerordentlich.
