3248 4256
17 195 969 300 19. Anatol - Zyklus
1100 180 1444 277 box 9/4
1497 71 2216 154 i t a n
1495 142 2224 192 désire Gabrielle, mais celle-ci ne
1492 186 2221 238 consent plus. Elle a honte sans doute
1492 226 2216 278 d'avoir une fois manqué à ses devoirs
1492 270 2227 324 d'épouse et de mère ; elle a appris,
1495 312 2224 366 aussi à connaître Anatole, et cet
1495 353 2212 411 amant qu'elle sait volage et si peu sur
1492 397 2215 462 de lui la rend défiante et prudente.
1497 442 2211 501 Ils se sépareront pour ne plus se re¬
1495 476 2227 533 voir. Est-ce qu'Anatole va renoncer à
1501 525 2227 580 toute aventure sentimentale ? Voici
1495 580 2227 634 qu'au troisième tableau il apporte à
1497 612 2223 665 son ami, pour les lui confier, toutes
1501 658 2218 715 les reliques de ses amours : lettres.
1501 698 2224 756 mèches de cheveux, fleurs fanées. Ils
1495 742 2224 791 en font tous les deux le mélancolique
1507 785 2236 842 inventaire. Max soudain, annonce la
1506 843 2221 879 visite de Bianca, Bianca? Mais Ana¬
1497 869 2227 935 tole l'a connue et il l'a aimée : il l'a
1507 919 2227 965 follement aimée ; elle est partie un
1501 956 2221 1014 beau jour et la voici qui réapparaît.
1507 1006 2227 1051 C'est assez pour ranimer la flamme
1497 1051 2227 1107 morte dans le cœur d'Anatole. Bianca
1495 1092 1638 1163 arrive.
1525 1145 2227 1210 Hélas ! elle ne reconnait pas Ana¬
1503 1204 2227 1260 tole. Le fait-elle exprès ou est-elle sin¬
1509 1244 2227 1292 cère? Elle déclare voir Anatole pour
1503 1290 2223 1336 la première fois. Dépité. Anatole cède
1507 1330 2236 1380 la place rageusement à l'oublieuse ou
1507 1374 2238 1425 à la railleuse. Il aura vite une autre
1501 1412 2238 1472 ami. Elle se nommera Annie. D’elle
1513 1457 2230 1507 il ne tardera pas à subir impatiem¬
1509 1496 2232 1560 ment la tendresse. Et il la convie à
1507 1547 2227 1591 un dîner qui sera un diner d'adieu.
1503 1585 2235 1651 Au dessert, il lui annoncera qu'il la
1503 1627 2235 1687 quitte. Anatole n'a pas de chance.
1507 1672 2232 1723 Avant qu'il ait parlé, c'est nie qui
1503 1714 2235 1775 lui signifie la rupture. On imagine la
1503 1760 2232 1823 rage d'Anatole ; il fait d'abord contre
1503 1801 2235 1851 mauvaise fortune bon cœur ; mais son
1513 1845 2236 1898 dépit éclate. C'est infiniment amusant
1502 1890 2229 1940 et d’une absolue réussite. Anatole est
1507 1933 2236 1984 toutefois incorrigible. Il a décidé de
1509 1975 2238 2022 faire une fin. Il va se marier. Mais
1509 2014 2241 2071 la veille de son mariage il ramène
1513 2060 2238 2113 chez lui Ilona, qu’il avait jadis la¬
1513 2100 2230 2152 chée. Il doit se marier dans deux heu¬
1515 2147 2238 2198 res et Ilona vient de se réveiller ; elle
1515 2184 2241 2234 est en pyjama et elle prend son petit
1513 2231 2238 2275 déjeuner. Elle déclare un fol amour
1515 2273 2241 2326 Anatole Elle assure que cette fois
1513 2314 2242 2368 elle ne se laissera pas semer. Il faut
1509 2357 2235 2404 enfin la mettre devant la réalité. Elle
1515 2400 2241 2445 crie, elle hurle, elle trépigne. Anatole
1515 2442 2247 2495 en profite pour s'en aller. Mais déjà
1515 2488 2241 2540 on sent en lui, à la pensée de son
1519 2525 2248 2579 mariage imminent, un regret. Il va
1515 2565 2241 2622 tout de même à la mairie et à l’église.
1515 2612 2244 2685 Ah! la malheureuse femme que la
1515 2656 1874 2715 femme d'Anatole !
1557 2684 2240 2748 Cette pièce, qui est remarquable¬
1513 2747 2236 2792 ment mise en cène par Mlle Geor¬
1519 2781 2232 2839 gette Boner et M. Michel Tchekhoff.
1509 2835 2241 2875 est fort bien jouée. On rencontre là
1519 2874 2244 2927 des acteurs que l'on ne voit pas assez
1513 2918 2248 2962 souvent sur d'autres scènes. Les di¬
1509 2965 2238 3019 recteurs de théâtre devraient avoir
1519 3001 2238 3057 l'œil sur eux. Je veux parler de Mlle
1515 3048 2238 3091 Yvette Andrévor et de M. Louis Ray¬
1515 3088 2235 3147 mond. M. Louis Raymond a admira¬
1515 3136 2235 3187 blement compris son rôle ; il le joue
1515 3173 2241 3220 avec élégance et finesse ; il le vit
1515 3219 2232 3280 surtout profondément et il exprime
1515 3267 2232 3319 tout ce que sous entend le texte aussi
1515 3308 2232 3356 bien que les insées exprimées par
1521 3354 2229 3403 les paroles. Il a une certaine désinvol¬
1515 3396 2232 3446 ture qui donne à son jeu un rythme
1521 3431 2229 3481 très personnel. Mlle Yvette Andrevo
1519 3475 2224 3535 a joué deux personnages : Gabrielle
1515 3520 2235 3590 dont elle accentue la distinction, la
1519 3567 2236 3612 réserve un peu mélancolique, les ar¬
1515 3614 2240 3658 rière-pensées douloureuses : elle a
1518 3653 2250 3728 été surtout exquise dans Annie. Elle
2274 3008 2960 3082 y a une grâce légère, une ironie et
2267 3066 2990 3123 lante ; son interprétation est dans
2266 3115 2981 3173 cette scène de tout premier ordre. M.
2270 3153 2982 3209 Alfred Penay a le rôle ingrat de Max
2270 3200 2994 3253 il y est correct, distingué, froid comme
2267 3240 2984 3294 il sied. Toutes les qualités que de¬
2267 3279 2988 3346 mande son rôle, il les a. Mlle Ver¬
2267 3337 2985 3382 Scherbane est une Cora fine, sensi¬
2270 3372 2978 3426 ble et jolie. Mme Irène Hupka a ur
2267 3420 2987 3472 jeu qui a de la saveur. Mlle Dagmar
2267 3458 2984 3507 Gérard joue le rôle d'Ilona. Elle cri¬
2267 3502 2933 3570 un peu trop ; elle a de l'abatage
2265 3538 2781 3615 mais quel jeu désordonné
2649 3590 2892 3650 Par intérim,
2602 3637 2939 3716 Max FRANTEL.
