3296 4224
1218 186 1584 266 box 8/6
815 186 1017 263 yklu-
111 188 599 263 4.9. Anato
872 1520 2933 1584 Nüancen=Tünche. Anatol ist so ein sonderbarer Schwär¬ zu dem guten Abgang im „Hochzeitsmorgen"), auch das
869 1576 2931 1620 mer, der jeder seiner Amouren, ob sie nun im Hinter= Stimmgefistele als Ausdruck höchster Nervosität im letzten
872 1612 2926 1662 stüchen des Vorstadthauses sich mühsam den kärglichen Akt mißfiel mir immerhin lassen sich Skodas Fehler leich
875 1649 2923 1695 Lebensunterhalt erstichelt, oder als lebenslustiges korrigieren. Von den Damen erwähnte ich bereits loben
872 1687 2933 1734 Balletenschen uneingeengt von moralischen Hemmungen Frl. Jauck, die anderen Weibchen fanden ihre Darstelle¬
872 1726 1889 1770 durchs Dasein tänzelt, oder schließlich als wohlerzogene
1914 1729 2931 1772 rinnen in den Damen v. Pothy (Cora), Lamberg
872 1760 1891 1814 Mondaine nur geschmackvoll und heimlich sündigt, eine
1920 1762 2928 1827 (Bianca) und Fabry (Ilona), sie fanden sich im allge¬
875 1796 2554 1845 individuelle Seele andichtet; sein Auge haftet am faden meinen gut mit ihren Aufgaben ab,
869 1832 1894 1891 dünnen Nüancenschleier und ist blind dafür, daß überall
18 1803 668 1914 ckseite beachten!
1989 1816 2928 1883 Alles in allem: Die Schnitzerschen Einakter sind des
872 1870 1803 1922 ein und dasselbe Wesen dahintersteht: das Weibchen.
1917 1852 2936 1917 Ansehens wohl wert; sie vermeiden „Probleme" (denen
253 1883 658 1974 Telephon 12.801.
1917 1914 2933 1956 das Breslauer Publikum ja bekanntlich ängstlich aus dem
947 1891 1889 1958 Anatol gegenübergestellt finden wir den anderen Ge¬
1914 1948 2936 1994 Wege geht, wie der stets mangelhafte Besuch des seriösen
864 1925 1889 2012 nießerty, seinen Freund Max. Eine Petronius Natur,
1914 1989 2933 2028 Schauspiels hinlänglich erweist, und sind im Grunde ami¬
869 1984 1889 2033 kühl und skeptisch veranlagt; die guten Geistesgaben zu
457 2000 560 2082 e
1917 2025 2928 2067 sante, dramatisierte Plaudereien über das Thema Liebe
869 2020 1894 2072 fein ironisierenden Spott verspielend; mit nur einem
872 2064 1891 2110 anerkannten Gott: dem guten Geschmack. „Leichtsinniger
1914 2061 2933 2103 (con variacione). Da ferner Regisseur Bonno alles Mög¬
26 1963 312 2154 ER
872 2092 1889 2144 Melancholiker charakterisiert sich Anatol in einem der
1914 2095 2931 2141 liche für die Inszenierung der Einakter tat, ist anzu¬
869 2131 2939 2170 (nicht aufgeführten) Einakter („Weihnachtseinkäufe"), aber nehmen, daß der erfreulich gute Besuch, den das Lobe¬
872 2167 1883 2219 mit dem Substantiv hat er Unrecht, seine Melancholie ist
1907 2172 2936 2232 theater Sonnabend und Sonntag zeigte, dem Anatol au
98 2149 686 2239 konz. Unternehmen für
862 2211 1881 2255 ausgeklügelte Pose, raffiniert erdacht zur Genußerhöhung
2732 2211 2823 2268 E. S
1907 2211 2466 2260 längere Zeit treu bleiben wird
21 2211 387 2278 ungsausschnitte
862 2247 1886 2296 des im Grunde banalen Genießers, weit eher haftet der
869 2276 1886 2327 Seelenruhe (im Sinne der Ataraxie der antiken Skeptiker)
26 2247 686 2337 for ordiaplatz 4.
869 2309 1891 2363 seines Freundes Max Melancholie an. Trotz des lachenden
142 2319 289 2376 tungen
867 2356 1889 2402 Spottes! — Und die Charaktere der vier Frauen? Nun,
142 2345 681 2415 Chicago, Cleveland, Christiania,
862 2389 1891 2441 eben: Weibchen! Man erlasse mir die Nüancenschilderung.
142 2410 676 2459 Madrid, Mailand, Minneapolis,
942 2425 1889 2477 Gut ausgewählt sind die vier Einakter: „Frage
137 2448 684 2510 rancisco, Stockholm, St. Peters¬
867 2464 1883 2513 an das Schicksal", „Abschiedssouper", „Episode", „Anatols
142 2482 299 2546 Toronto.
869 2500 1886 2552 Hochzeitsmorgen". Sie genügen vollauf zur Charakter¬
142 2521 529 2611 ohne Gewähr
862 2544 1881 2588 analyse der zwei Männer. Am besten gefiel der zweite
134 2536 591 2683 neu ge¬
869 2575 1886 2624 Einakter „Abschiedssouper"; auch weil er weitaus am
859 2606 1883 2678 besten gespielt wurde. Die Jauck war hier unübertreff¬
867 2650 1703 2694 lich in der Darstellung des Theatermädel
1749 2657 1889 2704 Annte:
95 2660 268 2753 1911
862 2686 1883 2745 Famos offenherzig, allerliebst beschwist, wundervoll ver¬
867 2722 1883 2776 fressen (der einzig prägnante Ausdruck) und reizend bös¬
235 2737 454 2810 einer
859 2768 1883 2810 artig, als ihr Anatol klar macht, daß auch er bereits Er¬
170 2771 833 2861 Von Arthur Schnitzler. Als
872 2797 1876 2843 satz für sie in petto hat. Weit kühler ließ die „Frage an
57 2835 833 2884 nitzler zum mindesten in seinen eben Ein
862 2830 1883 2884 das Schicksal“, die der mit Hypnotiseurfähigkeiten begabte
59 2872 1883 2926 denen am Sonnabend vier in Szene gingen, Anatol — nicht tut, obwohl es ihm ein Leichtes wäre,
36 2900 841 2954 der Nachweis nämlich, daß es Lebemännchen
867 2910 1883 2959 von der hypnotisierten augenblicklichen Courdame zu er¬
26 2946 838 2998 as Weib bitte, den Typus: Weibchen!) noch
867 2946 1881 3011 fahren, ob sie ihm wirklich treu ist. „Episode" und „Hoch¬
26 2982 841 3032 en. Sie lassen sich durch Nüancen tauschen, von
862 2982 1731 3032 zeitsmorgen" sind amusant und fanden Beifall.
26 3016 838 3062 jede Frau meinetwegen eine besondere zum
929 3006 1881 3078 Müller als Max war wieder voll auf der Höhe,
26 3057 831 3106 auch zurecht gemacht hat; aber, du lieber Himmel
867 3055 1886 3117 sein lächelnder Spott war so echt wie sein ästhetischer
26 3091 1883 3148 busch dort bleibt doch nun mal „Der Flieder Widerwillen gegen Maxens Geschmacklosigkeit, den er am
31 3122 841 3194 ich ihn nun in knospender, zartgrüner Früh¬
867 3140 1876 3186 „Hochzeitsmorgen" mühsam aus den Armen der letzten
70 3158 833 3212 oder in voller duftender Blüte, oder als
862 3176 1878 3220 Flamme entwinden muß. Skodas Anatol dagegen war
18 3202 838 3256 entlaubender Herbststrauch betrachte, und
862 3212 1886 3259 keineswegs überall einwandfrei, arg übertrieben war unter
41 3243 1883 3331 bleibt Weibchen" tros noch so geschickter anderem 1. B. der Abgang in der „Episode im Gegensatz
