3436 4256
1350 205 1729 299 box 8/5
243 228 1312 317 4.9. Anatol - Zyklus
1176 1440 1539 1528 Telephon 12.801.
1322 1546 1402 1615 4.
1210 1605 1340 1673 -
695 1518 1132 1685 OBSER
475 1666 1531 1750 1. österr. beh. konz. Unternehmen für Zeitungs¬
682 1723 1331 1789 Ausschnitte und Bibliographie.
652 1779 1378 1861 Wien, I., Concordiaplatz 4.
884 1851 1156 1914 Vertretungen
479 1881 1544 1954 in Berlin, Brüssel, Budapest, Chicago, Cleveland, Christiania,
488 1934 1540 1989 Genf, Kopenhagen, London, Madrid, Mailand, Minneapolis,
481 1974 1536 2023 New-York, Paris, Rom, San Francisco, Stockholm, St. Peters¬
879 2019 1148 2067 burg, Toronto.
836 2051 1199 2118 gelangt dann die
488 2086 1487 2201 Ausschnitt aus der
1070 2197 1619 2297 en
1090 2287 1566 2401 unter
744 2377 1191 2466 Berliner Premieren.
495 2447 1407 2515 Berlin, 3. Dez. (Privattel.) Arthur Schnitzler
512 2467 1523 2573 bekannte Szenenreihe „Anatol, die mit elegante
505 2542 1427 2603 Ironie psychologische Bildchen aus dem wechsel¬
503 2570 1456 2649 wollen Liebesleben eines Wiener Lebemannes und
499 2626 1423 2690 Stimmungskünstlers festhält, wurde im Lessing
503 2670 1423 2721 heater in 5 Akten zum ersten Male gegeben.
495 2706 1416 2773 Dabei erwiesen sich Teile „Frage an das Schick¬
496 2757 1419 2806 sal und Abschiedssouper wieder als die bühnen¬
491 2802 1419 2869 wirksamsten. Auch der Schluß gefiel. Im übri¬
491 2848 1424 2904 gen zeigte sich daß diese kleinen feinen Scherze
484 2884 1419 2936 doch zu zart sind, um auf der Bühne in größerer
488 2922 1428 2982 Anzahl hintereinander sich behaupten zu können.
488 2973 1440 3046 Im ganzen wurde eine freundliche Aufnahme er¬
488 3006 580 3064 zielt.
542 3034 1428 3113 Das Neue Schauspielhaus führte
2370 839 2821 963 ne
2035 924 2409 1010 Ausschnitt aus:
2043 1046 2185 1098 vom
2275 1016 2753 1135 4-OUEN. 1916
2238 1180 2889 1280 Theater und Musik.
2138 1259 2986 1330 J. K. Das Lessing=Theater brachte gestern
2118 1326 2798 1390 Sonnabend) zum erstenmal Arthur
2106 1331 2992 1407 bekannten Anatolius
2103 1396 2990 1458 führung jene vor etwa 17 Jahren, zu Beginn
2103 1440 2982 1486 der schriftstellerischen Laufbahn des Dichters er¬
2103 1476 2998 1526 schienenen dramatischen Skizzen, in denen er mit
2103 1519 2984 1563 Geist und Grazie Liebesfreud und leid de¬
2109 1555 2990 1600 „leichtsinnigen Melancholikers Anatol schildert.
2085 1587 2984 1643 Dem Publikum bereiteten die mehr oder minder
2085 1633 2990 1703 olligen Abenteuer des tragikomischen Helden
2091 1675 2990 1727 der Dekadenz lebhaftes Vergnügen, die reizvollen
2087 1714 2986 1767 Pointen des Dialogs fanden vollstes Verständ¬
2091 1747 2986 1798 nis; es war ein ungetrübt heiterer Abend, den
2106 1790 2985 1833 schon deswegen kein Mißton störte, weil Mon¬
2091 1827 2984 1873 sieur Anatol ja ein guter, alter Bekannter war.
2099 1870 2992 1919 den man nicht mit kritischen Augen zu betrachten
2098 1909 2986 1957 brauchte. Den herzhaftesten Beifall fand die be¬
2097 1943 2982 1998 kannteste der Szenen, das vielgegebene Ab¬
2106 1981 2992 2038 schieds souper; sehr belustigend wirkte
2097 2018 2990 2066 „Anatols Hoheitsmorgen, der so
2097 2061 2986 2103 drastisch den Schwerenter in schwerer Not
2097 2099 2990 2147 darob zeigt, wie er einer eben wiedergefundenen
2097 2143 2984 2186 rabiaten Freundin entkommen soll, um seinen
2097 2178 2982 2222 hochzeitlichen Verpflichtungen nachzugehen, und
2103 2213 2984 2265 einen recht anheimelnden Eindruck machte die in
2106 2255 2993 2303 feinerem Ton gehaltene Skizze: „Weihnachts¬
2111 2293 2988 2339 einkäufe, die an Anatols vergebenes
2110 2334 2982 2377 Liebeswerben um die Gunst einer schönen Frau
2094 2371 2981 2418 erinnert, die nicht den Mut hat, so glücklich
2099 2406 2985 2455 mit ihm zu sein, wie sein süßes Mädel aus der
2099 2445 2985 2497 Vorstadt. Ziemlich matt wirkte die „Episode".
2097 2483 2990 2531 deren inhaltlicher Reiz für die Bühne gar zu
2099 2530 2992 2571 kärglich ist, und die „Frage an das
2097 2562 2990 2609 Schicksal nahm man als niedliche Ein¬
2097 2601 2982 2668 leitung zu den weiteren Heldentaten Ana¬
2365 2638 2984 2690 ängstlich davor zurückscheut, sich
2094 2641 2279 2698 tols, der
2099 2678 2986 2730 von der hypnolisierten Geliebten die Frage
2094 2720 2990 2765 nach ihrer Treue beantworten zu lassen, in
2150 2754 2982 2806 endlich abwartender Laune hin. Heinz Mon¬
2097 2796 2982 2845 nand gab den Anatol mit trefflicher Charakteristik
2106 2837 2981 2878 und einer Fülle natürlichen, liebenswürdigen
2097 2869 2996 2933 Humors, der auch die bedenklichsten Seiten des
2111 2906 2981 2956 schwächlichen Weiberhelden versöhnlich über¬
2111 2942 2990 3004 strahlte. Das war kein schablonisierter Witzblatt¬
2106 2990 2985 3041 trottel, keine kecke Schwankfigur, sondern ein
2106 3028 2981 3076 Mensch, der überraschend echte Typ all der Ano¬
2097 3058 2982 3109 tols, die Schnitzler hier getreu nach dem Leben
2103 3105 2978 3149 geschildert hat. Reicher als Freund Max sekun¬
2106 3140 2974 3185 dierte mit der ihm eigenen Bonhomnie und abge¬
2106 3184 2992 3246 klärte Ruhe, wenn es gilt, den Ueberlegenen
2131 3245 3005 3317 spielen. Die verschiedenen Freundinnen Ana¬
2926 3288 3004 3340 Vor
2134 3292 2870 3348 tols waren ihres Helden würdig.
2130 3332 3000 3389 allem Irene Triesch, die durch Tempe¬
2131 3364 3005 3421 rament und Liebe dem Bedrängten den
2138 3398 2998 3454 Gang zur Hochzeit außerordentlich belustigend er¬
2138 3440 3009 3505 schwerte, und Mathilde Sussin, deren Annie im
2141 3478 3005 3544 „Abschiedssouper die Begabung der Darstellerin
2134 3517 3008 3577 von einer neuen Seite zeigte. Sehr fein spielte
2131 3556 3009 3618 Lina Lossen die junge Frau, die nicht den Mut
2141 3597 3009 3658 zum Glück findet; Hilde Herterich und Paula
2138 3636 3006 3693 Somary fanden sich mit ihren weniger dankbaren
2138 3668 3005 3733 Aufgaben in bester Laune ab. Lessings Inszenie¬
2137 3718 3009 3773 rung hatte in jeder der Szenen für einen stim¬
2138 3760 3006 3800 mungsvollen Rahmen gesorgt, und es ist anzu¬
2138 3785 3012 3845 nehmen, daß der alte Anatol die Mühe, die man
2143 3823 3021 3912 an seine dramatische Verjüngung gewendet,
2138 3869 2378 3939 lohnen wird.
