3484 4256
1405 221 1779 317 box 8/4
301 216 1246 343 4.9. Anatol - Zyklus
605 1088 1644 1203 Bitte Rückseite beachten!
1223 1171 1627 1269 Telephon 12.01.
1429 1276 1512 1372 et
909 1343 1330 1445 SERVI
590 1419 1656 1526 I. österr. behördl. konz. Unternehmen für
891 1492 1355 1563 Zeitungsausschnitte
598 1546 1640 1629 Wien, I., Konkordiaplatz 4.
989 1605 1255 1662 Vertretungen
587 1627 1646 1710 in Berlin, Basel, Budapest, Chicago, Cleveland, Christiania,
590 1674 1642 1754 Genf, Kopenhagen, Lotton, Madrid, Mailand, Minneapolis,
584 1704 1732 1826 New-York, Paris, Rom, San Francisco, Stockholt. Etats¬
979 1762 1260 1831 burg, Toronto.
832 1782 1446 1879 (Quellenangabe ohne Ge¬
580 1854 948 1937 Ausschnitt aus:
861 1957 1118 2040 1.
580 1967 708 2058 vom
679 2101 1610 2221 Der König von Bulgarien und die
1016 2184 1255 2254 Eiscrème.
759 2198 1599 2311 Bei der letzten Aufführung von Schnitzler
642 2271 1607 2347 Anatol-Zyklus war es, im Deutschen
641 2320 1612 2395 Volkstheater. In Vertretung von Pepi
641 2361 1607 2434 Glöckner, die derzeit in der Bier trinkenden Haupt¬
638 2408 1609 2482 stadt des Bajuvarenlandes mimt, hatte Paula
642 2455 1602 2520 Menart die Rolle der Annie im „Abschiedssouper
634 2498 1607 2555 übernommen. Die Handlung des Einakters wieder¬
632 2542 1607 2611 zugeben, kann ich mir wohl ersparen. Wer hat nicht
632 2589 1610 2649 über die witzige Geschichte und über die Enthüllungen
634 2612 1613 2692 gelacht, die zwischen der Ballerin und ihrem abfallreifen
634 2668 1602 2732 Verehrer ausgetauscht werden. Wütend stürzt die kleine,
635 2715 1607 2779 raffinierte Gauklerin ab, die ihren Meister gefunden
627 2758 1612 2826 hat. In dem Moment, da sie verschwinden soll, bringt
628 2798 1607 2885 der Kellner eine Schüssel mit Crème in das Zimmer.
598 2868 1577 2976 Fräulein Menart hatte sich warngespielt, außerdem
597 2959 1572 3012 wirkte die mit dem Debüt verbundene, begreifliche
598 2985 1573 3063 Nervosität mit . . . Sie markierte der Abgang von der
590 3028 1567 3102 Bühne zu lebhaft und fuhr mit beiden Händen in die Eis¬
590 3082 1575 3148 crème hinein. Rechts und links zerstob das appetitliche,
600 3116 1566 3183 fatalerweise diesmal zu weich hergestellte Zeug und
594 3150 1559 3229 nicht bloß die in der ersten Orchesterreihe sitzenden
591 3203 1563 3275 Damen und Herren bekamen einen Teil davon...
584 3249 1559 3309 Auch der König von Bulgarien, der die Proszenium¬
588 3286 1559 3355 loge im Partere okkuperte, wäre beinahe mit einigen
584 3337 1552 3402 Spritzern bedacht worden. Man lachte herzlich zu der
580 3366 1566 3457 Bescherung und am lautesten lachte der König von
581 3409 787 3475 Bulgarien.
1408 3432 1530 3503 sch.
2284 311 2544 405 Wenden
2781 303 3126 415 Telephon 2.
2343 435 3052 541 ODSENTEN
2334 510 3065 581 I. österr. behördl. konz. Unternehmen
2270 555 3125 618 für Zeitungs-Ausschnitte und Bibliographen
2317 610 3101 701 Wien, I. Concordiaplatz 4
2547 689 2876 761 Vertretungen
2270 724 3126 802 in Berlin, Budapest, Chicago, Christiania, Genf
2270 789 3129 838 Kopenhagen, London, Madrid, Mailand, Minne¬
2277 824 3135 891 apolis, New-York, Paris, Rom, San Francisco
2472 868 2932 936 Stockholm, St. Petersburg.
2481 921 2929 985 (Quellenangabe ohne Gewähr.)
2273 979 2644 1059 Ausschnitt aus:
2308 1042 2682 1139 Haus Frei¬
2280 1111 2404 1163 vom
2134 1221 3155 1329 Generalversammlung des Teutschen Volk
2455 1303 2852 1379 theater=Vereines.
2858 1329 3176 1415 Wien, 7. April.
2170 1369 3210 1449 Heute nachmittags hat im neuen Foyer des Deutschen
2077 1445 3208 1492 Volkstheaters die 25. Generalversammlung des Vereines des
2087 1482 3210 1533 Datschen Volkstheaters stattgefunden. Präsident Oberbaurat
2080 1529 3208 1580 Fellner eröfnete die Sitzung und teilte mit, daß 29 Mit¬
2090 1569 3210 1624 glieder mit 375 Stimmen vermieten seien und die Versammlung
2081 1615 3209 1672 daher beschlußfähig sei. Er widmete den verstorbenen Mit¬
2084 1653 3208 1702 gliedern Vizepräsidenten Oberbaurat Kaiser und Re¬
2087 1693 3210 1747 gierungsrat Wock einen waren Nachruf und erstattete
2087 1742 3213 1793 über das abgelaufene Jahr einen Bericht, der namentlich die
2087 1783 3213 1837 Erfolge von „Glaube und Heimat“, des „Anatole-Zyklus und
2086 1817 3210 1877 des „Gardeoffizier hervorhob. Sehr freundliche Beachtung,
2083 1860 3210 1911 heißt es in dem Bericht weiter, fanden Slobodas „Der kleine
2090 1907 3205 1954 Herrgott und Hans Müllers „Das Wunder des Beatus.
2087 1946 3202 2003 während die in dieser Saison recht zahlreichen Première
2087 1987 3208 2050 franzosischer Stücke nach dem etwas nachhaltigeren Erfolge des
2084 2037 3205 2087 „Kleinen Schokoladenmädchens" trotz lievoller Inszenierung
2078 2077 3212 2123 und vorzüglicher Darstellung auf eine gewisse Ermüdung im
2087 2117 3208 2167 Publikum stießen, das nun hinter den bestechenden Quali¬
2081 2158 3205 2214 täten der Mache den mäßigen inneren Wert dieser Art drama¬
2087 2205 2764 2253 tischer Literatur zu erkennen beginnt.
2161 2234 3210 2298 Oberbaurat Fellner teilte noch zum Schlusse mit, daß
2084 2273 3208 2334 anstatt der bisherigen jährlichen Dotierung von 4000 K. für
2081 2325 3208 2382 den Pensionsfonds des Deutschen Volkstheaters der Ausschuß
2078 2365 3208 2420 beschlossen habe, diesem Zwecke einen Fonds von 100.000 K.
2081 2410 3210 2470 zuzuweisen. Aus dem Rechnungsberichte, den kaiserlicher Rat
2081 2455 3205 2528 Boschan zur Kenntnis bringt, geht hervor, daß der Ge¬
2073 2498 2978 2551 winn in diesem Jahre 42.629 K. den habe.
2167 2524 3208 2582 Professor Dr. Reich erklärt, diesmal von dem künst¬
2078 2582 3208 2635 lerischen Ergebnis des Theaterbetriebes befriedigt zu sein, und
2078 2624 3208 2671 wünscht eine weitere Ausgestaltung der klassischen Montags¬
2078 2665 3213 2714 aufführungen. Er führt ferner aus: Die beiden stärksten
2078 2709 3212 2755 Kassenerfolge rühren von Werken zweier deutschösterreichischer
2087 2754 3208 2804 Autoren her: von Schnitzler und Schönherr, so daß
2081 2796 3210 2842 diese Schöpfungen nicht nur vor der Kritik sondern auch vor
2078 2835 3205 2891 dem Publikum bestehen konnten. Zu Ostern werde von
2087 2875 3208 2932 „Glaube und Heimat“ die 36. Aufführung stattfinden; dies
2084 2919 3213 2966 sei ein sehr erfreuliches Ereignis. Zum Schlusse beantragt der
2081 2962 3208 3011 Redner, der Verein möge 10.000 K. zum Ankauf Schönherr¬
2090 3005 3210 3058 scher Werke für österreichische Volksbibliotheken bewilligen.
2054 3045 2704 3102 Dieser Antrag wird angenommen.
2186 3126 3233 3195 Direktor Weisse betont, es sei heuer zum erstenmal,
2111 3180 3230 3238 daß ihm in der Generalversammlung keine Strafpredigt ge¬
2117 3222 3230 3286 halten werde. Er dankt für die ihm gewidmeten anerkennen¬
2117 3265 3233 3318 den Worte und verspricht das Deutsche Volkstheater auch
2103 3306 3236 3362 ferner als Mittelpunkt des künstlerischen Lebens Wiens er¬
2108 3343 3232 3399 halten zu wollen; er bleibe bestrebt den Werken deutschöster¬
2103 3389 3232 3439 reichischer Autoren seine Aufmerksamkeit zuzuwenden. Es seien
2110 3427 3235 3473 an 206 Spielabenden 188 deutsche Werke, 157 Werke vater¬
2108 3475 3232 3539 ländischer Autoren und 31 Stücke reichsdeutscher Autoren auf¬
2108 3517 2401 3580 geführt worden.
2186 3529 3233 3604 Die sodann vorgenommenen Wahlen hatten folgendes
2111 3582 3235 3650 Ergebnis: In den Ausschuß wurden entsendet: Dr. Adolf
2114 3639 3233 3694 Daum, Herrenhausmitglied Sektionschef Exner, Kommer¬
2114 3682 3235 3734 zialrat Moritz Pflaum, Kommerzialrat Schostal, kaiser¬
2103 3721 3232 3774 licher Rat Beschhorner, Kommerzialrat Alfred Schmidt;
2106 3766 3235 3813 in den Revisionsausschuß Generalkonsul v. Wiesenburg,
2106 3803 3236 3854 Karl Hartl, Franz Georg Bujatti; als Ersatzmänner
2106 3846 3022 3920 Norbert Schmitt, Kommerzialrat v. Harpe.
2739 3927 2855 3988 .
