3436 4352
1339 166 1681 273 box 8/4
225 159 926 273 4.9. Anatol-
968 152 1169 278 klus
1160 496 1457 596 Telephon 12.101.
598 566 1127 739 „OBSERVE
391 706 1457 809 1. österr. behördl. konz. Unternehmen für Zeitungs-Ausschnitte
575 781 1284 849 Wien, I., Concordiaplatz 4.
786 842 1062 900 Vertretungen
386 862 1452 944 In Berlin, Basel, Budapest, Chicago, Cleveland, Christiania,
393 938 1454 987 Genf, Kopenhagen, London, Madrid, Mailand, Minneapolis,
395 970 1443 1048 New-York, Paris, Rom, San Francisco, Stockholm, St. Peters¬
781 1008 1068 1062 burg, Toronto.
709 1035 1132 1118 lenangabe uns den
386 1094 744 1187 Ausschnitt aus:
591 1169 862 1272 11.12.1910
390 1227 521 1328 vom
428 1321 1401 1415 Auch das Deutsche Volkstheater wollte
327 1389 1401 1464 Artur Schnitzler huldigen und brachte fünf
325 1429 1395 1519 reizende Haroplaudereien, die vortrefflich ge¬
327 1508 1398 1588 spielt wurden. Herr Kramer entfaltete seinen
327 1555 1395 1648 Lebemannshumor, der in so und so vielen fran¬
320 1606 1398 1695 zösischen Stücken seine Reife erlangt hat und
323 1685 1391 1768 die Damen Hannemann, Müller, Galafres,
323 1734 1391 1809 Glöckner und Reinau boten entzückende Spiel¬
318 1784 933 1873 arten des süssen Mädels.
414 1854 1389 1943 Der Jubel des Publikums war voll berechtigt,
320 1898 1389 2018 wenn auch viele soziale Sympathien für die Familie
313 1952 846 2069 Schnitzler mitspielten.
323 2391 676 2506 OBSERVER
290 2474 732 2557 I. österr. behördl.
344 2541 668 2637 konzessionirtes
426 2593 603 2679 Bureau
297 2635 701 2731 für Leitung nachrichten
430 2707 589 2777 Wien, I.
323 2710 673 2834 Konkordeplatz 4
432 2843 687 2960 11.12.1991
659 3018 1569 3133 Wiener Hausfrauen Zeitung, Wien.
391 3133 1679 3291 Von den Newallführungen dieser Woche sei vor allem jene des
266 3203 1658 3334 Deutschen Volkstheaters erwähnt, wo Artur Schnitzlers „Anatol
271 3266 1662 3397 einen echten Lustspielerfolg errang. Die reizenden die teil¬
259 3305 1664 3436 weise bereits bekannt waren, bilden in ihrer Gesamtheit einen Reigen,
257 3352 1660 3485 den die Figur des Anatol zur Einheit verbindet. Die Darstellung ent¬
252 3390 1650 3560 ledigt sich ihrer Aufgabe bestens, und so gab es denn ungezählte Her
248 3446 419 3535 vorrufe
2702 322 3013 425 Telephon 12.301.
2710 405 2805 495 4
2160 474 2787 564 „OBSERVER
1961 547 3013 619 1. österr. behördl. konz. Unternehmen für Zeitungs-Ausschnitte
2127 610 2836 680 Wien, I., Concordiaplatz 4.
2340 668 2613 734 Vertretungen
1940 697 3004 769 in Berlin, Basel, Budapest, Chicago, Cleveland, Christiania,
1952 764 3004 811 Genf, Kopenhagen, London, Madrid, Mailand, Minneapolis,
1948 799 3004 860 New-York, Paris, Rom, San Francisco, Stockholm, St. Peters¬
2333 835 2616 895 burg, Toronto.
2270 870 2691 959 lange des die
1945 937 2948 1106 sucht aus Wiener Salonblatt.
2139 1031 2408 1148 12.000
1948 1066 2066 1162 vom
2165 1185 2712 1288 Die Theaterwoche.
1898 1260 3081 1342 Die Arthur Schnitzlerschen fünf Einakter „Die Frage an das
1777 1325 3083 1401 Schicksals, Weihnachtseinkäufe, Abschiedssouper, Episode= und
1784 1388 3084 1436 Anatols Hochzeitsmorgen fanden im Deutschen Volks¬
1784 1428 3084 1498 theater eine begeisterte Aufnahme. Etwas seichtere Psychologie
1782 1478 3076 1550 mit wenig dramatischer Kraft, eher pikant pointierte Novelletten,
1777 1522 3088 1587 doch dies unsere Privatmeinung. Die Darstellung, die Damen
1782 1583 3081 1636 Käthe Hannemann, Hedwig. Reinau, Josefine Glöckner, Paula
1781 1620 3090 1688 Müller und Elsa Galafres, großartig. Herr Lackner als Max voll¬
1786 1674 3086 1742 ständig richtig im Tone und in der Art. Herr Kramer als Anatol,
1781 1723 3093 1789 bald Hartmann, bald Korff, bald der und jener, aber immer schon
1784 1775 2406 1831 etwas zu sehr nach der Jugend.
2635 2209 2945 2329 12.
2085 2284 2691 2466 „OBSERVER
1879 2426 2950 2539 der daher an Mann die Ladungen
2062 2520 2784 2588 Wien, I., Concordiaplatz 4.
2273 2564 2565 2632 Vertretungen
1879 2569 2939 2681 de Deel, and, Budapest, Catana, durant, il
1886 2656 2920 2709 Genf, Kopenhagen, London, Madrid, Mailand, Minneapo¬
1879 2695 2934 2779 New-York, Paris, Rom, San Francisco, Stockholm, St. Peter
2273 2738 2565 2791 burg, Toronto.
2214 2775 2639 2857 de des das
1889 2836 2246 2925 Ausschnitt aus:
1880 2972 2013 3060 vom
2022 3025 2882 3172 Theater und Kunst.
1952 3154 3030 3236 Deutsches Volkstheater. Zwanzig Jahre hat es ge¬
1847 3203 3030 3284 dauert, bis wir den reizenden Einakter=Zyklus von
1861 3263 3030 3322 Schnitzler auch auf einer deutschen Bühne zu sehen be¬
1856 3308 3039 3378 kamen. Schnitzlers Verehrer kennen dieses Jugendwerk
1858 3359 3035 3418 des Dichters aus dem Buch. Das Publikum des Deutschen
1858 3411 3030 3471 Volkstheaters hat diese Niedlichkeiten sehr warm auf¬
1849 3455 3028 3512 genommen. Es wurde vorzüglich gespielt und die Her¬
1858 3512 3030 3570 ren Kramer und Lackner konnten ihre Kunst durch
1856 3560 3034 3609 Vertrautheit mit den darzustellenden Typen recht wirk¬
1861 3607 3051 3671 sam stützen. Sie hatten Situationen darzustellen, die fast
1858 3652 3037 3710 jeder besser situierte Mann bereits erlebt hat, und in künst¬
1849 3701 3035 3768 lerischen Schilderungen von Lebenswahrheiten liegt die
1849 3754 3039 3810 besondere Geschicklichkeit Schnitzlers. Die weiblichen Rollen
1849 3804 3046 3869 lagen in den Händen der Damen Hanemann, Re¬
1852 3851 2868 3937 nau, Glöckner, Müller und Galafres.
