3344 4224
140 164 422 271 4.9.
1255 164 1620 282 box 9/5
633 164 929 291 1 Zy
110 962 189 1028 der
143 976 471 1077 abzuleiten ver¬
513 984 1637 1061 gefunden hatten, machten den Magistratsdirektor Dr. Weis¬
1680 998 2774 1080 lassen. Dr. Weiskirchner will sich jezt durch den
502 1050 1637 1110 kirchner zum Präsidenten des Abgeordnetenhauses, mit ihrer
93 1044 474 1127 allen Umständen
1678 1072 2804 1135 die Konsumenten der versäumten Bürgermeisterwürde
510 1096 1631 1154 Hilfe rückte er zum Handelsminister empor. Der Kern und die
384 1102 471 1160 Die
58 1088 332 1168 holen muß.
1680 1124 2802 1176 wieder nähern. Aber die schönen Worte des heutigen Ge¬
510 1146 1637 1203 überwiegende Mehrheit der Reichspartei waren aber die
140 1140 474 1217 Ausgleichsgesetze
1680 1171 2802 1242 meinderates werden die Reden des früheren Handels¬
510 1192 1631 1255 Agrarier. Um ihre Gunst bemühte sich Dr. Weiskirchner,
71 1187 466 1258 Staaten im Auge
1680 1220 2322 1302 ministers nicht vergessen machen.
510 1245 1634 1299 nach ihrem Willen richtete er sein Tun und Lassen. So
52 1234 463 1313 Parlament vorgeredet.
58 1294 474 1357 ungen über den Zoll¬
502 1288 1667 1351 bekam Oesterreich einen Handelsminister, der mit seinem
1686 1384 2802 1453 schlafenen Deutschen Theaters in London, bemühte sich
504 1395 1642 1453 angeboten hatte, ging ich gleich auf den Zweck meines
1680 1428 2807 1497 schon seit einer Reihe von Jahren, mich nach London zu
504 1442 792 1521 Besuches über.
167 1436 474 1541 ert größerer
603 1461 2804 1552 „Ich bin gekommen, die banale Frage an Sie zu bringen. Dieser unermüdliche Enthusiast verdient eine
1675 1532 2802 1593 Medaille und den Dank des deutschen Kontinents. Durch
513 1530 1184 1598 stellen, wie es Ihnen hier gefällt."
178 1519 477 1612 sere gegen¬
609 1573 1639 1642 „In einer halben Stunde habe ich ein Rendezvous
1680 1593 2807 1650 ihn wurde Granville Barker auf mich aufmerksam gemacht;
217 1584 450 1689 rleitung.
510 1620 1639 1686 mit der entzückendsten Frau der Welt," antwortete Anatol;
1678 1628 2799 1689 und da Barker Schauspieler, Regisseur, Theaterdirektor und
515 1672 1642 1732 „ich finde London herrlich. Sehen Sie, hier zum Beispiel
1675 1675 2799 1738 Dramatiker in einer Person ist, so gelang es ihm leichter,
238 1661 477 1763 it
513 1727 1639 1785 sitze ich jeden Morgen stundenlang, beobachte, sauge ein,
1675 1724 2802 1787 mir das Gastspiel zu arrangieren. Granville Barker ist
507 1771 1637 1826 registriere und forme mir ein Mosaikbild „England", das
1678 1765 2804 1831 übrigens eine ebenso charmante wie kennenswerte Er¬
1195 1820 1637 1883 dass mich interessiert.
504 1817 1173 1878 heißt, dasjenige Stück England,
1683 1815 2799 1889 scheinung. Er ist gleich seinem Intimus Shaw ein Fabier,
507 1867 1642 1922 Zwar, Rotten Row ist nicht unsere Hauptallee, die ich
1680 1872 2802 1935 Inaugurator des englischen Nationaltheaters und
252 1864 466 1971 ragödien.
507 1916 1637 1985 landschaftlich viel höher einschätze, aber es wäre natürlich
1672 1916 2799 1979 einer der feinsinnigsten Regisseure Englands. Haben Sie
507 1960 1387 2042 unsinnig, in London Wien suchen zu wollen.
1667 1963 2815 2053 nicht die hübschen Interieurs gesehen, die er mir auf der
263 1968 359 2037 21.
587 1996 1634 2075 „Ah, da sind Sie weiser als so manch ein Besucher,
1675 2020 2116 2097 Bühne geschaffen hat?
502 2045 1631 2130 den ich schon ..." Anatol verzog das Gesicht. „Sie ver¬
1774 2037 2802 2141 Sie sind also zufrieden? Manche Wiener hier finden
507 2105 1387 2188 wechseln mich doch nicht mit Herrn von ...
1667 2116 2198 2201 nämlich die Sache grotesk.
581 2152 976 2226 „Pardon, Pardon!"
1757 2130 2796 2223 Sie ist grotesk, wenn Sie verlangen, daß Eng¬
587 2182 1639 2262 „Eine Stadt mit einer anderen zu vergleichen, ist über¬
1667 2196 2804 2270 länder plötzlich Wiener werden sollen. Das ist doch un¬
502 2237 1639 2308 haupt ein philiströses Beginnen. Jede Stadt muß ihre
1667 2245 2802 2325 möglich. Jetzt, wo ich mich ein bißchen in England um¬
499 2297 1637 2357 Eigenart haben, wie eben jede Persönlichkeit. Sie muß
1672 2294 2802 2363 gesehen habe, schäme ich mich eigentlich, wenn ich daran
192 2308 466 2399 Reisen unter¬
504 2349 1637 2412 eigen gebaut sein, sie soll ihren eigenen Himmel, ihren
1675 2363 2802 2410 denke, wie wir auf dem Kontinent Engländer darstellen.
282 2371 474 2429 war vor
507 2390 1637 2451 eigenen Geruch und ihre eigenen Ausdrucks= und Lebens¬
1667 2401 2802 2462 Wir haben gewiß den besten Willen; aber wenn wir nur
66 2382 466 2484 Palace-Variété und
510 2434 1637 2500 formen haben. Und je weniger diese Charakteristika unseren
1664 2448 2796 2522 einen Jockey hinzustellen versuchen, ist es absurd. Ebenso
47 2453 471 2538 wöchentliches Gastspiel
504 2492 1639 2547 Gewohnheiten entsprechen, desto interessanter wirkt die
1667 2508 2796 2563 muß das, was das Wienertum in Temperament, Ge¬
219 2511 466 2580 benützt, um
44 2516 192 2585 genheit
504 2530 1631 2599 Stadt. Bisher hatte ich mir London aus Dickens,
1667 2536 2799 2601 baren, Kleidung, Atmosphäre ausmacht, in der Ueber¬
211 2552 471 2629 schon lange
507 2582 1637 2643 Sherlock Holmes und Wilde zusammengestellt, jetzt forme
1667 2590 2804 2645 tragung einfach in nichts sich auflösen. Granville Barker
499 2643 1631 2695 ich mir mein eigenes London. Sie erwarten aber
1672 2632 2802 2708 hat meiner Ansicht nach einen ganz vernünftigen Ausweg
211 2629 463 2722 zu befragen.
38 2645 186 2717 Andrücke
499 2675 1634 2741 hoffentlich nicht von mir, daß ich Bädeker-Weisheiten aus¬
1672 2684 2793 2755 gefunden. Er hat meine Rolle nicht ganz wörtlich über¬
36 2697 466 2766 Die ganz großen, vom
499 2736 1634 2807 krame — über die Architektur und das Postwesen, das
1675 2730 2802 2799 setzt, sondern paraphrasiert, vergröbert, wenn Sie wollen;
38 2749 466 2810 ieden und wohnte in
1661 2777 2802 2832 aber immerhin, es war die einzige Möglichkeit, mir Gehör
507 2782 1220 2859 Frühstück und die Fahrgelegenheiten.
44 2791 466 2856 kennt den Ton dieser
1667 2826 2802 2898 zu schaffen. Sollte ich ihm dafür nicht dankbar sein? Hat
587 2804 1631 2898 „Nein, sicherlich nicht; aber ich möchte gern wissen,
38 2840 461 2906 tilleren Hause, dessen
1661 2878 2804 2939 er sich nicht alle Mühe gegeben, mich in ein kongeniales
499 2856 1351 2944 wieso Sie überhaupt nach London kamen.
38 2884 463 2955 leparks überblickt. Ich
1667 2922 2802 2980 Milieu zu setzen? Er hat mich mit Möbeln umgeben, die
587 2900 1628 2991 „Das will ich Ihnen gern erzählen. Mr. J. T. Grein,
44 2936 469 3004 teuil hingestreckt, den
1661 2972 2799 3026 wie aus der Wiener Werkstätte zu kommen scheinen, und
578 2974 1631 3040 Theaterkritiker der „Sunday Times", der, wie ich höre,
44 2985 466 3054 Angeschoben hatte, um,
1667 3021 2796 3076 der Gauguin, der hier in meinem Zimmer hängt nun,
499 3035 1637 3081 vor Jahren unter Lebensgefahr eine Freie Bühne in
41 3026 466 3098 ben in der Reitallee
1672 3073 2810 3141 wer weiß, ob ich mir nicht in Wien einen Gauguin in
504 3067 1631 3133 London gründete und der als erster überhaupt Bernard
159 3081 477 3144 rauch mir einen
159 3114 2157 3213 eine Zigarette Shaw aufgeführt hat, der Direktor des inzwischen einge¬ meine Wohnung hänge."
