3436 4256
546 77 1305 190 ein und
463 187 1310 261 sche Volkstheater aus den sieben
448 238 1308 320 ken gewählt hatte, nicht jene grobe
433 290 1310 373 kungen, deren sie vor Jahr und Tag
537 346 1316 435 wesen wären. Dennoch konnte
364 377 466 438 sich
376 401 1313 483 Dichter an seinem Erstlingswerke noch
368 478 1316 540 helle Freude erleben. Man gab: „Die
370 530 1322 593 Frage an das Schicksal, Weihnachtsein¬
370 591 1332 664 käufe", „Abschiedssouper", „Episode und
382 655 1298 720 „Anatols Hochzeitsmorgen. Das Haus
368 700 1334 777 auf Sensation gestimmt, von Frauen und
922 760 1332 824 stand vom ersten
382 775 794 840 Mädchen überfüllt
373 810 1331 911 Augenblicke in des Dichters Bann und gab
662 1949 1121 2019 HALMAR BURSTROM
741 1993 1035 2062 es die dele
394 2034 1346 2124 sich freudig den intimen Reizen dieser
394 2117 1340 2191 geistvollen Stenen gefangen. Die Darstel¬
421 2182 1349 2256 t überaus Erfreuliches. Wir nennen
394 2228 1353 2310 neelle Herrn Leopold Kramer,
400 2298 1350 2375 den Lieblinges Hauses. In ersten
869 2346 1346 2428 end, and er
388 2340 801 2431 Bilde ein wenig
394 2414 1346 2489 schnell den richtigen Ton Im Abschieds¬
395 2485 1340 2539 souper war der Künstler ganz prächtig.
400 2526 1346 2594 Daß Anatol in den letzten achtzehn Jahren
397 2580 1340 2657 um neun Jahre älter geworden ist mein
397 2645 1338 2716 Gott, wer möchte Herrn Kramer das vor¬
397 2699 1340 2772 werfen Brillant war Herr Lackner.
397 2758 1334 2827 Er gab den Max mit einem vornehm wiene=
392 2821 1335 2885 rischen Tonfall, nicht ohne geistreiche Ein¬
388 2879 1344 2942 zelheiten. Die Damenrevue dieses Abends
392 2942 1344 3018 zeigte wieder einmal, über wie viel Talent
394 2999 1343 3060 und Schönheit diese Bühne gebietet. Die
397 3054 1346 3114 Damen Hanemann (eine liebliche
394 3111 1340 3183 Cora), Reinau (entzückend süß, ein
397 3179 1338 3235 wenig zu süß vielleicht), Glöckner (ein
391 3220 1337 3306 bißerl zu hernalserisch), Müller und die
388 3286 1338 3361 pikante Galafrés spielten dem Dichter
388 3340 1334 3413 und dem Publikum zur Freude. Daß Artur
388 3402 1340 3469 Schnitzler gefeiert wurde, daß man
388 3472 1337 3530 Taschentücher schwenkte und Hoch! schrie,
380 3530 1334 3610 sei schließlich noch gewissenhaft regi¬
377 3571 566 3656 striert.
2782 192 3144 294 box 8/4
2305 199 2622 306 Zyklus
1672 207 2192 321 4.9. Anatol
2615 673 2971 774 Telephon 12.801.
2744 765 2830 836 )
2120 756 2597 916 OBSER
1918 883 2969 990 1. österr. beh. konz. Unternehmen für Zeitungs¬
2120 944 2769 1024 Ausschnitte und Bibliographie.
2091 1006 2809 1100 Wien, I., Concordiaplatz 4.
2316 1080 2592 1142 Vertretungen
1919 1092 2987 1178 in Berlin, Brüssel, Budapest, Chicago, Cleveland, Christiania,
1931 1159 2980 1219 Genf, Kopenhagen, London, Madrid, Mailand, Minneapolis,
1921 1204 2978 1278 New-York, Paris, Rom, San Francisco, Stockholm, St. Peters¬
2319 1246 2588 1299 burg, Toronto.
2278 1282 2636 1331 (Quellenangabe ohne Gewähr.)
2013 1299 2950 1433 Tagesbote aus Mähren und Schlesien
1921 1353 2290 1421 Ausschnitt aus:
2390 1390 2580 1489 Brünn.
2106 1420 2357 1500 17. 12. 1910
1928 1460 2624 1563 vom
2099 1551 2838 1639 Wiener Schauspielbrief.
1884 1639 3031 1691 (Burgtheater: nochmals „Der junge Medardus. — Volkstheau
1875 1684 2817 1768 „Anatol. — Neue Wiener Bühne: „Lady Frederick".
2876 1691 3052 1770 Residenz¬
2275 1726 2637 1794 bühne: „Ysbrand“.)
2209 1761 2737 1854 Von Wilhelm v. Wymetal.
1955 1810 3052 1901 Artur Schnitzlers dramatische Historie „Der junge
1866 1886 3057 1955 Medardus ist der erste dauernde Erfolg geworden, den
1860 1942 3046 1992 das Burgtheater seit jenem Tage, da Kainz auf Gastreisen
1862 1987 3046 2058 ging, zu erringen vermochte. Für die zweite und dritte Vor¬
1869 2040 3052 2094 stellung entwickelte sich in Wien eine beim Hofburgtheater
1869 2088 3052 2150 schon lange nicht mehr übliche Agiotage, und für Sitze, wie
1869 2139 3052 2191 für Logen, wurde das Drei- und Vierfache des Preises an
1869 2186 3049 2237 Wiederverkäufer bezahlt. Auch die weiteren Vorstellungen
1857 2234 3067 2298 waren bisher so begehrt, daß noch jedes Kartenwerber
1857 2283 3049 2333 abgewiesen werden mußten. Die Hälfte der für das Jubi¬
1863 2328 3042 2391 läum der fünfundzwanzigsten Aufführung nötigen Vorstel¬
1860 2372 3048 2434 lungen ist erreicht, und man darf dem Burgtheater und dem
1857 2432 3043 2482 Dichter aufrichtig Glück wünschen zu dem bedeutungsvollen
1860 2479 3043 2533 Sieg. Inzwischen hat Artur Schnitzler, Arm in Arm mit
1856 2524 3043 2581 dem Deutschen Volkstheater, einen zweiten, nicht weniger
1860 2577 3040 2633 herzlichen Erfolg erlebt. Er hat nämlich den „Anatol“, den
1857 2628 3037 2677 nun auch schon zwanzig Jahre alten Ursprung seines
1860 2672 3043 2729 Ruhmes, wiederum hervorgesucht und ließ von den sieben
1857 2722 3040 2782 Einaktern dieses anmut= und geistreichen Buches fünf am
1863 2769 3043 2835 gleichen Tage in Wien am Volkstheater und in Berlin am
1860 2823 3040 2879 Lessingtheater Otto Brahms aufführen. Die Auswahl, die
1863 2871 3039 2927 Schnitzler getroffen hat, muß als sehr glücklich bezeichnet
1854 2919 3045 2974 werden. Sie beginnt mit der „Frage an das Schick¬
1860 2963 3037 3019 sal, die Anatol frei hat (indem es ihm offenstünde, seine
1854 3019 3034 3076 hypnotisierte Geliebte Cora nach ihrer Treue oder ihrer
1851 3058 3037 3132 Untreue zu fragen) und die er nach längerer Überlegung
1854 3119 3034 3171 nicht stellt. Es folgen die wohl noch nie und nirgends in
1854 3161 3031 3223 einem Theater gespielten „Weihnachtseinkäufe",
1851 3217 3037 3266 die Anatol zusammen mit der schönen Mondaine Frau
1857 3262 3034 3322 Gabriele macht, der er von seinem süßen Mädel“ erzählt
1851 3309 3034 3368 und die ihm zum Schluß des Dialogs zu verstehen gibt, wie
1851 3361 3031 3423 gerne sie an die Stelle des süßen Mädels träte, wenn sie
1851 3410 3034 3467 nur den Mut der Konventionswidrigkeit hätte. Als Mittel¬
1854 3461 3039 3518 punkt des Anatolabends ergötzt die bekannteste und öftest
1853 3512 3037 3574 gespielte Skizze, das drollige „Abschiedssouper der
1857 3549 3034 3616 zwei Liebesleute, die ein jedes für sich schon neue Liebes¬
1866 3601 3034 3668 fäden gesponnen haben, dem Partner aber den vermeint¬
1853 3657 3037 3713 lichen Schmerz des Abschiedes anzutun sich nicht entschließen
1845 3702 3036 3760 können. Flüchtig huscht dann die „Episode vorüber, die
1854 3764 3036 3814 Geschichte von Anatols Liebelei mit der Zirkusreiterin
1845 3802 3037 3855 Bianka, die Anatol zertreten zu haben wähnt, während sie
1845 3865 3030 3911 ihn zu seiner bitteren Enttäuschung bei einer Wiederbe¬
1851 3902 3042 3962 gegnung nicht einmal mehr erkennt. Den amüsanten Ab¬
1851 3948 3042 4009 schluß bildet Anatole Hochzeitsmorgen mit
1848 4003 3049 4068 dem Wiederauftaucheneinrich Wochen vor dem Hoch¬
1848 4048 3034 4107 zeitstag taktvoll verlassenen Geliebten, die den tempera¬
1848 4093 3039 4151 ment drohenden Namension führt, mit der sich Anatol
