3296 4224
1254 243 1617 338 box 8/6
139 256 1087 344 4.9. Anatol - Zyklus
1573 1245 2559 1311 daß es nunmehr gelingt, die Ausführungs- und Veran¬
944 1251 1548 1317 staltung des Rechtswesens ver¬
38 1260 543 1342 nen schließlich von ge¬
47 1308 2565 1415 ten, auch wenn sie nicht äußerlich geringfügige, dem Wesen noch aber sehr selektrische Verbindung des ruhenden und rotierenden
47 1384 2555 1463 bgestimmt waren, zum wichtige Aenderung der Braunschen Schaltung das Teiles eines Drehstrominduktionsmotors ist es möglich ge¬
515 1431 2552 1488 störende Auftreten der zweiten Schwingung zu macht, daß der von der Maschine erzeugte niedrig frequente
515 1463 2559 1526 beseitigen und außerdem noch die übrigbleibende Welle Wechselstrom auf die Maschine zurückwirkt und in ihr
41 1459 486 1541 uns Erfindung brachte
515 1497 2565 1557 sehr wenig gedämpft und intensiv zu gestalten. Diese einen Wechselstrom von der doppelten Periodenzahl
41 1519 486 1570 Dämpfung wesentlich ver
1548 1541 2565 1598 erzeugt, der wieder zur Maschine zurückgeführt
51 1548 1523 1605 kommen beseitigt zu sein. Methode, die bei ihrer Freigabe naturgemäß von einer
521 1579 2571 1655 großen Zahl Firmen aufgegriffen wurde und die in dem wird und einen Strom von der vierfachen Frequenz
41 1595 496 1646 ung als Nebenumstand ein
28 1614 2568 1690 re erste Forderung der System der tönenden Funken auch einem größeren zur Folge hat und so weiter. Diese selbst¬
38 1655 2562 1722 g einen Rückschritt be¬ Kreise bekannt wurde, hat in deren Zeit großestätige Frequenztransformation, läßt sich
47 1693 2565 1788 seiner Frequenz strahlt die Erfolge zu verzeichnen und ist bisher in der Energie¬ theoretisch bis auf unendlich hohe Frequenzen
1551 1734 2565 1788 durchführen. Praktisch ist der Erfinder bis zu den in
47 1747 1061 1813 haltung zwei Wellen ausnutzung die beste geblieben.
553 1753 2559 1835 Hatte bisher die reine Physik die Methoden der der drahtlosen Telegraphie nötigen Frequenzen ge¬
47 1794 496 1838 tion, die sich naturgemäß
57 1807 2568 1876 Welle abstimmt, geht die Schwingungserzeugung geliefert und in ihren Eigen kommen und hat bei einem ersten Modell eine Leistung
1554 1857 2176 1914 von 12.5 Kilowatt erreichen können
521 1854 1529 1914 schaften untersucht, so tritt jetzt die Starkstrom¬
51 1867 259 1924 s verloren
1557 1864 2565 1933 Der Vorteil der rein maschinenmäßigen Her¬
38 1886 1535 1958 Das Bestreben, statt dieser technik auf den Plan mit einem Programm, das
35 1927 2559 2025 Verbundenen gedämpften wirtschaftlich die größten Erfolge zeitigen stellung des Hochfrequenzstromes liegt auf der Hand
1548 1971 2568 2025 Die umfangreiche und komplizierte Sendeapparatur fällt
51 1987 625 2041 ter zu benützen, d. h. kann.
553 1987 2571 2066 Die zur Erzeugung der Wellen in der Antenne fort. Die Klemmen der Maschine werden direkt an die
51 2018 505 2088 de konstant bleibt und die
44 2041 2571 2107 higkeit nur gerade die oszillierende Schwingung ist im Wesen nichts anderes, Antenne angeschlossen. Kein Geräusch von Funken
41 2082 2571 2167 ungen, deren Wellenange als der uns den Wech, stromzentralen gelieferte verrät die Depeschen, und der Name Funken telegraphie
524 2123 2562 2180 Wechselstrom, den wir zur Beleuchtung und Kraft, hat in dieser neuesten Schaltung vollkommen seine Be¬
44 2142 341 2189 übereinstimmt.
518 2167 1911 2217 verteilung in den Städten benutzen. Dieser technische rechtigung verloren.
44 2157 493 2236 en schon seit langem be¬
1589 2183 2571 2249 Dazu kommt noch der große Vorteil der ungedämpften
521 2202 1535 2259 Wechselstrom, der seinen Namen davon hat, daß er
51 2214 496 2262 uddel, parallel zu einen
51 2230 2568 2306 rischen Schwingungskreis seine Richtung dauernd wechselt und zwar gewöhnlich Schwingungen, die nun von einer Maschine hergestellt,
1554 2277 2568 2328 deren l. rehungszahl leicht konstant zu halten ist, keine
57 2284 1529 2344 gen ein, die in einen mit einer Frequenz von 50 Perioden pro Sekunde
85 2312 2568 2382 zum Ausdruck kommen, ist nur in seiner Schwingungszahl von dem Schwankungen der Frequenz zeigen und daher den großen
521 2360 2590 2410 Hochfrequenzstrom der drahtlosen Telegraphie verschieden. Es Vorteil der scharfen Resonanz der gut eingestimmten
47 2369 493 2420 kommen ungedämpft
521 2388 2571 2448 liegt also der Gedanke nahe, die Maschinen, die man Empfangsstationen voll ausnützen können und so das
60 2410 499 2464 die im hörbaren Gebie
1554 2429 2499 2508 Ideal der Störungsfreiheit verwirklichen.
521 2445 1532 2492 heute zur Erzeugung des technischen Wechselstromes
47 2454 496 2502 000 pro Sekunde steiger¬
57 2476 1532 2533 Telegraphie, die erst bei benutzt, so umzugestalten, daß sie anstatt des fünfzig¬
1649 2489 2568 2559 Berlin, 6. Febr. (Telegr. uns. Berl. Bur.
47 2511 1538 2568 Million pro Sekunde periodigen Wechselstromes einen solchen von einer
521 2511 2574 2606 Million Wechseln per Sekunde hervorbringen. Aller¬ Der Kaiser hat für die Erfindung des Darmstädter
47 2565 174 2619 kommt.
521 2578 2571 2647 dings ist der Unterschied in den Wechselzahlen beträchtlich Privatdozenten Dr. Goldschmidt ein lebhaftes Interesse.
47 2581 496 2660 filsons ein. Ihm gelan=
1554 2615 2568 2660 so daß er sich gestern darüber von dem Erfinder Vortrag
60 2631 1526 2682 in Wasserstoff die und die Mittel, die Frequenz einer Wechselstromdynam¬
1557 2647 2571 2701 halten ließ. An der Besprechung, die um 12 Uhr begann.
51 2669 1532 2726 öhe zu bringen. Damit maschine zu steigern, sind nicht zahlreich. Eine einfach¬
1554 2685 2568 2726 nahmen Prinz Heinrich, Großadmiral von Tirvis,
41 2713 2571 2764 Aber wieder trat ein Ueberschlagsrechnung zeigt, daß man sie alle, soweit die Admiräle von Hollmann und Büchsel, Kriegsminister
1554 2754 2578 2802 von Heeringen, der Generalstabschef der Armee von
57 2745 1532 2821 Hoffnungen, die man auf irgend möglich, heranziehen muß. Dahin gehören: Ver¬
66 2783 2568 2856 zum Teil zu nichte größerung der Umlaufsgeschwindigkeit des rotierenden Moltke und der Staatssekretär des Reichspostamtes reil.
1564 2821 2571 2865 Dr. Oelhauser hielt darauf einen Vortrag über die kapita¬
528 2824 1538 2874 Teiles und Verwendung von einer großen Anzahl
47 2830 502 2893 führung in die Praxi¬
73 2852 2429 2941 behält nämlich besonders von Magnetpolen auf dem (rotierenden) Magnetgestell. listische Verwertung der „Hochfrauensmaschinen.
546 2893 1529 2944 Auf diesem Grundgedanken beruht eine schon im Jahr
66 2912 509 2969 Praxis gefordert werden
1633 2900 2568 2979 Frankfurter Schauspielhaus. Um zwei große Probleme
524 2934 1535 2988 1908 von Fessenden in Amerika gebaute Maschine, die
51 2947 502 3010 Diese Schwankungen der
524 2969 2568 3026 aber bei uns bisher weniger Beachtung gefunden hat, da kreist von Anfang an das dichterische Schaffen Arthur
51 2985 505 3039 hen starke Schwankungen
528 3004 2578 3080 sie noch bei Weitem nicht die nötige Energiemenge lieferte. Schnitzlers, um das Problem des Todes, das dem
69 3026 502 3086 sodaß gerade der Vortei
550 3042 2571 3105 Da kommt jetzt die Nachricht aus Darmstadt, daß Arzte Schnitzler in seiner Praxis so oft in unmittelbare
76 3067 502 3133 starke Resonanzfähigkeit
524 3086 2578 3146 der dortige Privatdozent Dr. Goldschmidt eine Nähe rückte und mit dem sich s. Zt. die erste große
63 3105 250 3162 gestellt ist.
531 3130 2584 3181 Maschine konstruiert hat, deren Energieabgabe beträchtlich novellistische Arbeit des als home novus in die
51 3130 505 3190 schaften dieser Methode
1560 3165 2584 3212 Literatur Eintretenden beschäftigte; und um das
47 3171 1538 3231 Kunde von einer neuen sei und die auch in der Praxis bei den ersten Versuchen
1554 3193 2578 3257 Problem der Liebe, mit deren Variationen und Spiel¬
47 3209 1140 3291 kenswert ist, als sie rein gute Resultate gezeitigt habe
1557 3235 2571 3285 arten der Wiener Dichter in seinem doppelten Berufe, als
550 3216 1532 3295 Diese Maschine, deren Wesen kürzlich in der „Elektro
54 3260 512 3320 hervorgegangen ist und
47 3279 2574 3345 der Erfinder, Prof. Max technischen Zeitschrift“ (Nr. 3 p. 54. 1911) beschrieben ist, Dichter und als Wiener sich ebenfalls sozusagen von Amt¬
47 3310 2574 3383 dete und so auf jeden beruht auf einem gänzlich neuen Prinzip, das in wegen zu beschäftigen hatte. In der Wiener Atmosphäre
54 3355 2578 3462 Ihm gelang es durch eine geistreicher Weise durchgeführt ist. Durch besondere gedeiht und vergeht das Pflänzchen Liebe gar schnell und
1924 3399 2574 3569 il se de¬
2116 3516 2552 3683 1
