3436 4256
323 158 804 265 4.9. Anato
1436 136 1806 237 box 8/5
1049 146 1150 257 yk-
1000 757 2650 866 232 Paul Oskar Höcker:
1846 850 2642 938 als die Geschmackverlassenheit ihres Ver¬
1008 850 1815 918 so meisterlich, so lapidar hingeschmissen,
1006 914 1809 963 daß man schon ein Snob mit Eichenlaub
1850 909 1988 983 fassers.
1021 963 1811 1016 sein muß, um nicht herzlich über sie zu
1893 959 2644 1014 Die Komische Oper hat unter dem rüh¬
1006 1012 1809 1058 lachen. Der Schlosser Gluthammer und
1839 998 2636 1070 rigen Direktor Gregor die meiste Arbeits¬
1841 1055 2644 1109 anerkennung und den geringsten Publi¬
1008 1058 1802 1107 der Pächter Krautkopf sind Gestalten, wie
1012 1107 2648 1165 sie Wilhelm Busch nicht treffsicherer zeichnen kumserfolg gefunden. Die Aufführung der
1012 1156 1806 1208 konnte. Die Darstellung des Neuen Schau¬
1848 1154 2642 1214 „Bohème" hat in vieler Hinsicht die der
1018 1208 1813 1261 spielhauses, das im alten Schöneberg der
1846 1195 2646 1263 Königlichen Oper stark in den Schatten
1006 1251 2640 1307 ehemaligen Millionenbauern liegt, über gestellt. Natürlich hat sie keinen Caruso
1006 1300 1813 1352 trieb natürlich um einige Nuancen. Aber
1841 1298 2642 1348 als Rudolf aufzuweisen gehabt — aber
1006 1350 1809 1414 eine köstliche Entdeckung brachte der Abend:
1841 1346 2636 1399 dafür in Frau Maria Labia eine Mimi,
1008 1395 2642 1455 Ida Wüst, die wir bisher nur als muntere wie wir sie im Hause Hülsens vergeblich
1856 1446 2636 1506 suchen. Von allen Neuengagements der letz¬
1002 1448 1813 1504 Liebhaberin kannten, entwickelt sich zu
1008 1494 1809 1549 einer Charakterkomikerin ersten Ranges.
1846 1494 2636 1549 ten Jahre ist dort einzig das der entzücken¬
1008 1545 1809 1607 Ihr Lachen und Weinen ist nicht so herz¬
1846 1543 2640 1595 den Désirée Artôt de Padilla eine Bereiche¬
1006 1593 2640 1650 lich wie das der Hansi Niese — kann es rung; Stimme und Spiel der jungen Kraft
1006 1642 1809 1697 in der Rolle der Frau von Schleier auch
1846 1638 2642 1702 haben als „Mignon" ihre Vorgängerin
1000 1689 2640 1739 nicht sein —, aber die drollige Selbstpersi= völlig entbehrlich gemacht. Das Personal
1841 1737 2642 1798 der Königlichen Oper erreicht sonst mit
1012 1737 1813 1792 flage verrät noch viel mehr Können. Schick¬
1008 1786 1800 1850 sal, gib uns eine Komödie! Den Ansat
1841 1790 2642 1839 wenigen Ausnahmen kaum die Leistungen,
1846 1835 2642 1885 die jedes zweite Stadttheater im Reich sei¬
1002 1835 1802 1895 zu einem neuen Lustspielstil haben wir hier
1047 1887 1809 1936 Im Kleinen Theater gibt man Abend
1841 1885 2642 1940 nen Abonnenten bietet. Ein Jammer, daß
1008 1922 1809 1985 für Abend den in einem Eisenbahncoupé
1839 1936 2640 1983 nun auch noch die gesunde Konkurrenz und
1012 1985 1809 2039 spielenden Einakter „Erster Klasse“ von
1841 1981 2642 2029 Vergleichsmöglichkeit, die wir bisher in
1006 2027 1809 2086 Ludwig Thoma. Wer über Thomas
1841 2029 2642 2080 Gregors Komischer Oper hatten, fortfällt:
1846 2076 2642 2130 Gregor geht an die Hofburg nach Wien, und
1002 2080 1809 2134 „Briefe des Abgeordneten Filser" gelacht
1002 2121 1806 2179 hat, wird auch in dieser ulkigen Parodie
1839 2121 2634 2183 das Haus an der Weidendammer Brücke
1002 2177 1809 2237 auf bayrische Eisenbahnverhältnisse und
1846 2175 2640 2232 (verfehlt war der Bau von vornherein)
1000 2224 1811 2271 andere Rückständigkeiten lachen. Nur ver¬
1839 2224 2640 2298 wird die Filiale eines dritten, vierten Ope¬
996 2267 1800 2327 mißt man die herrliche Orthographie des
1841 2269 2642 2329 rettentheaters. Die gut abgerundete Auf¬
1006 2319 1806 2381 wackeren Filser. Als nicht ganz neue ko¬
1841 2321 2634 2374 führung des hübschen musikalischen Lust¬
1000 2370 1813 2430 mische Gestalt bekommen wir dafür den
1854 2362 2636 2422 spiels „Das vergessene Ich“ von Richard
998 2426 1800 2471 nervösen, flegelhaften Geschäftsreisenden
1841 2418 2642 2475 Schott und Waldemar Wendlandt zeigte
1000 2465 1776 2537 aus Pinne oder Perleberg hinzugeliefe
1829 2463 2640 2529 wieder, was wir verlieren: eine Stätte
1006 2514 1788 2570 den in Bayern mit Recht so beliebte
1850 2506 2640 2582 geschmackvoller künstlerischer Unterhaltung
1002 2564 1794 2617 „Saupreiß. In München fallen die bun
1846 2564 2399 2619 im besten Sinne des Wortes.
1002 2613 1802 2669 desbrüderlichen Anspielungen der Thoma¬
1885 2611 2644 2677 Aber die erste Hälfte des Theaterwinters
1014 2660 2629 2714 schen Parodie natürlich auf fruchtbaren wäre schon zur Stunde, da diese Blätter
1008 2708 2634 2767 Boden. Da gibt es an gewissen Stellen zum Druck wandern, völlig versunken und
1012 2759 2629 2813 sogar demonstrativen Beifall. Die Ber= vergessen, hätte Berlin nicht den Zauber¬
1006 2806 1796 2862 liner amüsieren sich über ihr Konterfe¬
1839 2808 2636 2860 künstler Max Reinhardt, den Propheten
1000 2856 2422 2907 herzlicher. Sie sind selbstgerechter. Hun= der neuen Schauspielkunst, -
2450 2856 2636 2920 auch den
1000 2905 1796 2957 dert Wiederholungen erlebte dieses „Erster
1839 2907 2634 2971 Herold einer neuen dramatischen Literatur,
1002 2953 2337 3004 Klasse". Ein bißchen viel für so einen Jux, wenn sie nur erst da wäre.
1006 3004 1800 3062 so nett er ist. Man ließe sich ihn am besten
1885 2998 2636 3060 „König Odipus“, die Tragödie des
1000 3045 1800 3111 an einem Kneipabend als Aufführung der
1839 3041 2634 3105 Sophokles, hat Max Reinhardt in der
996 3103 1800 3156 Fidelitas vorsetzen. Im Kleinen Theater
1846 3097 2636 3160 freien übertragung von Hugo von Hof¬
1002 3146 2629 3204 gab man anfangs zwei Einakter von Max mannsthal im Zirkus Schumann aufgeführt,
1000 3193 1796 3249 Burkhardt dazu, „Die verflirten Frauen¬
1829 3197 2636 3251 und jede Vorstellung bot ein brechend ge¬
1002 3245 1806 3300 zimmer, um den Abend zu füllen. Sie
1841 3247 2636 3311 fülltes Haus und löste am Schlusse einen
994 3288 1796 3354 wollen die totale Vertrottelung der Wie¬
1833 3296 2483 3366 geradezu elementaren Beifall aus.
994 3343 1800 3409 ner Bourgeoisie und Aristokratie an den
1872 3343 2634 3411 Unserm Empfinden steht die Welt des
994 3385 1796 3457 Pranger stellen. Die eindeutigen Stücke
1833 3389 2634 3463 König dipus — ach, so fern. Und den¬
1000 3440 1796 3512 stellen aber nichts anderes an den Pranger
1831 3440 1924 3508 noch
