3436 4256
706 196 848 301 to
294 196 678 298 4.9. Ana
874 195 1216 306 Zyklu-
1414 202 1774 303 box 9/2
806 989 1296 1108 Linzer Tage
394 1048 677 1165 n
958 1086 1106 1182 Linz.
575 1228 1358 1372 Theater, Kunst und Literatur.
1170 1312 1497 1401 Linz, 28. April.
497 1369 1536 1471 („Anatol.") Knapp vor dem Torschlusse noch eine
385 1432 1522 1506 Erstaufführung. Wobei aber der Ton nicht auf dem „noch
385 1472 1548 1567 liegen soll... Drei Einakter aus Artur Schnitzlers
388 1516 1573 1604 „Anatol"-Zylkus. Szenen aus dem kleinen Liebesbau¬
388 1562 1542 1638 einer wohl nicht großen, sicher aber reichen „Welt". An sich
396 1611 1550 1692 Nichtigkeiten und vom Golgatha unserer Tage vollends ein
402 1652 1551 1735 Nichts, aber wie sie Schnitzlers seine Hände aus dem Leben
403 1692 1551 1792 schneiden und durch ein scharfgeschliffenes Prisma gleiten
394 1743 1554 1825 und huschen und blitzen und schillern lassen, das macht sie
396 1780 1553 1863 mehr als amusant, das stiebt auch künstlerische Freude durch
396 1825 1556 1913 das Haus. Erzählen lassen sich diese Kleinigkeiten, bei
400 1868 1554 1956 denen die Fassung ja nahezu alles ist, schwer; da kann auch
399 1919 1559 2005 das leichteste Wort noch viel zu gewichtig klingen, eine zu
403 1958 1556 2053 plumpe Vorstellung wecken. Neu waren für Linz eigent¬
403 2002 1564 2100 lich nur zwei der Spielchen: „Die Frage an das
411 2046 1564 2134 Schicksal" und „Der Hochzeitsmorgen", zum
414 2090 1559 2188 „Abschiedssouper war man auch hier schon einigemale ge¬
408 2135 1567 2234 laden. — Die Wiedergabe der drei Stückchen war eine
417 2175 1565 2277 ganz vorzügliche. Das erste hatte vielleicht noch ein biß¬
414 2222 1568 2316 chen Schwere, indem die Arbeit und Mühe, die just so leichte
409 2276 1564 2359 Dingerchen erfordern, noch da und dort hervorsahen, aber
422 2313 1567 2415 schon das zweite schwebte wie ein buntes Glaskügelchen über
411 2355 1571 2453 einem Springbrunnen. Den Rekord spielerischer Leichtigkeit
423 2398 1577 2501 schuf Fräulein Zeckendorff, die die drei süßen Mädeln
417 2447 1576 2534 gab. Am köstlichsten geriet ihr Annie. Die Laune, die
433 2498 1579 2586 sie zum Abschiedssouper mitbrachte und von Gang zu Gang
431 2529 1576 2633 steigerte, legte alle „moralischen Bedenken nieder und ließ
426 2577 1581 2668 die Wogen der Heiterkeit im ganzen Hause immer höher
431 2628 1582 2722 gehen. Anatol war bei Herrn Lindt sehr gut aufgehoben.
423 2667 1573 2755 Dankbar wird diese Gestalt freilich so recht erst am „Hoch¬
442 2711 1591 2806 seitsmorgen. Da aber auch sehr. Freund Max hat in
450 2766 1581 2854 das Spiel mit vollen Händen Knallerben zu werfen: Apho¬
450 2810 1584 2894 sistisches und Paradoxes, Geist und Witz. Bei Herrn
442 2852 1585 2937 Triembacher ging nichts fehl und blind, schlug alles
436 2894 1590 2982 krachend auf, und doch wieder nicht zu stark. Die beifällige
436 2931 1590 3022 Aufnahme des kleinen Reigens im vollen Hause ward
439 2982 1588 3078 bereits vermerkt. Es wurde ganz außergewöhnlich viel und
445 3020 1596 3116 herzlich gelacht, was in dieser heiteren Spielzeit nicht wenig
442 3107 669 3192 sagen will.
2118 629 2951 725 Franco, Stockholm II. Letenhurg, Taranto.
2042 703 2841 831 stehen nach
2076 774 2993 912 und
2081 844 2535 913 vom 3-19
2081 1004 2835 1125 Theater und Kunst.
1939 1117 3054 1193 „Anatol. on Artur Schnitzler. Schnitzler bringt
1880 1168 3058 1256 uns Skizzen, 1 ine Schauspiele. Er züchtigt mit beißendem
1877 1234 3059 1301 Spott die heuchlerischen Tugendbolde, die sich bei allen
1885 1275 3051 1355 Fehlern doch immer einreden, die besten Menschen zu sein;
1883 1330 3053 1390 aber er schreibt keine dramatischen Handlungen, die eine
1883 1367 3064 1438 durch die Charaktere erzwungene Entwicklung zeigen. Die
1886 1398 3124 1485 drei Abteilungen von „Anatol“ können auch in ganz un¬
1888 1463 3070 1540 derer Reihenfolge gespielt werden, etwa die letzte zuerst,
1880 1513 3058 1577 und es brauchte nicht viel geändert werden. Es sind nichts
1890 1568 3059 1630 als eine Art Anekdoten. Danach ist auch der Dialog mehr
1883 1618 3054 1689 Monolog des einen Spielers, der seine Anschauungen vor¬
1890 1656 3064 1735 trägt, gewürzt mit den Zwischenbemerkungen des zweiten,
1890 1721 3065 1783 wodurch das geistreich-witzige Milieu des Stückes geschaffen
1886 1760 3061 1826 wird. So muß man auch die beiden Hauptpersonen des
1899 1814 3062 1880 Stückes betrachten. Anatol trägt seine Meinungen über
1897 1852 3064 1930 Liebe vor und Max ist so halb Zuschauer, halb Spieler mit
1896 1908 3071 1979 seinem Spott und Kren, den er dazu gibt. Anatol will im
1894 1951 3064 2029 ersten Teil wissen, ob er treu geliebt; er könnte es erfahren,
1890 2004 3070 2073 denn seine Cora liegt in der Hypnose, die von Fräulein
1888 2050 3070 2126 Zeckendorff so natürlich, gewiß mit Aufwand von
1893 2103 3071 2177 Muskelkraft so gespielt wurde, daß man wirklich an eine
1899 2169 3073 2226 hypnotische Starre hätte glauben können. Aber Anatol ge¬
1896 2200 3068 2267 traut sich schließlich nicht, die Frage zu stellen. Der Zuschauer
1893 2245 3073 2319 aber wird über die nicht geforderte Antwort durch die nach¬
1854 2302 3068 2376 trägliche Angst der Enthypnotisierten, sich etwa verraten zu
1902 2345 3068 2419 haben, genügend orientiert. Im zweiten Teil — Akt kann
1899 2387 3076 2461 man nicht sagen — hat Anatol vor, seinem neuen Verhält¬
1897 2440 3076 2518 nis Annie, die mit sprudelnder Ausgelassenheit und mit,
1902 2491 3082 2557 wir müssen sagen künstlerischen Lachsalven wieder von
1908 2542 3078 2617 Fräulein Zeckendorff dargestellt wurde, zu kündigen. Ehe
1908 2589 3082 2659 er dazukommt, tuts das Weib. Nun muß er sich nachträglich
1905 2636 3078 2707 offenbaren und sucht die Wirkung durch die Versicherung
1899 2684 3076 2764 zu verstärken, daß er schon öfter untreu war. Annie ist em¬
1905 2732 3082 2815 pört, aber nicht darüber. So schlecht ist sie nicht gewesen, daß
1905 2783 3081 2863 sie dasselbe „erzählt hätte. — Im dritten Teil zieht sich
1902 2843 3087 2903 ein Liebesverhältnis noch in den Hochzeitsmorgen hinein
1908 2877 3081 2956 und die Tragik des Liebhabers, der heiraten muß, wird ge¬
1908 2931 3075 3007 mildert durch den Ausblick, daß die Liebhaberin nicht für
1905 2980 3082 3050 immer Abschied nimmt von diesen ihr lieben Räumen.
1905 3033 3084 3101 Anatol wurde von Herrn Lindt recht lebhaft gespielt, viel¬
1911 3078 3085 3144 leicht zu laut, solche die Liebe als Lebensberuf auffassende
1905 3126 3096 3204 Leute wie Anatol sind arme gute Teufel, die auf einen
1905 3172 3087 3240 weicheren Ton gestimmt sein müssen. Herrn Triem¬
1905 3221 3081 3291 bachers Max ist eigentlich eine unangenehme Rolle. Das
1914 3280 3088 3348 schien auch der Darsteller zu fühlen. Nur immer zu warten,
1914 3326 3090 3399 bis man den Kler dazusetzen kann, ist nichts Erfreuliches.
1914 3376 3093 3438 Max kann selber nicht spielen, er witzelt nur durch das ganze
1922 3416 3087 3487 Stück. Fräulein Zeckendorff, wußte auch das dritte
1916 3472 3082 3541 „Verhältnis“ gut zu geben, sie war so recht die süße, ver¬
1922 3518 3093 3595 führerische Flona. Die Nebenrollen waren durch Herrn
1916 3580 2248 3660 Czap gut besetzt.
