3344 4224
1305 170 1667 265 box 9/5
188 163 1120 275 4.9. Anatol - Zyklu-
424 1312 848 1421 Aussen aus:
370 1370 1348 1511 ENO 1913 Vosgehe, Zeitung, Berlin
438 1453 580 1500 vor:
1594 1584 2779 1703 gedeihen. In Wahrheit handelt es sich um die Vizepräsidentin
569 1540 1388 1725 Theater und Musik.
2812 1536 3265 1710 -
1602 1681 2772 1743 eines Schwimmklubs, die sich durch eine Rekordleistung auf den
2819 1692 3269 1765 dem Hausherrn haarkle
786 1696 1163 1768 Kleines Theater.
1605 1710 2776 1779 Präsidententhron schwingen wollte und der es äußerst fatal ist, an
2819 1739 3222 1797 Vorwande, daß der
533 1721 1421 1844 Zum ersten Male: „Gesinnung", drei Einakter
1594 1739 2772 1819 der Befriedigung ihres Ehrgeizes gehindert worden zu sein. Indes
2819 1754 3272 1834 fordere, sich mit der Geli¬
1598 1790 2772 1859 der Zuspruch des Hausarztes, der herangeeilt ist, um den Narren
786 1805 1163 1859 von Hans Müller
2816 1808 3269 1877 folgen scheint, aus dem
1598 1830 2779 1899 des Beglückungsdranges von der letzten Torheit abzuhalten, bringt
420 1812 1562 1921 Das Stammland der pointierten Miniaturstückchen, die mit der
2805 1848 3240 1913 durch einen klügeren
1598 1866 2772 1935 die ehrgeizige Nymphe dazu, den Don Quichotte der Donau eine
377 1863 1547 1960 Form von Bagatellen den Glanz von Juwelen vereinigen möchten
2808 1892 3269 1957 daß es sich wohl un
1594 1906 2772 1975 Weile in seinem Lebensretterwahne zu lassen, und das Schwimm¬
380 1917 1551 2011 ist das Frankreich der Musset und Feuillet, das uns eine Anzahl
2819 1935 3243 1997 sehen handle. Aber
1598 1942 2772 2015 kostüm der Dame, das schließlich die holde Täuschung enthüllt, ver¬
377 1960 1547 2037 der zierlichsten Proverben geschenkt hat. Die Seitenlinie de
2805 1975 3243 2044 wider ihren eigenen
1591 1986 2769 2051 mag nichts mehr wider die beglückende Kraft des Herzensbundes.
380 2000 1558 2069 Familie aber, der die drei neuen Einakter von Hans Müller
2805 2011 3276 2076 ist durchgefallen, sie muß
1602 2022 2769 2095 Die Komik des unbeschäftigten guten Herzens ist hier gerade stark
370 2040 1551 2120 angehören, die gestern unter dem etwas willkürlichen Sammel¬
2805 2047 3265 2113 und der aus allen Himme
1591 2069 2645 2127 genug, um die Verwegenheit der Voraussetzungen zu decken.
377 2084 1547 2160 namen „Gesinnung" in Szene gingen, wurzelt in Wien, und
2808 2091 3265 2149 sein verteufeltes Glack, da
1631 2095 2772 2178 Dagegen leidet in den beiden anderen Einaktern der groteske
370 2116 1547 2192 Schnitzler, der geistige Papa des Anatol, darf als ihr ähn¬
2801 2131 3272 2192 überraschende Schlußwend¬
1587 2127 2769 2210 Witz unter der Kompliziertheit des Anekdotenapparats, der ihn
370 2153 1547 2225 herr angesprochen werden. Mit seinen pikanten Plaudereien
2801 2167 3261 2229 zu spät, um für die schwe¬
1587 2185 2765 2265 zu erdrücken droht. Das Stückchen „Der Minister" hat
370 2196 1547 2268 teilen die knappen Dialoge Hans Müllers, die sich dramatisch
2808 2203 3269 2268 Voraussetzungen, die den
1587 2225 2765 2297 spezifisch österreichische Verhältnisse zur Voraussetzung. Der
377 2232 1547 2308 selbständig zu machen suchen, die Neigung zum gesellschaftlichen
2801 2247 3254 2305 Gemeinheit hinabdrücken,
1591 2258 2765 2326 deutschnationale Abgeordnete Herterdings hat bei einem
362 2276 1540 2348 Hautgont, die Vorliebe für die petits menages, die ihren Verwaltern
2834 2283 3258 2345 Gespielt wurde überw
1587 2294 2761 2363 der häufigen Systemwechsel Aussicht, Landsmann-Minister
366 2316 1544 2388 große Wirtschaft machen, für verbitterte Süßigkeiten und überzahm
2798 2319 3265 2388 Kleinen Theaters. Dem
1594 2337 2761 2399 zu werden, muß aber jede Gefahr der Verdächtigung aus dem
359 2355 1536 2424 gewordene wilde Ehen; auch die Voraussetzung einer blasierter
2801 2359 3258 2432 ohne rechtes Behagen
1587 2374 2769 2442 Wege räumen, wenn ihm die ersehnte Würde nicht entgehen soll.
366 2395 1544 2464 Natur oder vielmehr Unnatur, die alle kostspieligen und wertlosen
2801 2403 3258 2464 wirkung nur durch einen
1591 2413 2765 2479 Deshalb will er einen Scheinbruch mit seiner Geliebten, der tschechi¬
362 2428 1540 2508 Lebensfrüchte, verschlungen und sich übersättigt hat, ehe ihr
2805 2442 3222 2497 retten wäre, gab Herr
1587 2453 2758 2526 schen (Müller sagt fälschlich: böhmischen) Sängerin Maruschka,
355 2468 1536 2547 der Sinn für rechten Lebensgenuß aufgegangen ist, weist
2801 2479 3269 2537 lichkeit. Aber Herr Adal
1580 2493 2758 2566 herbeiführen und diese angebliche Trennung dadurch besiegeln, daß
355 2511 1536 2587 auf dieses Vorbild. Aber Anatol ist ein Charakter,
2790 2529 3261 2591 tarier in die dümmliche
1580 2537 2758 2595 er die Dame einem Parlamentskollegen, der ihm blindlings Folge
467 2547 1540 2616 sich zwar, entsprechend seinem Wesen, in keiner
2798 2562 3247 2616 Frl. Irma Klaar,
1576 2569 2758 2638 leistet, als Braut aufhalst. Während er sich mit dieser diplomati¬
359 2587 1529 2653 zweckbewußten Handlung aufwickelt, aber von vielen Seiten in
2794 2605 3261 2656 plumperer Art mit einem
1587 2605 2754 2674 schen Tätigkeit befaßt, erscheint der Ministerpräsident bei ihm, um
352 2627 1533 2700 seinen Abenteuern zeigt, ein überfeinerter Eulenspiegel der Lebewelt,
2790 2649 3261 2707 rüstete, taten genug des
1580 2649 2754 2714 ihm einen Stimmungswechsel in den höheren Sphären be¬
355 2667 1533 2736 ein Typus, wie ihn Schnitzler genden und satirisch bearbeitet hat.
2794 2674 3254 2740 Scherz. In den Einakte
1580 2689 2761 2750 greiflich zu machen; man wünscht jetzt keinen streng nationalen
355 2700 1529 2776 Die Helden der Hans Müllerschen Einakter sind gesucht, ins
2798 2718 3240 2776 Herr Gustav Waldau
1573 2729 2754 2798 Mann, sondern einen Vertreter der milden Ausgleichstimmung ins
355 2740 1533 2812 Groteske gesteigert, für Anekdoten, deren Witz einen großen Apparat
2790 2747 3258 2816 Er hatte für die zwei Ha
1573 2761 2750 2834 Ministerium zu bekommen. Rasch gefaßt, glaubt Herterdings auch
348 2776 1529 2852 erfordert zurechtgemacht. Es handelt sich um skrupellose Hyperbeln,
2790 2801 3258 2856 Stümper der tatendurf
1573 2808 2754 2874 mit solcher Gesinnung dienen zu können und ruft zum Erweise die
341 2812 1529 2903 die auf der Schneide eines bizarren Einfalls schweben. Ist dieser
2790 2834 3258 2888 Lebemann, der in seinem
1573 2848 2758 2910 tschechische Geliebte als seine angebliche Braut heran; aber die Dame
341 2863 1526 2924 anekdotarische Witz ergiebig oder doch verblüffend genug, um eine
2790 2870 3261 2928 Eselei den Wald vor laute
1569 2885 2750 2950 hat sich auf seine Weisung bereits mit dem devoten Kollegen ver¬
333 2899 1518 2968 Weile fortzuwirken, nachdem seine Methode erkannt ist, so
2790 2913 3258 2971 auf der Palette. Von jen
1569 2921 2747 2993 lobt, der nun mit der Braut zugleich die Ministerschaft davonträgt.
344 2939 1526 3004 gibt man sich mit der dem Alltagsleben aufgepfropften
2787 2953 3261 3015 die das Wort erst zerdehn
1573 2961 2740 3040 Nicht nur der Held, auch der Autor ist hier überschlau und die Ge¬
341 2964 1522 3055 Phantasterei zufrieden. Man nascht von der luftigen Speise
2787 2993 3265 3062 sehr lustigen Gebrauch zu
1576 3000 2450 3058 schichte so künstlich pointiert, daß die Spitze bricht.
330 3011 1526 3091 und läßt den Schaum auf der Zunge zergehen. Das gilt von dem
2779 3022 3258 3087 lotte Waldow, die
1598 3048 2740 3116 Auch die dramatisierte Anekdote von der „Garage" leidet an allzu
333 3044 1522 3127 bizarren Stückchen „Das Höchste", das die Blasiertheit, ja Ver¬
2787 3069 3258 3127 energisch betonte, und Frl.
1573 3077 2743 3149 großer Umständlichkeit der Erfindung. Ein zwischen Ueberfluß und
337 3091 1522 3171 zweiflung der erfolglosen Tugend zur Voraussetzung hat und die
2787 3113 3261 3178 Garage die halbweltliche
1562 3127 2747 3193 Mangel schwankender Schriftsteller pflegt in den Tagen der Ebbe
333 3135 1518 3211 Heilung durch einen Schwabenstreich zu bewirken sucht. Der Held
2779 3149 3251 3200 die Wirkung getan. Das
1573 3164 2740 3229 seine Herzensdamen einem reichen ältlichen Verehrer anzuhängen,
333 3164 1518 3240 hat bisher mit seinem Drang zu edlen Taten lauter Unheil ange¬
2776 3185 3261 3251 dung; nach dem Mittelstü
1562 3207 2740 3265 um sie in der Zeit der Flut wieder heimzuholen. Die jeweiligen
330 3211 1515 3287 richtet und ist deshalb drauf und dran, ins Wasser zu gehen. Aus
2776 3222 3258 3290 haltend genug, um mit
1558 3236 2732 3308 Unterkunftsstellen vergleicht er mit Garagen. Seine schöne
330 3243 1515 3323 dem Element aber, in dem er den Tod suchen will, taucht ihm die
2776 3272 3261 3337 Rampe zu bringen. A.
1558 3283 2736 3352 Nina befindet sich seit einiger Zeit in der Garage eines ältlichen
326 3279 1511 3363 Rettung empor, er sieht inmitten der Donau ein mit den Fluten
1565 3319 2740 3381 Freiherrn von mäßiger Gefährlichkeit; während sein neues Stück
326 3323 1522 3395 ringendes Mädchen, stürzt sich in den Strom, um die vermeint¬
2812 3319 3261 3399 Die gestern neu aufgefüh
1555 3363 2736 3417 aufgeführt wird, läßt er sich von ihrer Lanne zum Souper in das
315 3359 1515 3446 liche Selbstmörderin zu retten, schleppt sie trotz ihres Widerstandes
2776 3366 3261 3443 Gemeinschaft mit drei ander
1558 3399 2736 3472 freiherrliche Haus bestellen, um für den Fall eines Erfolges mit
2765 3414 3258 3482 titel: „Gesinnung, respe
348 3406 3258 3562 as Land und läßt ihr auf seiner Villa die sorgfältigste Pflege an= 1 ihr auf und davon zu gehen. Es macht ihm diabolischen Spaß, 1 reichischen Verlage (Wien)
