3344 4224
1269 188 1624 278 box 9/5
156 180 1022 288 4.9. Anatol Zykl.
1049 487 1413 581 Telephon 12801.
293 754 1413 817 I. österr. behördl. konz. Unternehmen für Zeitungs-Ausschnitte
451 797 1303 891 Wien, I., Concordiaplatz 4.
681 881 1074 949 Vertretungen
290 924 1402 987 in Berlin, Budapest, Chicago, Christiania, Genf, Kopen¬
303 980 1402 1036 hagen, London, Madrid, Mailand, Minneapolis, New-York,
384 1022 1364 1081 Paris, Rom, San Francisco, Stockholm, St. Petersburg.
694 1060 1063 1116 (Quellenangabe ohne Gewähr.)
304 1082 1400 1227 Ausschnitterankfurter Zeitung
279 1211 479 1279 vom
993 1276 1537 1389 Raimund heater
451 1301 1550 1433 ist uns in der letzten Woche literarisch gekommen. Da hat es
441 1354 1540 1476 einen bösen Mißerfolg gegeben. Man kann es den Darstellern
445 1384 1540 1512 nicht verargen, daß sie sich bei Hans Müllers Einakter=
445 1428 1540 1547 zyklus „Das stärkere Leben" nicht sonderlich Mühe
438 1470 1532 1588 gaben, eine verlorene Sache zu retten. Die Aufführung dieser
447 1502 1533 1615 Einakter ist nur als persönliche Gefälligkeit für den Autor er¬
437 1529 1530 1667 latii. Die Kritik hat da nichts zu sagen. Höchstens des
440 1574 1527 1702 selbst ein ganz ordinärer Mensch es im Leben nur ordinär
431 1622 1529 1736 und nicht lustig finden würde, wenn man ihm erzählte, ein
434 1650 1523 1776 Schriftsteller verschaffe seiner Geliebten, so oft es ihm an Geld
424 1685 1516 1814 fehlt, Versorgung bei reichen Liebhabern, um sie, wenn er lite¬
419 1733 1519 1850 tarischen Erfolg gehabt habe, wieder zurückzuholen. Herr
413 1775 1512 1899 Hans Müller hat daraus eine einaktige Komödie „Die gewisse
417 1808 1511 1927 Dummheit gemacht. Der Mann schreibt aber auch Verse.
408 1847 1512 1965 verkehrt mit Literaten und gilt als literarische Person. So
408 1888 1508 2005 gibt es auch Leute, die bei der „Gewissen Dummheit" litera¬
401 1917 1502 2043 rische Erinnerungen haben, z. B. an Schnitzers-Anatol-Szenen.
406 1946 1500 2078 Schnitzler hat wohl seinen Geist gern an schlüpfrigen Stellen
409 1991 1500 2138 spazierengeführt. Aber wenn ich auf Schlüpfrigkeiten gefaßt
399 2029 885 2133 den und Agenten der
431 2135 1075 2238 Weihnachtsbeilage
373 2268 1128 2369 „Humoristischen Blätter“.
431 2355 1137 2445 Auch wir haben nach dem Muster
366 2428 1137 2491 hervorragender Tagesblätter alle zeit¬
364 2478 1132 2562 genössischen Berühmtheiten um Beiträge
362 2551 1131 2624 ersucht und erhielten das Gewünschte,
359 2608 1135 2677 allerdings in sehr verkürztem Ausmaß,
359 2672 1131 2734 da ja die Ansprüche von allen Seiten
357 2724 1132 2812 zu groß waren. Anbei die eingelaufenen
349 2777 546 2847 Beiträge.
471 2865 997 2956 Nieder mit dem Krieg.
558 2924 919 2998 Von B Suttner.
429 2982 1120 3069 Emma war eine hübsche Komtesse
353 3058 1124 3116 und hatte zwei Verehrer, einen geist¬
352 3118 1121 3190 reichen Schriftsteller und einen hübschen
346 3165 1121 3245 Hußarenleutnant. Sie gab aber dem
345 3224 1124 3295 Leutnant den Abschied, „denn“ sagte
346 3278 1116 3373 sie „mein Wahlspruch ist: Die Waffen
339 3338 507 3411 nieder!"
413 3421 1022 3499 Lieben und Sterben.
490 3479 965 3556 Von Arthur Schnitzler.
405 3545 1102 3619 Anatole hatte soeben sein zwanzig¬
334 3604 1102 3672 stes süßes Mädel kennen gelernt. Er
331 3655 1100 3728 schenkte ihr die silbernsten Bracelets
320 3720 1097 3791 und die goldensten Aphorismen über
324 3768 1099 3858 die Liebe. Da legte sie sich hin und
331 3835 1099 3918 starb gerade zu Weihnachten. Anatole
317 3887 1099 3972 trauerte volle fünf Tage um sie und
328 3946 1092 4037 fand dann ein anderes süßeres Mädel
318 4014 1095 4091 (zumal die Zuckersteuer ermäßigt worden
313 4074 996 4147 war. Anmerkung der Redaktion).
2108 998 2946 1068 Neueste handels=Nachrichten.
2138 1060 2960 1130 Von der Börse. Um es den Berliner
2075 1104 2960 1164 Börsenbesuchern zu ermöglichen, die Kurs¬
2075 1153 2957 1209 rückgänge jeweils genau nach den Kursrück¬
2085 1195 2963 1252 gängen der Newyorker Börse zugestalten, ist jetzt
2075 1234 2957 1276 im Hauptsaal der Berliner Fondsbörse ein Fern¬
2085 1272 2963 1328 beben-Melder — ein Kurs-Seismograph
2085 1312 2970 1350 — aufgestellt worden, der vorzüglich funktio¬
2075 1347 2967 1393 niert. Die leiseste Erschütterung der
2085 1384 2963 1444 Wallstreet-Kurse markiert sich unverzüglich in
2082 1423 2970 1472 der Burgstrasse und erreicht sofort ihre Fern¬
2075 1462 2967 1516 wirkung in Gestalt einer entsprechend stärken
2075 1502 2963 1571 Erschütterung der Berliner Kurse. Die Nach¬
2072 1546 2967 1586 richt, dass die Firma Zeiss, die ja bekanntlich
2069 1582 2957 1634 sonst alle Artikel für Bureau- und Börsen-Bedarf
2082 1622 2967 1673 fabriziert, nun ihrerseits einen Konkurrenz¬
2075 1660 2963 1713 Apparat mit dem Namen Zeissmograph
2079 1698 2829 1750 aufstellen will, ist nicht ernstzunehmen.
2122 1731 2963 1786 Die gestrige Aufwärtsbewegung der Montan¬
2085 1777 2967 1826 papiere war nur eine momentane, die bald
2072 1817 2957 1884 einem er eblichen Rückgang Platz machte. Nur
2075 1850 2963 1900 die Deutsch-Luxemburger behaupteten
2075 1893 2957 1944 ihren Stand auf die Nachricht, dass der Graf
2079 1935 2964 1978 von Luxenburg im Neuen Operettentheater
2072 1976 2971 2033 demnächst zum hundertsten Male — also al
2075 2015 2970 2061 pari aufgeführt, wird. Die Hochofen¬
2072 2047 2967 2106 industrie findet in Berlin immer weniger Sym¬
2085 2089 2957 2142 pathie, was jetzt Mieter, selbst wenn er
2072 2128 2960 2175 noch so lon wohnt, kein Ofen mehr
2075 2171 2963 2235 haben will, sondern bloss of Warmwasser¬
2075 2203 2970 2259 heizung. Die amerikanischen Eisenbahnen
2073 2245 2960 2297 zeigen sich stark erhaltet, weil sie sich
2072 2281 2964 2337 fortwährend durch neterhohen Schnee hindurch¬
2079 2325 2971 2362 zuarbeiten haben. Die Anteile der Grossen
2072 2362 2971 2413 Berliner Strassenbahngesellschaft steigen auf
2068 2403 2961 2445 das Gerücht hin, dass dem reichshauptstädti¬
2075 2439 2970 2499 schen Magistrat der Kurs von 200 zu billig sei
2069 2481 2968 2534 und er deshalb den Ankauf solange verzögern
2082 2520 2957 2564 werde, bis diese Papiere einen Stand von 300
2079 2555 2973 2615 bis 10 Proz. erreicht haben. Chinesen
2075 2596 2967 2646 und Japaner wurden an der gestrigen Börse
2075 2639 2971 2695 lebhaft gesucht; es war aber keiner zu finden.
2075 2675 2963 2720 Kali-Aktien aller Länder, speziell Cyan-
2072 2714 2967 2759 Kali-Aktien, zogen stark an auf Gerüchte
2075 2756 2960 2799 über erhöhten Verbrauch durch zahlreiche
2075 2795 2963 2848 Morde und Selbstmorde. Balkan-Bahnen
2075 2833 2960 2885 notieren 2 bis 3 Proz. höher wegen voraus¬
2079 2871 2960 2927 sichtlich vermehrter Transportgelegenheit, da
2079 2910 2964 2953 die russische Regierung ihre sämtlichen euro¬
2085 2949 2963 2995 päischen Staatsdepots der grösseren Sicherheit
2082 2991 2963 3040 halber in zahlreichen Güterzügen nach den
2075 3030 2960 3070 Balkanländern überführen lassen will. Ana¬
2082 3062 2963 3109 tol-ier bewegten sich stark abwärts, weil
2082 3100 2960 3153 Schnitzler jetzt so wenig aufgeführt wird.
2261 3144 2960 3204 sind stark variierende No¬
2628 3176 2964 3235 Berlin 196,80
2082 3175 2569 3225 tierungen zu verzeichnen
2628 3218 2967 3262 ne
2075 3218 2675 3294 Prozent, in Frankfurt
2069 3263 2582 3329 in London nur 3½ Pro
