3296 4224
1291 204 1658 309 box 8/6
182 215 1135 309 4.9. Anatol - Zyklus
1287 1320 1433 1396 Woi,
204 1316 1185 1404 unerfüllt bleiben müssen. Aber weit über die
215 1335 3138 1447 Grenzen Bayerns hinaus wird man an diesem gend niemand vorausgesagt. Denn aus der Ehe er seine künftige Gemahlin, die geborene Prin¬
2178 1418 3138 1476 zessin Auguste, die Tochter des Großherzogs
1204 1418 2156 1494 seiner Eltern, des Königs Ludwig I. von Bayern
218 1440 1178 1524 Tage mit Ehrfurcht und Achtung seiner ge¬
2174 1458 3134 1524 Leopold II. von Toskana kennen. Am 15. April
1193 1469 2153 1531 und der Königin Therese waren vier Söhne
207 1491 375 1560 denken.
2171 1582 3142 1654 chen aus der Vorstadt, bei dem er den Abend ver¬
1207 1593 2149 1665 Begegnungen der kleine Kirchhof von Montmartre
1196 1629 3142 1702 oder das alte Viertel beim Hotel-Dien, durch das die bringen wird. „Das süße Mädel, steht in den
542 1618 1175 1764 „Anato.
2185 1680 3145 1745 „Weihnachtseinkäufen. Aber das säße Mädel war
1196 1687 2149 1753 Katzen streichen. Der dreißigjährige Arthur Schnitzle
1196 1716 3131 1796 mußte das Milieu sich erst schaffen. Er gab dem noch nicht die Theaterfigur aus der „Liebelei und
360 1731 1069 1833 (Neues deutsches Theater.)
2182 1764 3138 1844 nicht die unentrinnbare Operettentrivialität,
1204 1771 2156 1840 „jungen Wien“, das bis dahin nur den Hamletty
3011 1811 3142 1858 wurde,
2727 1807 2960 1865 mißbraucht
2513 1822 2691 1869 nachher
2265 1807 2462 1873 der es
302 1814 2160 1891 Das Opus I Arthur Schnitzlers ist nun aus Felix Dörmanns „Neurotika" hatte, den Hamlet
2182 1825 3134 1905 sondern etwas Schwindsches und Schubertsches, etwas
1207 1862 2156 1924 Anatol, den der Hauch der Bergänglichkeit ummit¬
211 1865 1189 1931 bei uns ganz so wie in Berlin auf ge¬
2182 1902 3134 1953 Blondköpfiges mit Veilchen, lyrisch verklärt: „Denken
193 1909 2160 1993 bracht worden: als eine Abschlagszahlung für den tert. Anatol, den Liebe suchenden, von Liebe um¬
2185 1934 3131 1996 Sie sich — ein kleines, dämmeriges Zimmer, so klein
233 1942 2160 2029 „Medardus, den man noch erhoffen mag. (Wird er fangenen und Liebe lösenden, Anatol, dessen Modelle
2182 1982 3142 2044 mit gemalten Wänden, und noch dazu etwas zu licht
1207 1985 2153 2047 wohl Alfred oder Viktor hießen. Er erfand die
222 2004 1175 2080 kommen? wird er nicht kommen?) Den „Anatol
2225 2022 3142 2076 ein paar alte, schlechte Kupferstiche mit verblaßten
207 2025 2153 2109 o zu sehen ist eins jener Erlebnisse, die unbehaglick Melancholie des Opernrings. Und über Wie¬
2182 2065 3145 2127 Ausschriften hängen da und dort. Eine Hängelampe
207 2076 1822 2167 berühren, vielleicht auch schmerzen und doch einen hinaus hallte der Erfolg wieder.
2185 2109 3145 2167 mit einem Schirm. Vom Fenster aus, wenn es Abend
1287 2091 2160 2193 Indessen, der „Anatol" war mehr. Er war das
204 2124 1189 2189 Rest von Freude zurücklassen. Die kleinen, nach¬
2182 2149 3142 2207 wird, die Aussicht auf die im Dunkel versinkenden
207 2171 2160 2247 denklichen Spiele, die in der Phantasie ihre Heimat erste Buch der werdenden Literatur überhaupt, das
2182 2193 3142 2247 Dächer und Rauchfänge! Und — wenn der Früh¬
218 2207 2164 2280 hatten, sind nun körperhaft und durch die Körper eine diskrete Tönung und etwas wie kultivierte
2182 2240 3153 2316 ling kommt, da wird der Garten gegenüber blühn
225 2244 2156 2320 lichkeit entstellt. Diese Plaudereien sind von den Philosophie zu geben wagte. Ein Jahr nur vorhe
2182 2273 3149 2342 und duften." Das süße Mädel war ein Traum von
233 2287 2156 2360 Regisseuren abhängig geworden, die uns bevormun- hatte Bahr den Naturalismus für tot erklärt. Noch
2189 2316 3149 2385 Frieden. Doch war es nur eine Illusion, ein Zwischen¬
1211 2324 2171 2385 wußte man kaum von den Anfängen der Künste, die
225 2345 1189 2407 den. Laut und zweifellos ist, was leise und ungewis
225 2367 3142 2444 war. Aber während wir ein bischen verdrossen zu dem großen Prestidigitateur gelingen sollten. Hof zustand, ein Uebergang zu den gewaltsameren oder
2189 2404 3156 2473 gewöhnlicheren Abenteuern der Wirklichkeit. Der
236 2414 2160 2487 hören, fangen wir die bekannten Worte auf und mannsthal hieß noch Loris, und als Loris schriebe
1225 2454 3153 2516 für den „Anatol“ zierliche Geleitverse. In dem Buche „Anatole des Buches ist am tiefsten in den beiden
233 2469 1200 2531 halbe Erinnerungen melden sich, Erinnerungen an
2193 2487 3153 2549 Stücken, auf die der „Anatol“ des Theaters Verzicht
1215 2498 2167 2564 selbst stand nicht viel. Sieben novellistische Dialoge
229 2516 1193 2600 die Zeit, wo dies alles neu, dichterisch, von Lebens¬
1211 2531 3142 2607 waren darin vereinigt, und außer in zweien gab es istet: in den „Denksteinen, an denen nichts Feuilleton
229 2560 596 2640 nähe erfüllt schien.
2193 2578 3153 2636 saule ist als der Titel, und in der „Agonie". Beide
1225 2589 2160 2647 jedesmal das gleiche, spöttisch oder elegisch konver
324 2574 1193 2665 Im Buche irrt über die Züge von Anatol und
1222 2614 3149 2694 sierende Freundespaar. Doch durch diese Gespräche sia sie voll gequälten Gefühls, beide sind sie echt:
229 2633 1193 2713 Max hie und da jenes blasse Licht, das die Lebens
1215 2665 3160 2738 glitten Frauen und Mädchen, und in ihnen allen Anatol, der Emilie, die er heiraten will, zurück¬
240 2687 1193 2745 egoisten im „Einsamen Weg, umspielt, und Sala¬
1218 2702 3153 2774 war triebhafte Anmut, in den mondainen und in schleudert, weil sie den schwarzen Diamanten, für
244 2731 1193 2800 Worte kommen uns in den Sinn: „Bleiben Sie
244 2745 3142 2844 Julian, unser Dialog ist zu Ende." Auf der Bühne den geringen. Da ist das Präludium, die „Weih¬ den sie sich verkauft hat, mit der Feuerzange auf
240 2785 3156 2876 ist Anatol der in sich selbst verliebte französische nachtseinkäufe, die Unterhaltung mit der Dame, die der Glut hervorholt, und Anatol, der das „unsag¬
2193 2829 3153 2891 bar traurige Verglimmen seiner Liebe zu Else er¬
1215 2851 2167 2905 am Christfestabend, mit Paketen beladen und in ten
236 2869 1200 2920 Lebejüngling und Max der assistierende Raisonneur.
2196 2869 3145 2938 lebt. Am freiesten ist Schnitzlers Talent schon da¬
236 2884 2178 2960 Kein wienerischer Autochthone, wie man sich trotz des rem Pelz, bei leichtem Schneefall durch die Kärnt¬
2196 2920 3156 2974 mals überall da, wo die Ironie durchbricht. In
1222 2927 2167 2985 nerstraße geht und dem jungen Müßiggänger er
244 2945 1196 3007 gallischen Vornamens 1892 schmeichelte, sondern ein
2193 2956 3153 3022 der „Episode": Bianca, die Zirkusreiterin, die für
244 2978 2171 3044 Enkel von Mussets Oktave, ein Pendant etwa zu laubt, ihr bis zur Wagentür zu helfen. Sie weis
2196 3007 3164 3065 Anatol, den koketten Romantiker, nichts mehr ist
240 3025 2174 3087 dem Raymond Afame in Donnays „Cendre, der, ihn zurecht, sie lächelt nicht öfter, als sie darf, doch
1225 3040 3156 3124 sie gibt ihre heimliche Neugierde zu erkennen, wie als eine zu Staub zerfallene Blume in seinem
244 3065 1204 3131 leichtsinnig und schwermütig wie der Bonvivant von
1225 3084 3160 3156 es in der anderen Welt aussieht, in der Welt, in Souvenirkasten — Bianca, das „arme Kind, das
244 3113 1204 3171 Wien, seine Liebesbriefe verbrennt und mit seinem
2196 3127 3156 3193 mit der Unbekümmertheit einer irdischen Kreatur
244 3134 2174 3218 Freunde Jacques Transe Reflexionen austauscht, der er glücklich zu sein pflegt. Verwirrt, beschämt
244 3178 3160 3309 Bei Donnay ist der Schauplatz der sentimentalen fest ergriffen leicht sie ihm Blumen für das Mäd¬ zurückkehrt, um Max zu besuchen, und Anatol von
