3484 4256
1388 197 1739 297 box 9/3
260 193 860 303 4.9. Anatol-
777 196 1210 312 Zyklus
1591 538 1943 609 „Widerhall
2756 535 2947 645 Seite 7.
598 560 777 621 Nr. 31.
1797 641 2980 713 wir wollen viele sein. Uns ist niemand fremd, der guten
575 645 1751 711 Die große Pflicht, die auf unseren Schultern lastet, ist: die
1797 695 2986 751 Willens ist, gleich uns. Allen strecken wir die Hände ent¬
572 702 1754 750 Wahrheit zu suchen und sie mit ganzer Kraft zu verteidi¬
1797 741 2983 796 gegen. Wir wollen eine Menge sein, die niemand mehr
568 741 1755 798 gen als den einzigen Halt, der uns bleibt, als den einzi¬
1800 778 2898 836 zählen kann. Wir wollen die ganze Menschheit sein“.
575 778 1748 828 gen wirklichen Besitz, als das neue Heil der Menschheit.
1845 805 2980 865 Barbusse schließt mit den Worten: „Und wenn nun also
568 823 1754 895 Vorbei die Zeit, da alle schöpferischen Geister jenseits der
1806 847 2985 911 die Zeit vorüber ist, da die Kunst sich ihrer heiligen Selbst¬
568 862 1746 910 Wirklichkeit lebten, eingeschlossen in ihre ungesunde
1809 896 2989 950 sucht rühmen durfte, ihrer Einsamkeit und Abgeschlossen¬
571 901 1754 953 Gleichgültigkeit gegen den lebendigen Tag. Die Wahr¬
1809 940 2983 986 heit, wenn die verblendete Gleichgültigkeit ein für alle¬
571 941 1751 993 heit ruft jeden von uns, als ob sie ihn beim Namen riefe.
1806 977 2980 1026 mal vorüber ist, die Furchtbares verschuldete, indem sie es
572 978 1748 1046 Niemand hat mehr das Recht, sich abzuschließen. Alle ge¬
1812 1019 2986 1070 geschehen ließ, wenn wir nun wirklich an einem neuen
572 1020 869 1077 hören zu allen
1812 1058 2983 1101 Kreuzweg angelangt sind, oh, so laßt uns den Geist wie¬
612 1029 1758 1107 Und weiter fährt Barbusse fort: „Wir sind die Partei
1803 1098 2989 1140 der in die Herrschaft einsetzen! Allzulange war er ver¬
572 1098 1751 1146 der Wahrheit. Das Erkennen der Dinge, das Durch¬
1812 1135 2986 1189 stoßen. Daß sie wahrhaft neu werde, diese Zeit — das
581 1144 1754 1189 schauen der Zusammenhänge erst wird die Menschen er¬
1809 1177 2696 1252 eben müssen wir uns alle erst verdienen".
575 1179 1754 1255 lösen. Und welches ist unser Weg? Wir sind wenige,
1453 1323 2132 1433 Kunst=Widerhall
1803 1482 2983 1558 dings gerade in der deutschen Literatur das Judentum
732 1495 1582 1585 Offener Brief an Dr. R. St.
1807 1556 2980 1622 eine ungewöhnlich starke Vertretung hat und eine — ich
823 1571 1736 1639 Die Kritik Dr. R. St's im „Tiroler Anzeiger
1809 1594 2877 1655 möchte fast sagen — praevalente Stellung einnimmt.
796 1633 1752 1683 über die Aufführung der „Anatol-Einakter Artur
1845 1634 2983 1697 Mag man darüber urteilen wie man will, eines liegt auf
793 1670 1751 1727 Schnitzlers in den Kammerspielen bildet den An¬
1803 1683 2989 1739 der Hand: man müßte, wenn man schon dazu Stellung
796 1713 1754 1763 laß zu dieser Zuschrift unseres geschätzten Mitarbeiters.
1803 1731 2983 1779 nimmt, vorerst nach den Ursachen dieser Erscheinung for¬
793 1755 1755 1809 Wir geben ihr Raum, obwohl wir uns vollkommen
1812 1772 2986 1830 schen, anstatt pauschaliter zu schimpfen. Denn mit dem
793 1795 1755 1846 bewußt sind, daß vielleicht gerade die Figur des Ana¬
1812 1818 2986 1873 Schimpfen allein ist noch nie etwas geändert worden, viel¬
793 1839 1757 1882 tol eine Schnitzlerische Schöpfung ist, die man nur aus
1803 1861 2986 1916 mehr ist es einem jeden Klugen klar, daß der Schimpfende
796 1873 1760 1925 der Kenntnis des Wien um 1890 und der seelischen
1818 1911 2989 1960 sich in allen Fällen in der Lage des ohnmächtig Zornigen
796 1919 1754 1970 Beschaffenheit seiner jungen Menschen von damals
1806 1954 2985 2008 befindet, weil er sonst anstatt zu schimpfen handelte. So¬
796 1958 1754 2003 verstehen und nachfühlen kann, die absprechende Be¬
796 1997 1745 2046 Beurteilung eines Tirolers im Nicht-Begreifen=Kön¬
1809 1996 2989 2051 mit liegt in solchen Aeußerungen immer das unbewußte
796 2037 1751 2096 nen begründet erscheint. Aber Dr. R. St. hat es für
1809 2039 2989 2093 Eingeständnis einer Schwäche. Und das ist's. Wir
793 2076 1757 2130 richtig gefunden, bei dieser Gelegenheit der Leitung
1821 2087 2988 2150 sehen ein Volk, das dem unseren rassenfremd ist und durch
799 2120 1748 2167 der Kammerspiele nahezulegen, den Feldruf „Lo¬
1812 2127 2986 2184 die Schuld unserer grausamen Vorfahren im eigenen
793 2161 1757 2206 von Wien“ auf die gesamte Wiener literarische Pro¬
1804 2175 2989 2227 Land zum Haß gegen uns in tierwürdiger Einpferchung
787 2196 1760 2250 duktion anzuwenden — so scheint es uns doch Pflicht
1810 2218 2986 2276 großgezogen wurde, allmählich Gewalt über uns gewin¬
787 2236 1754 2297 eines jeden Menschen, der irgendwann und irgend¬
1812 2263 2995 2321 nen und wir sind nicht im Stande, diese Gewalt zu bre¬
793 2278 1760 2330 wie einmal mit dem Begriff „Kultur" in Verbindung
1803 2306 2986 2363 chen. Wir schimpfen über die schlimmen Eigenschaften
796 2323 1758 2369 trat, einer derartigen, ebenso tief-Provinziellen, wie
1809 2354 2989 2406 des größten Teiles dieser Rasse und vergessen völlig, daß
796 2362 1754 2403 horizontarmen geistigen Auffassung von Kunst im
1809 2393 2988 2445 unsere Ahnen es waren, die in jahrhundertelanger, be¬
802 2399 1754 2450 Allgemeinen und im Besonderen entgegenzutreten und
1591 2441 1754 2508 Die Red.
799 2442 1531 2512 einmal Prinzipielles dazu sagen zu lassen.
1818 2438 2989 2493 stialischer Knechtung diese Eigenschaften großzogen, von
1809 2486 2988 2539 denen die Geschichte nichts wußte, ehe ein künstlich ent¬
630 2486 1754 2551 In Innsbrucker Tagesblättern gewisser Richtung ist
1818 2535 2988 2581 falteter religiöser Haß ein ganzes Volk der fürchterlichsten
572 2523 1758 2605 in letzter Zeit immer auffälliger eine Erscheinung zu Tage
1807 2572 2990 2625 Unterdrückung überantwortete, die die Geschichte kennt.
575 2581 1757 2647 getreten, gegen die Stellung zu nehmen notwendig ist:
1812 2614 2980 2668 Man sagt mir darauf, daß diese Genese für unser leben¬
578 2628 1757 2681 es wird versucht, nach der Religion nun auch noch den
1812 2660 2990 2713 des Geschlecht belanglos sei und wir trotzdem mit allen
572 2668 1760 2737 zweiten Tempel der Menschheit, die Kunst, mit Politik
1818 2705 2986 2759 Mitteln trachten müssen, uns vom fremden Einfluß zu
572 2711 1773 2781 zu schänden. Ist es nicht genug des Greuels, daß man
1809 2750 2995 2798 befreien. Belanglos? Sind wir nicht sonst so innig mit
572 2757 1760 2816 aus Stätten der Erhebung und Anbetung Agitations¬
1809 2792 2992 2849 unserer Geschichte verwoben und so stolz auf die Taten
572 2799 1643 2849 lokale machte und in Christi Namen Bauern fing?
1809 2837 2980 2883 der Väter, so beredt im Vermelden alten Heldenruhms:
621 2829 1740 2898 Anläßlich der Aufführung von Schnitzlers „Anatol
1818 2877 2996 2932 Dann müssen wir auch einstehen für ihre Sünden, meine
572 2887 1754 2943 wurde bei Beginn der Besprechung der Szenen der Ruf
1809 2934 3004 2979 Lieben, wenn wir Männer sein wollen! Und vielleicht
572 2934 1760 2986 „Los von Wien“ erhoben und gefordert, man solle aus
1809 2971 2989 3023 doch einmal zur Erkenntnis gelangen, daß nur wir Ein¬
575 2976 1757 3028 dem Spielplan der Kammerspiele Stücke solchen Inhalts
1812 3011 2992 3070 zelne so ganz belanglos sind, so lächerlich Aufgeblasene,
584 3020 1763 3074 streichen und sich frei machen von dem verjudeten dela¬
1812 3061 2990 3114 die kurze Erscheinungsform unseres Daseins für so be¬
581 3065 1767 3113 denten Wiener Literatentum. Es wurde gesagt, daß Pro¬
1815 3103 2986 3168 deutend zu halten, daß wir Entwicklungen Gesetze vor¬
578 3108 1766 3164 bleme dieser Art „unwürdig seien und daß die Erotik nicht
1818 3146 2989 3207 schreiben könnten! Und alles ist organische Entwicklung!
578 3152 1428 3216 das Wichtige im Mannesleben darstelle“.
1818 3197 2998 3249 Hier geschieht nichts, was nicht tief und tiefst begründet
630 3185 1757 3253 Zu all diesen Aeußerungen ist Punkt für Punkt zu
1815 3238 2983 3289 wäre und die Fäden alles Geschehens sind innigst unter¬
578 3241 1757 3297 sagen: Die Wertung eines Kunstwerkes ist freilich immer
1815 3283 2993 3334 einander verknüpft. Wir werden sie niemals entwirren.
572 3283 1754 3339 individuelle Geschmacksache und wir sind froh, daß es auf
1818 3322 2990 3388 So ist auch diese Prävalenz einer fremden Rasse organisch
572 3333 1763 3389 diesem Gebiet keine starren Formeln gibt. Aber es geht
1815 3371 2998 3421 notwendig über uns gekommen und sie ist nicht mit
572 3374 1760 3434 nicht an, den Wert einer Dichtung nach der Konfession
1818 3416 2992 3477 Pogromen aufzuheben und mit Beschimpfungen: organisch
575 3425 1764 3485 oder Rassenzugehörigkeit des Autors zu beurteilen, oder
1809 3463 2992 3516 notwendig wird sie wieder verschwinden, wenn wir uns
578 3467 1754 3521 als Richtschnur der Bewertung die Differenz zu nehmen
1821 3504 2993 3558 als die Tüchtigeren erweisen! Denn im Leben der
575 3507 1754 3561 die sich zwischen den in der Dichtung vorgetragenen An¬
1818 3549 2996 3598 Völker gibt es nur ein Ethos: die Kraft, die immer wie¬
581 3554 1755 3610 sichten und dem parteipolitischen Bekenntnis des Kritikers
1809 3592 2993 3649 der den Vorherrschenden von den Unterdrückten entwun¬
575 3595 1754 3652 ergibt. Denn ein solches Bekenntnis ist eine Enge und
1818 3640 2989 3709 den wird, die in Not und Drangsal zu Höchstleistun¬
575 3640 1757 3693 Begrenzung, die Kunst aber die Weite alles menschlichen
1812 3681 2263 3748 gen geschult werden.
584 3687 1760 3742 Fühlens und Denkens. Es würde einem solchen Kritiker
1855 3716 2989 3784 So haben uns die Juden in der Literatur überflügelt,
581 3730 1763 3790 wohl kaum einfallen, ein Werk für schlecht zu erklären,
1818 3769 2998 3827 weil sie rascher als wir die Zeichen der Zeit zu deuten
578 3773 1764 3830 weil ein Russe oder Engländer es schrieb, denn die Ver¬
1818 3812 2998 3870 wußten und ins Leben stiegen, als die abgestempelten
578 3821 1766 3878 dächtigungen dieser Rassen fallen in ein anderes seiner
1824 3857 2995 3915 Führer deutschester Richtung in der Epoche der Eisen¬
581 3869 1760 3917 Fächer. Es ist nur die eine Rasse, gegen die hier pole¬
1818 3897 2998 3954 bahnen, Flugzeuge und Telegraphen immer noch mit un¬
581 3908 1757 3960 misiert wird: die jüdische. Und damit ist diese schwere
1821 3941 2998 4003 geschlachten Handen die Banner daseinsfremder Phrasen¬
578 3955 1760 4012 Frage, die heute mehr als je die Geister beschäftigt, auf¬
1821 3985 2995 4047 deale emporhielten. Wer kauft denn die Bücher eines
581 3994 1763 4053 gerollt und es ist notwendig, dazu einmal ein Wort zu
1815 4033 2998 4112 Schnitzler und wer klatscht seinen Theaterchücken Bei¬
581 4047 1757 4114 sprochen, besonders in Hinblick auf die Tatsache, daß aller¬
