3392 4224
288 183 650 283 4.9. An
728 173 1246 281 1 Zyklus
1413 176 1765 262 box 9/2
2061 835 2226 923 Teleph.
1591 912 2398 1036 OBSERVER
1525 1005 2455 1102 I. österr. beh. konz. Unternehmen für Zeitungs-Ausschnitte
1600 1060 2386 1159 Wien, I., Concordiaplatz Nr. 4.
1856 1128 2138 1195 Vertretungen
1543 1144 2443 1252 In Berlin, Basel, Budapest, Chicago, Cleveland,
1553 1220 2443 1286 Christiania, Genf, Kopenhagen, London, Madrid,
1547 1259 2445 1332 Mailand, Minneapolis, New-York, Paris, Rom, San
1561 1288 2431 1370 Francisco, Stockholm, St. Petersburg, Toronto.
1759 1335 2242 1438 (Quellengabe ohne Gewähr.)
1550 1411 1928 1508 Ausschnitt aus
1561 1449 2569 1566 vom 3. Neubes Nordmährerblatt, Or¬
1712 1548 2411 1669 Deutsche Schaubühne.
1609 1626 2594 1726 „Anatol. Artur Schnitzlers
1519 1664 2594 1772 Gesamttitel „Anatol" vereinen gestreiche und
1518 1754 2588 1820 überaus sein gearbeitete Lustspielchen wurden Diens¬
1523 1801 2584 1863 tag vor ausverkauften Hause aufgeführt. Daß das
1526 1856 2594 1912 Haus voll war ist natürlich in erster Linie dem Um¬
1529 1898 2591 1966 stande zuzuschreiben, daß es der Abend vor einem
1522 1939 2590 2014 Feiertag war. Es spielt also auch der Kalender eine
1522 1991 2583 2052 Rolle beim Theaterbesuch und es könnte vielleicht
1514 2035 2580 2107 in kluger Ausnützung dieser Tatsache dem Schauspiel
1511 2085 2578 2150 auf unserer Bühne so geholfen werden, wenn mit
1517 2143 2578 2207 es an den vom Publikum erfahrungsgemäß für das
1517 2176 2566 2255 Theater reservierten Samstagen und Sonntagen an¬
1521 2224 2569 2303 setzen würde. Die Operette zieht an sich, auch wenn
1522 2275 2573 2350 sie mitten in der Woche gegeben wird. Also „Ana¬
1501 2337 2566 2400 tol: Viel Gutes sah man nicht, dagegen viel Un¬
1503 2383 2571 2441 zulängliches, Mangelhaftes und auch selbstverschuldet
1504 2429 2560 2502 Schlechtes. Herr Raul bringt für den Anatol ent¬
1508 2469 2566 2541 schieden gute Qualitäten mit, er weiß auch seine
1500 2524 2560 2591 Vorzüge gar schlau zu zeigen, aber die feinen Linien
1503 2570 2563 2641 seiner Figur hat der sonst so gewissenhafte Darsteller
1500 2623 2563 2684 verzeichnet. Ebenfalls nur in groben Umrissen stellte
1508 2660 2563 2731 Herr Alexander Spalke den Mar heraus. Das
1496 2724 2558 2775 Ueberlegene, Erfahrene brachte er nur verwischt zum
1496 2752 2552 2835 Ausdruck, Gesten und Sprechart haben stellenweise
1490 2813 2559 2892 geradezu automatenhaft gewirkt. Von den Damen
1492 2874 2559 2931 zunächst Frl. Leni Holstein, die der Soubretten¬
1485 2904 2559 2976 rolle der Anni restlos beikam und vom Publikum
1483 2955 2555 3036 durch stürmischen Beifall ausgezeichnet wurde. In
1485 3011 2567 3091 achtungsvollem Abstand, aber immerhin lobend zu
1482 3065 2594 3108 erwähnen ist Frl. Kamilla Schuster in der Dop¬
1523 3173 2603 3254 pelrolle Gabriele Ilona. Namentlich als Letztere
1514 3241 2591 3308 war sie recht brav. Sonst darstellerisch nichts Erwäh¬
1523 3283 2591 3344 nenswertes. An die Adresse der Regie, bitte: Am
1521 3333 2591 3392 Weihnachtsabend wird selbst ein Schutzmann und
1521 3382 2584 3448 ein Dienstmann nicht in bloßer Bluse im Schneege¬
1526 3437 2587 3500 stöber auf der Straße herumgehen, der Aermste
1521 3473 2584 3546 erfriert ja, namentlich wenn der Schneefall derart
1521 3524 2588 3600 kräftig und andauernd ist, daß es durch Dach und
1523 3578 2588 3639 Decke noch in Maxens Zimmer schneit, wie das der
1532 3621 2594 3692 Fall war. Die Souffleuse war von einer rührenden
1529 3690 2592 3746 Zuvorkommenheit, man hat jedes Wort lange vorher
1523 3730 2584 3789 und störend deutlich gehört. Ob sie auch Schuld hat
1514 3771 2596 3833 an dem vorzeitigen Fallen des Vorhanges im vierten
1521 3822 2601 3891 Akt, wissen wir nicht. Das Haus war, wie gesagt,
1521 3866 2591 3937 ausverkauft und unterhielt sich augenscheinlich sehr
1518 3930 1621 4019 gut¬
