3392 4256
305 181 798 274 4.9. Anato.
828 191 1248 274 Zyklus
1414 198 1778 291 box 9/3
2234 333 2381 501 klo
2234 492 2835 589 Bureau für Zeitungsaus¬
2210 560 2962 650 Berlin 10 43, Georgenkirchplatz 2
2231 1114 3078 1218 Theater und man
2405 1210 2909 1283 Schnitzlers Anatol.
2480 1272 2839 1346 Kammerspiele.
2258 1321 3115 1386 Man konnte diesen glänzend geseiften, her¬
2196 1385 3124 1435 vorragend frisierten, von sich ungeheuer einge¬
2187 1407 3128 1474 nommenen Lebejüngling Anatol schon immer
2196 1461 3119 1515 gut leiden, man war niemals von dem Hoch¬
2193 1493 3121 1555 mutsdünkel ergriffen, daß der enge Liebeshori¬
2202 1539 3122 1596 zont des Wienerisch verweichlichten Don Juans
2202 1570 3131 1634 literarisch minderwertig sei, da etwas gekannt
2196 1619 3122 1672 Schmalspuriges wertvoller bleibt als unbezwun¬
2204 1658 3132 1726 gene Großartigkeit. Aber trotz alledem beginnt
2202 1700 3125 1761 eine allzu häufige Begegnung mit dem parfü¬
2202 1740 3128 1795 mierten Wichtigter in den Süßigkeiten des Da¬
2210 1780 3131 1846 seins (unter uns gesagt) ein wenig langweilig zu
2204 1831 3122 1881 werden. Vor Jahren waren die Anatolskizzen
2214 1868 3132 1924 schon darum interessanter, weil man in ihnen
2202 1904 3128 1957 den Atem einer Stadt zu spüren glaubte, die es
2202 1948 3128 2005 in dieser Unmasse von Sorglosigkeit, in dieser
2210 1987 3142 2059 grenzenlosen Verliebtheit in die kleinen Freuden
2230 2034 3154 2126 heutzutage längst nicht mehr gibt. Die Anatols des
2237 2094 3154 2146 Jahres 1922, ich meine die genießenden Nichts¬
2231 2145 3154 2200 tuer, hörten vor ein paar Wochen eine sehr un¬
2230 2186 3154 2231 liebsame Musik ausbrechender Volkswut und ein
2237 2224 3148 2275 Wien mit einer halbdemolierten Ringstraße hätte
2225 2269 3158 2319 die süßfarbenen Zärteleien des jungen Schnitzler
2231 2304 3154 2361 kaum geboren. Für historische Betrachtung ist
2235 2347 3145 2394 entweder Anatol noch nicht alt oder die Wiener
2225 2397 3146 2460 Station (wie auch unser aller Zustand) noch
2231 2421 2754 2479 lange nicht endgültig genug.
2295 2462 3146 2516 Oder soll man schlecht sein und dem amou¬
2224 2504 3148 2569 rensen Helden nachsagen, daß er gar nicht soviel
2229 2540 3151 2606 Selbstvertrauen zum Wiedererscheinen hätte,
2224 2588 3145 2645 wenn er nicht Reigen=Konjunktur wittern
2220 2631 3148 2685 würde? Meine Abendblatt=Predigt über die
2224 2665 3142 2732 Berliner Theaterverhältnisse ließe sich tagein
2222 2700 2548 2764 tagaus fortsetzen.
2580 2708 3139 2768 Es herrscht Systemlosigkeit,
2218 2754 3142 2808 man hat keinen großen Ehrgeiz mehr. Niemals
2220 2788 3143 2846 ist man (von den hierzu erkorenen Unterhal¬
2216 2832 3142 2886 tungstheatern abgesehen) den primitivsten In¬
2220 2869 3142 2916 stinkten des Publikums so hemmungslos nachge¬
2214 2908 3140 2970 laufen wie heute. Mag sein, daß die Majorität
2216 2952 3127 3007 der gegenwartigen Theaterbesucher ein sonder¬
2220 2991 3140 3039 bares, mit tieferen Worten schwer heranzulocken¬
2215 3033 3127 3092 des Geschlecht sind. Aber ich glaube es nicht
2208 3074 3131 3132 daß sie ganz und gar unerziehbar waren. Ich halte
2216 3125 3136 3182 es für einen recht falschen Weg, sich die Richtung
2215 3154 3131 3220 des Spielplanes vom Kassier vorschreiben zu las¬
2216 3195 3133 3248 sen. Mangel an Stücken? Sie sind unauffind¬
2208 3241 3136 3296 bar, so lange die Angst vor dem Experiment
2210 3279 3133 3333 mitspricht. Das wahre, von der Tagesspekula¬
2209 3322 3127 3381 tion auf Pikanterie unabhängige Zugstuck ist
2209 3365 3127 3425 weder von außen, noch durch dramaturgische
2208 3403 3131 3461 Gutachten, noch durch Kleistpreise zu erkennen.
2210 3445 3127 3500 Es springt als göttliche Gnade hervor, während
2202 3487 2868 3535 man ein Opfer zu bringen glaubte.
2273 3527 3131 3588 Warum ich dies anläßlich eines Schnitzler¬
2209 3549 3127 3622 abends äußere, der ja gewiß nicht zu den
2207 3603 3118 3666 schlimmsten Repertoiresunden zählt? Vielleicht
2204 3646 3118 3703 bin ich angstlich, daß die im Range vornehmsten
2207 3689 3121 3748 Bühnen allmählich mit dem Schillertheater¬
2202 3731 3127 3786 programm wetteifern könnten. Jedenfalls halte
2202 3781 3131 3829 ich das Deutsche Theater immer wieder für einen
2201 3812 3121 3873 Boden, der keiner Müdigkeit verfallen darf und
2198 3856 3125 3904 aus Erschlaffungszuständen zu vorbildlichen
2202 3890 3125 3948 Unternehmungen aufgereizt werden soll. Noch
2202 3936 3121 3992 voriges Jahr gab es zum mindesten eine
2196 3970 3117 4026 Stramm=Inszenierung. Volle künstlerische Be¬
2198 4016 3112 4066 friedigung kann immer wieder nur durch Be¬
2202 4063 3115 4112 rührung mit neuer oder doch neu erweckter
2188 4096 3118 4157 Literatur erwachen. Der Reinhardt=Erfolg des
