3344 4256
201 143 770 264 4.9. Anatol
800 153 1152 269 Wyklus
1321 164 1683 269 box 9/5
284 1165 1203 1266 den Eigenschaften des Dichters noch gereifte Kraft,
1228 1185 2139 1271 nen Studie „Der Hinterbliebene nennt
2177 1180 3256 1278 aber nie als unbedeutend empfindet. Nie weitet der To
299 1251 1205 1308 so könnte er nicht nur der deutschen Novelle ein
1238 1253 2149 1306 Salten, der in der nächsten Saison uns bekanntlich
2184 1263 3090 1319 sich ihr Blick in's Allgemeine; nur zeitlose Artisten¬
3120 1268 3259 1329 Krösus
294 1296 1205 1359 schöner Gewinn, sondern auch der ersehnte Gründer
1235 1301 2139 1351 ein „Jung=Wiener Theater zum lieben Augustin
2177 1311 3082 1369 kunst blüht aus dem Wiener Boden. Das ist zweifel¬
3150 1316 3261 1364 k. N.
284 1346 891 1404 einer deutschen Komödie werden.
1233 1339 3248 1402 bescheeren will, ist einer der wenigen Theaterkritiker los vornehmer als die unendlich wackeren Tendenz des In
320 1364 1210 1439 Weit weniger angenehm wirkt die Skizzensamm¬
3123 1394 3256 1439 Gouver=
1230 1384 3092 1457 Wiens, die literarisch fühlen und Geschmack haben. haschereien der Dreyer und Ernst, bei denen sich
3123 1434 3259 1485 Borisso¬
279 1429 1205 1487 lung von Felix Dörmann „Warum der
1233 1424 3085 1502 Auch sein Buch zeigt Geschmack, die Geschichten sind Niemand selbst klar werden kann, ob sein Beifall
3123 1475 3259 1522 Ausstell
282 1467 1205 1530 schöne Fritz verstimmt war“. Sie ist
1233 1472 2151 1530 geschickt, oft recht wirksam erzählt; aber es fehlt
2174 1482 3256 1560 den künstlerischen Qualitäten des Werkes oder den anstaltet
284 1520 1203 1578 ohne glatte Fertigkeit geschrieben; die Sujets sind
1225 1527 3090 1590 völlig das, was einer künstlerischen Hervorbringt darin benutzten Ideen gilt. Hat man die Wiener
3113 1550 3256 1598 Minister
287 1563 1203 1615 einem Gebiete entnommen, das der vorsichtige
1230 1568 2149 1615 ung allein Reiz und Werth gibt: die Persönlichkeit.
2179 1573 3090 1631 nur als Feuilleton=Künstler gelten lassen, so könnte
3115 1590 3254 1636 der 50
284 1603 1208 1658 deutsche Erzähler sonst ängstlich als versuchtes
1235 1605 2151 1668 Wir finden gute Nachahmungen Turgenjews und
2179 1618 3085 1696 man manche Berliner dann auch Leitartikel=Künst¬
3118 1625 3261 1678 doch der
282 1648 1198 1711 Land meldet; die Menschen sind brutal und sinnlich,
1228 1646 2151 1706 vor Allem Maupassants; es werden sozusagen von
3120 1663 3248 1716 schenke
2182 1661 3090 1716 ler nennen. Mir scheint das schlimmer... Aber
279 1696 2144 1754 von wilden Begierden gepeitscht. Auch die künst¬ literarischen Herrschaften abgelegte Kleider ver¬
3120 1704 3256 1756 Der Mi¬
2179 1704 3090 1771 für Wien besteht die Gefahr, daß es aus der großen
279 1734 1208 1792 lerische Gleichwerthigkeit fehlt; mehr als die Hälfte
3120 1744 3251 1794 küßte un
1235 1739 2144 1797 kauft. Saltens Kopien sind sehr fleißig durchge¬
2179 1759 3085 1809 Bewegung der Geister ausgeschaltet wird, die sich
3113 1784 3251 1832 Reise G
277 1782 1203 1842 der Skizzen ist absolut werthlos. Aber in den
1248 1782 2144 1842 führt, aber schon Lichtenberg mahnt uns: „Man
2177 1792 3085 1849 in den Werken der drei Gewaltigen: Ibsen, Zola,
3115 1822 3251 1870 verwehr
282 1834 1198 1877 anderen steckt eine rücksichtslose, unbekümmerte
1248 1824 2144 1892 sollte doch endlich unterscheiden lernen zwischen
2174 1837 3087 1897 Tolstoi so mächtig verkörpern. Oesterreich ist nicht
3110 1862 3259 1915 Kaufma
279 1870 1203 1927 Naturwüchsigkeit, die dem viel kultivirteren und
1233 1872 3092 1940 Dem, was ein Mann selbst gemacht hat, und Dem, nur politisch und finanziell eine Insel im modernen
3115 1900 3243 1950 Paar
284 1915 1195 1968 feineren Auernheimer fehlt, eine gewaltthätige Ent¬
1228 1915 2144 1973 was einer abschreibt." Natürlich schreibt Herr
2179 1925 3082 1985 Europa, sondern auch geistig. Zu tief steckt in un¬
3113 1940 3248 2008 General
289 1950 1200 2013 schlossenheit, die Feindseligkeiten des Lebens mit
1235 1960 2141 2018 Salten nicht ab; das dürfte überhaupt nicht so
2182 1970 3082 2041 seren Dichtern eine rein spielerische Freude am
3148 1980 3248 2028 F. D
272 2005 1200 2056 eigener Hand aus dem Wege zu räumen, anstatt sie
1228 2003 2144 2066 leicht sein, wie man glaubt; aber er empfindet nichts
3110 2005 3254 2066 Blattes
2169 2013 3080 2076 Worte, an Gefühlen und Gefühlchen. Wie in Ve¬
272 2051 1195 2101 zu beklagen oder zu bespötteln. Ließen sich die
3108 2053 3256 2104 übermit¬
1225 2056 2139 2114 mit eigener Seele, sondern dichtet nach berühmten
2172 2061 3080 2124 nedig die laguna morte ein zwar höchst prächtig
3108 2096 3256 2144 Ausstell
282 2099 2134 2146 aristokratisch-poetische Eleganz Auernheimers und Mustern. Similibrillanten haben einen Zweck
2182 2099 3080 2159 schimmerndes, aber faulendes und todtes Gewässer
3108 2134 3256 2182 anbietet.
272 2141 1193 2189 die ganz unwienerisch harte Energie Dörmanns
1220 2139 2144 2192 denn sie sind billiger als echte. Aber Maupassants
2179 2149 3082 2202 ist, in das aus dem freien Meere kaum eine ver¬
3108 2174 3243 2222 kurioses
267 2184 1195 2232 vereinigen, so hätte Deutschland gegenwärtig einen
1235 2179 2141 2247 Skizzen kosten doch auch nicht mehr als Saltens
2177 2192 3080 2252 lorene Welle dringt, so ist auch Wien durch unsicht¬
3108 2214 3236 2260 stellung
274 2232 1203 2287 Erzähler europäischen Ranges. Aber es scheint,
1230 2219 2141 2292 Buch. Es ist also zwecklos ... Immerhin hat es aber
2179 2234 3248 2320 bare Dämme getrennt von dem unendlichen Ozean von Bre¬
272 2270 1195 2325 daß sich ihre Vorzüge ausschließen. Denn Dör¬
1238 2267 2144 2340 formelle Vorzüge, die den Sammlungen „Die
2179 2277 2582 2348 des modernen Lebens.
3108 2287 3243 2340 ich schon
272 2315 1193 2363 manns Buch zeigt uns einen genußsüchtigen
1225 2312 2136 2375 Treue von Stefan Großmann und
2214 2320 2655 2398 Wien, Anfang Juli.
3100 2330 3243 2378 erlangte
272 2355 1195 2406 Plebejer, in dem ein Funken vom Geiste Verlaines
1230 2363 2141 2418 „Wiener Bummelgeschichten“ von
3100 2370 3256 2421 bezeugen
2627 2345 3057 2441 Ludwig Bauer.
272 2406 1190 2458 glüht. In den Humoren des Sexualismus wird
3098 2411 3254 2456 camera
1228 2403 2134 2463 Max Messer abgehen. Die Skizzen Groß¬
3100 2446 3254 2494 Referenz
274 2443 1193 2496 ihn nicht bald ein moderner deutscher Schriftsteller
1230 2451 2144 2506 manns gefallen sich in einem kalten, widerwärtigen
2207 2428 3065 2509 Buntes Feuilleton.
3103 2486 3256 2534 mir die C
274 2489 1193 2541 erreichen. Freilich wird es auch nur wenige Vor¬
1230 2491 2139 2549 Skeptizismus, dem Gemüth und Beobachtung feh¬
2212 2509 3236 2572 W. Ein seltsames Geschenk. Unter den un¬ ich mich
274 2534 1190 2592 urtheilslose geben, die den Schriftsteller von seinen
1230 2531 2134 2592 len; sie sind ohne Handlung, ohne Pointen, die Per¬
2164 2531 3082 2614 zähligen Geschenken, die der Papst zu seinem Jubi¬
274 2577 1190 2627 Gestalten trennen können und Sätze, wie „Aufge¬
1235 2574 2139 2632 sonen huschen wie graue langweilige Schatten durch
2174 2594 3241 2650 läum erhalten hat, waren gewiß viele Merkwürdig vollen
267 2624 1195 2675 weckt muß man worden, nach einer köstlich durch¬
1220 2622 2139 2682 die höchst tristen Novellen. Weniger anspruchsvoll,
2169 2637 3236 2695 keiten; die eigenthümlichste Gabe aber traf dieser Platz ist
279 2665 1198 2723 schlafenen Nacht aufgeweckt von der liebenden Frau
1225 2672 2134 2730 aber nicht weniger schlecht sind Messers „Bummel¬
2166 2680 3248 2748 Tage zum größten Erstaunen Aller im Vatikan ein versteht
267 2713 1190 2763 eines Anderen — das ist Sonntagsglück“ nicht als
1220 2720 2136 2775 geschichten“, die uns von einigen verfehlten oder er¬
2177 2728 3256 2768 ..... es ist eine Mumie mit der Adresse des Kirchen Hagem
274 2758 1195 2808 ungehörigen Cynismus empfinden. Diese
1228 2763 2131 2816 folgreichen Rendezvous Anatols — er heißt bei ihm
2182 2765 3248 2816 fürsten. Der Chedive von Egypten ist der Ab¬ mit 5 Pf.
269 2798 1190 2858 Wenigen verstehen eben, daß in Anschauung der
1228 2801 2141 2858 Edi Hoffinger — erzählen. Gewissenhaft berichtet
2174 2806 3246 2884 sender und will dem Papste dadurch ein Zeichen seiner richter a
3095 2843 3243 2899 mobild
272 2843 1190 2901 Menschen, deren Beruf oder doch einziges Interesse
1220 2846 2139 2899 uns der Autor immer die Gassen, in denen sich die
2166 2866 3075 2919 respektvollen Sympathie geben. In Gegenwart
3098 2886 3248 2934 hatte, wä-
267 2886 1188 2944 die Liebe ist, in solchen Worten auf's richtigste aus¬
1225 2891 2136 2944 höchst gleichgiltigen Geschehnisse abspielen; seine
2169 2899 3251 2967 Leo XIII. wurde die Mumie ausgepackt und sodann herschwa¬
272 2931 1183 2987 gedrückt ist. Aber es ist bedauerlich, daß Dörman
1228 2939 2134 2989 Art zu erzählen hat er bei Bädecker gelernt... Man
2161 2941 3243 3004 in's egyptische Museum des Vatikans transportirt, gleichzeit
274 2964 1190 3027 sein lebhaftes Temperament nicht auch an lieb¬
1218 2982 2134 3047 möchte beinahe glauben, daß Messer ein Schelm ist,
2159 2987 3070 3052 Folgende Erläuterungen lagen der chedivischen
3098 3002 3254 3060 Im Falle
267 3020 1188 3072 lichere Menschenblüthen wendet; diese Gestalten, so
1220 3022 2139 3075 der — scheinbar ernst — die Wiener Moderne paro¬
2166 3032 3246 3092 Sendung bei: „Diese Mumie ist eine junge Egyp=Georg, f.
269 3067 1188 3133 echt sie in einer Großstadt auch sind, muthen doch
1220 3065 2136 3130 diren will. Aber man thäte ihm Unrecht; seine
2164 3080 3067 3138 tierin, die sieben oder acht Jahrhunderte vor Christus
3128 3085 3246 3130 m. Ne
272 3105 959 3160 immer wie groteske Verzerrungen an.
1215 3113 1671 3178 Komit ist unbeabsichtigt.
2164 3120 3246 3168 gelebt hat. Sie ist sehr gut erhalten und in Purpur= veröffent
315 3130 1183 3201 Es ist eine weite Kluft, welche die beiden eben er¬
1258 3130 2124 3213 Das Gemeinsame der „Jung=Wiener ist bald zu
3098 3163 3241 3211 von Bri
2164 3168 3080 3221 binden gewickelt. Das Gesicht ist von einer Lage
272 3193 1190 3264 wähnten Schriftsteller von jenen Anderen trennt,
3092 3198 3241 3251 Regierun
1218 3181 2101 3261 finden. Fast Alle — Begabte wie Unbegabte¬
2161 3208 3070 3264 Gold bedeckt, während die Augen unter dem Email
3095 3241 3246 3291 Gymnasi
272 3238 1188 3301 die ebenfalls Wiener Geschichten verfertigen. Da
1223 3246 3243 3329 haben eine gewisse weiche Grazie, eine anmuthige zu leuchten scheinen. Hieroglyphen und gemalte ischen Se
264 3281 1188 3344 ist Felix Salten zu nennen, der seine Novellen¬
1220 3286 2126 3337 Naivetät, die sich über die kleinen Schmerzen lustig
2161 3294 3065 3354 Symbole verzieren den Sarg, der diese antiken Ueber
3090 3316 3241 3379 Daß die
257 3311 1183 3397 sammlung nach einer in Turgenjews Stil gehalte¬
1213 3337 3226 3427 macht, sich über sie entrüstet oder sie beseufzt, sie reste birgt. Es scheint die Mumie Kenemats zu sein, behren,
