3248 4256
1160 146 1521 242 box 9/4
688 157 974 254 Zyklus
49 157 582 263 4.9. Anatol
972 408 1369 477 Das Kleine Blatt
1742 408 2146 491 2. Februar 1932
540 516 718 606 Spion.
509 573 660 664 Bericht
1385 533 1770 730 he
519 685 711 747 den nicht
521 723 707 791 ublik, sie
533 777 702 831 iußere
1601 772 2460 850 siebzehnjährige Hofmannsthal gedichtet hatte,
779 772 1545 857 „Anatol“ im Akademietheater.
535 817 697 887 rch diese
1608 829 2465 899 von Erinnerungen umschwebt, lässig in einem
779 840 1578 897 Eine verschwundene Zeit in den fünf Ein¬
566 864 704 916 in die
1606 862 1981 932 Fauteuil hingestreckt.
730 885 1578 946 aktern Artur Schnitzlers, die uns heute so
547 899 702 965 gestürzt
1650 908 2460 984 Die Stimmung, der Witz, der Sinn des
735 932 1582 984 ferne anmutet wie die aufgetürmte Frisur der
516 944 704 1002 wurde ja
1608 920 2460 1040 Stückes griff auf das Publikum über, das
732 979 1568 1028 Frauen und die Schleppmode ihrer Kleider
498 991 702 1049 ihren ver¬
1601 986 1993 1066 dankbar applaudierte.
2324 1005 2423 1078 mk.
723 1024 1578 1094 Um 1890 wurde dieses Stück, das aus sieben
502 1035 700 1092 des Vor¬
498 1078 707 1136 mit den
1599 1061 2455 1171 Tollers „Hinkemann“ im Jargon.
509 1117 707 1181 n vorsah!
1817 1148 2249 1232 Jüdische Künstlerbühne.
500 1164 700 1221 mützer
509 1207 697 1256 der neue
1655 1197 2455 1282 Ernst Tollers flammende Anklage gegen
502 1249 702 1301 politische
1592 1235 2451 1322 den Krieg und die bestehende Gesellschafts¬
505 1293 704 1355 Faschisten
1589 1303 2451 1378 ordnung, an einem zerbrochenen Einzelschicksal
1589 1345 2451 1413 demonstriert (das Wiener Publikum wurde
514 1350 704 1430 ge Emil
1592 1378 2460 1448 davon schon im Raimundtheater erschüttert),
514 1418 700 1479 tnant der
1594 1425 2453 1495 wird von allen Darstellern dieser Bühne mit
519 1460 695 1516 lik seine
1592 1477 2448 1545 hoher schauspielerischer Kraft von Neuem in
521 1502 697 1563 sehr zur
1592 1509 2446 1580 Szene gesetzt. Ganz groß ist darin Paul Bara¬
514 1547 695 1603 n Unter¬
1594 1556 2444 1624 toff. Sein Hinkemann, der Neunundzwanzig¬
509 1592 702 1648 ht hatte.
1587 1608 2451 1667 jährige, der an einer Kriegsverwundung als
521 1634 695 1693 Anklage,
1587 1653 2446 1716 ewig Verstümmelter und Gezeichneter heim¬
575 1681 700 1732 spio¬
1592 1683 2446 1756 kommt, ist von beklemmender und furchtbar an¬
491 1716 695 1779 dacht, daß
1592 1728 2451 1803 klägerischer Echtheit. Er legt die ganze Qual
502 1765 695 1822 er einen
1592 1777 2446 1829 einer leidenden Menschheit, mehr noch als in
500 1805 697 1864 wakei und
1592 1815 2448 1876 seinen Worten, in jeder stummen Gebärde und
934 1840 1136 1930 /
535 1852 697 1904 Ungarn
1594 1859 2448 1913 in jedem Blicke bloß. Rührend neben ihm
507 1894 704 1960 tussolinis
1589 1897 2444 1963 Fräulein Schlifkowitz als sein junges
984 1930 1298 2007 Artur Schnitzler.
1589 1941 2446 1995 Weib, dessen Frauenschicksal und Leben in der
528 1970 695 2031 spioniert
1592 1981 2453 2042 Liebe zu ihm verhaftet ist. Als der Arbeiter
718 1988 2444 2087 Stücken bestand, geschrieben; eines der ersten Großhahn ist Herr Preis von hinreißendem
523 2024 685 2082 koll, das
718 2047 2446 2134 Werke des Dichters, und es gibt in wunderbar Temperament, und als Hinkemanns Mutter in
528 2066 693 2122 a aller¬
716 2089 1559 2150 blassen, aber nicht verblaßten Tönen die Ge¬
519 2106 695 2167 tuens¬
1592 2110 2446 2171 einer kurzen Szene wirkt Frau Floren er¬
711 2136 1561 2188 danken und die Stimmungen einer Welt wieder
540 2153 690 2207 slowakei
1587 2160 2444 2214 greifend. Charakteristische Tyven verschiedener
711 2174 2446 2251 die allen, die nicht in ihr gelebt haben, ein Gesellschaftsklassen bringen die Herren Leh¬
535 2197 685 2249 urteilte
718 2228 2446 2298 wenig unverständlich, ein wenig komisch, einer, Herschkowitz, Weißmann und
566 2240 693 2298 drei
592 2261 2444 2343 und wenig oberflächlich erscheinen mag. Anatol war Sigal. Das traurige Bild unserer Zeit, das
711 2312 1556 2369 ihr Held und sein Heldentum nichts weiter, alt
528 2305 683 2380 schungs¬
1589 2324 2446 2385 der Dichter leidenschaftlich aufrollt, wird von
707 2350 2444 2430 daß er ein Philosoph der Liebe, ein Melan, dem künstlerisch durchaus ernst zu nehmenden
533 2364 688 2418 rechnet.
709 2399 2444 2493 choliker der Liebe, ein Narr der Liebe war. Ensemble mit blutwarmer Menschlichkeit leben¬
533 2409 683 2463 t Jakob
711 2434 1538 2493 Eigentlich etwas zu wenig für einen Helden.
531 2453 688 2505 agt. Er
1589 2451 1803 2526 dig gemacht.
2310 2460 2409 2528 -
770 2484 1566 2533 Herr Aslan spielt den Anatol, weil der
545 2491 683 2552 die der
711 2512 1566 2573 jüngere Herr Wolf Albach die Gelegenheit, eine
540 2535 631 2589 son
709 2571 1563 2620 Talentprobe in einer solchen Rolle abzulegen,
535 2580 693 2636 hreiner
718 2608 1563 2664 für geringer erachtete als die Honorare eines
545 2627 683 2681 prochen
1634 2538 2390 2721 Wir hören Radio
709 2650 1566 2723 Tonfilms, und deshalb das Burgtheater ver¬
535 2667 678 2725 Anzeige
709 2697 1568 2747 lassen mußte. Herr Aslan ist an Gestalt und
540 2714 683 2768 taten
716 2737 1563 2794 Jahren reifer, dafür tritt das Geistige seiner
1742 2714 2275 2815 Sonntagsprogramm.
535 2751 674 2817 te er
709 2779 1566 2840 Persönlichkeit, die überlegenheit in seiner
1639 2763 2437 2848 In dem überreichen musikalischen Programm
704 2822 2432 2887 Liebeserfahrung stärker und wohltuend hervor. (man konnte mehr als acht Stunden reine Musik
709 2869 1563 2920 Sein Partner in den Szenen und in seinem
1587 2887 2441 2937 „genießen"), gab es auch eine kleine Sensation.
709 2904 2434 2981 Leben, der nüchterne, stärkere und zynischere Die Erstaufführung eines Werkes von Arnold
547 2904 681 2995 Woh¬
707 2956 2434 3026 Max, wird von Herrn Emmerich Reimers, Schönberg. Viele, auch Freunde und Kenner
552 2979 683 3035 acher,
711 3002 2434 3063 mit Noblesse dargestellt. Die fünf Frauen der der ernsten Musik von Bach bis Richard Strauß,
554 3021 674 3078 gol
718 3040 2441 3106 fünf Szenen, Etappen auf dem Lebensweg schwanken, ob sie Schönbergs Werke als Musik
552 3068 2434 3155 oldener Anatols, sind Frau Dreger, als süßes Mädel in der bisherigen Form bezeichnen sollen. Wir
587 3113 690 3179 einen
711 3136 2437 3193 zu unpersönlich; Frau Mayen (in den ent- sind heute Schönberg gegenüber in der gleichen
709 3179 2434 3244 zückenden, von wahrer Poesie überglänzten Lage, in der sich alle Zeitgenossen großer
563 3218 2434 3282 bepaar „Weihnachtseinkäufen") als Gesellschaftsweib Neuerer befunden haben, die — man denke
707 3261 1554 3331 chen, das am Ende doch das süße Mädel um die
589 3263 681 3315 Bez.
1580 3258 2434 3317 nur an Beethoven und Richard Wagner — an¬
568 3298 676 3355 — Da¬
716 3296 1554 3352 Fähigkeit seiner Gefühle beneidet; sehr über
1589 3310 2434 3366 fangs verlacht und gehöhnt wurden. Sicher ist,
566 3336 2434 3413 scher, zeugend Frau Marberg als Zirkusdame, die daß die von Schönberg in die Musik neu ein¬
568 3380 683 3432 chzeit.
709 3387 2434 3439 sich ihres Liebhabers Anatol nicht mehr er= geführten Ausdrucksmittel im Hörer Empfin¬
573 3418 1559 3495 chutz, innert, treu dem Leben nachgezeichnet; Frau
1582 3439 2437 3495 dungen auslösen, die bisher weder erstrebt noch
580 3458 1556 3533 chzeit. Seidler als Ballettdame, von erquickenden
1580 3481 2434 3533 erzielt werden konnten. So wirkte die gehörte
585 3491 676 3542 Bez.
704 3512 2434 3580 Komik und überquellender Fröhlichkeit, wieder „Begleitmusik zu einer Lichtspielszene auf¬
599 3531 683 3580 Das
707 3554 1554 3608 das Labsal des Abends, und Frau Johann
580 3571 678 3615 runn
1582 3571 2254 3620 regend, erschütternd und beklemmend.
707 3599 1556 3676 sen als temperamentvolle Ungarin, mehr
592 3606 676 3657 Frau
1632 3585 2434 3664 Die Chorvorträge des Arbeitersänger¬
592 3646 681 3693 feiert
707 3643 1258 3707 temperamentvoll als ungarisch.
1587 3648 2434 3711 bundes brachten unter der Leitung Franz
587 3686 676 3730 urt
758 3669 1556 3740 Herterich hatte für eine stimmungsvolle
1582 3693 2432 3754 Leo Humans neben schönen Volksweisen er¬
707 3723 2441 3791 Inszenierung gesorgt. Mit einem Klavier und freulicherweise auch zwei proletarische Chor¬
594 3754 674 3805 Karl
700 3784 2434 3838 einer Violine wurden die einzelnen Akte mit werke. Auf schöne und reine Klangwirkung
594 3798 676 3848 zeit.
707 3817 2434 3871 Schubertschen Weisen verbunden, gleich den wurde wie immer besondere Sorgfalt ver¬
707 3859 1554 3911 Strophen eines Liebesliedes. Vor der Bühne
1582 3866 2441 3913 wendet. Nur schade, daß so aufrüttelnde Worte
601 3887 2434 3981 ubi lag ein Strauß gelber Rosen, Anatol-Aslan wie die Verse Alphons Petzolds unverstanden
700 3946 1779 4021 sprach den berühmten Prolog, den der damals verhallten.
