3436 4224
1441 177 1803 272 box 9/2
974 180 1251 291 Zyklus
325 173 942 282 4.9. Anatol-
1046 1208 1733 1326 Agramer Tagblatt, Agram
664 1246 928 1329 11. J. 1377
639 1451 1679 1534 Nationaltheater.) Schnitzlers Anatole bot
550 1503 1675 1593 heute nicht mehr den einstigen giener welt¬
1302 1572 1668 1640 Vom leichtsin-
553 1579 1258 1643 schmerzlichen Beigeschmack.
548 1634 1676 1686 nigen Melancholiker bleibt für die Zuhörer von
556 1676 1668 1741 heute mehr Leichtsinn den Melancholie. Doch
553 1733 1668 1785 man spürt in diesen Gesprächen, die in ihrer na¬
556 1772 1668 1834 türlichen Ungesuchtheit doch ein Muster des ech¬
556 1824 1674 1882 ten Bühnendialoges sind, immer den Dichter; das
559 1875 1669 1934 Geistreiche überwuchert nie das Geistige und
556 1930 1671 1985 noch immer ragt Schnitzer gewaltig über die
556 1976 1671 2030 Epigonen empor. Die feine, weich-sentimentale
556 2030 1671 2086 Note des lebenskugen Gewissens zieht sich durch
556 2080 1674 2139 die fünf amüsanten Bilder, wie der poetische
550 2130 1665 2182 Hauch eines Sommerabends — man denkt bei die¬
550 2177 1658 2241 sem Talent so wehmütig zu empfinden, unwill¬
553 2229 1665 2279 kürlich an das Genie eines Maupassant, welcher
553 2279 1668 2336 aber auch orkanartig zu fühlen verstand. Das ty¬
553 2328 1661 2381 pische im Anatole lässt heute sogar den spezi¬
559 2380 1669 2436 fisch Wiener Anschlag vergessen — die süssen
550 2429 1665 2491 Mädels und die altungen Freunde bekommen.
550 2479 1668 2546 durch die Zeit geläutert, selbst einen tieferen Sinn.
550 2532 1661 2590 as man diesen anscheinend leichten Apercus zu¬
559 2576 1669 2642 tragen möchte. Könnte man von Schnitzler nicht
562 2626 1668 2686 vielleicht auch ein anderes Werk (Die letzten
553 2673 1672 2735 Macken) aufzufrischen versuchen? Die Darstel¬
550 2732 1665 2791 der fanden gestern den richtigen Ton. Herr Ra¬
559 2778 1671 2840 gibt dem Anatol die stilgerechte Nunance, welche
559 2829 1658 2887 nur stellenweise in das zu jugendliche umkippt.
559 2883 1662 2940 Pavid unterstützte ihn gut als Freund. Von den
556 2923 1659 2987 weiblichen Gliedern dieses ersten Reigens
550 2982 1665 3050 Schnitzlers, wären besonders Frl. Orgesina im
550 3032 1671 3098 Abschiedssouper und Frau Hri im Schlus¬
1543 3078 1630 3139 .
553 3088 897 3158 akt zu nennen.
1868 1051 2132 1149 19
2210 1102 3016 1202 Volkswille, Karlsbad, Böhmen
2096 1375 2922 1467 Kunst und Wissenschaft.
2016 1444 3058 1530 Schnitzler, Schönherr, Anzengruber und die
1987 1509 3058 1574 Karl Wir nahmen neulich, anläßlich der
1990 1547 3061 1616 Vorlesung Lia Rosen schon Gelegenheit, einmal auf u¬
1983 1599 3058 1651 zeigen, was dem Karlsbader ehrsamen Spießer von seinen
1982 1636 3056 1696 Lebblättern auch inbezu auf Kunst als „geistige Nahr¬
1983 1668 3058 1720 un eboten werden darf, ohne daß er sich dieser un e¬
1985 1709 3056 1771 rufene und anmaßenden „Kritik widersetzt.*) Wenn eine
1980 1754 3063 1804 Dame, die die verzeiliche Eitelkeit besitzt, ihre Referate
1978 1792 3051 1841 im „Badeblatt stets mit „Dr. zu signieren, der Meinung
1978 1824 3040 1873 Ausdruck git, daß Arthur Schnitzlers „Anatol
1978 1862 3061 1916 nichts anderes sei, wie „ein seichtes erotisches Mach¬
1980 1909 3053 1955 werk so ist das gewiß schon eine starke Leitung. Sie
1968 1949 3054 2001 wird jedoch durch die noch weit beträchtlichere übertroffen,
1968 1990 3037 2038 daß ein ander hiesiger Kun treferent" Karl Schön¬
1958 2023 3046 2087 herrs Weibsteufel ebenfalls als ein auf die Sexuali¬
1965 2049 3050 2111 tät wirkendes Stück anspricht Wieso diese Sorte
1980 2100 3037 2153 Menschen zu solchen e enso läppischen wie gewaltsamen
1970 2137 3040 2204 Anschauungen kommen, it geihrmaler und ebenso un¬
1965 2180 3029 2231 erfindlich, wie, da sich keine Seele findet, die solchen un¬
1930 2207 3033 2279 beholfenen Unverstand gebühren in die Schrinen weist.
1975 2252 3036 2310 Den Vogel schiet aber — wie immer, wenn es um Dinge
1970 2294 3035 2353 der Bildung geht — Herr „dn" (Doroschkin) ab Dieser
1976 2335 3029 2397 besonders seine Literaturkenner vergreift sich gleich, und
1962 2380 3030 2422 noch dazu recht derb, an einem ganz Großen! Anzen¬
1973 2422 3020 2479 gruber, wohl der bedeutendste österreichische Volksdichter
1975 2453 3022 2503 findet nicht Gnade vor den Augen des Herrn Doroschkin
1968 2497 3023 2552 Wir wollen zur Erheiterung unserer Leser zu ihrem Vor¬
1896 2526 3022 2594 ger liegt wahrlich kein Grund vor Herrn „dn" selbst spro¬
1965 2574 3029 2625 chen assen: Ueber „Das vierte Gebot, bekanntlich
1966 2602 3026 2680 das erfolgreichste Volksstück des Dichters äußert der Karls¬
1959 2643 2628 2705 bader Weise" u. a. folgendermaßen:
2108 2670 3040 2753 „..... Manchmal gibt es auch Fehlgriffe,
2001 2721 3033 2788 die nicht zu vermeiden sind. Am Sonntag hob man
1989 2777 3032 2822 eines der schwächeren (sic!) Stücke Anzengrubers aus
1989 2809 3029 2864 dem Archive: „Das vierte Gebot“. Der Logik des
1989 2857 3022 2912 Dichters vermag man nicht zuzustimmen, nicht?
1996 2884 3026 2940 denn er stellt den Bibelspruch: „Du sollst Vater und
1997 2926 3019 2997 Mutter ehren, auf daß es die wohlergehe auf Erden!"
2001 2977 3015 3028 gera ezu auf den Kopf auf den „dn" gefallen ist) und
1992 3015 3026 3057 verant: „Vater und Mutter, ihr sont tun, was die
1989 3054 3015 3106 Kinder verlangen, wenn es diesen wohlergehen soll auf
1996 3088 3036 3149 Erden!" Das Stück wurde seit vielen Jahren hier nicht
1989 3123 2835 3184 aufgeführt und es war dies kein Verlust.
2063 3175 3013 3234 Noch weit geringeren Verlust würde aber das Unter¬
1951 3212 3013 3267 bleiben solcher Rezensionen bedeuten. Ueber derartige
1944 3251 3016 3316 ungeheuerliche Anmaßung, die mit Unfähigkeit gepaart
2016 3292 2954 3357 eint, ein weiteres Wort zu verlieren erübrigt sich.
2255 3333 3011 3389 er nur, daß solche Leute imstande sind,
2435 3372 3015 3437 — Belangen zu beeinflussen
2608 3409 2719 3469 age.
