3484 4256
275 207 1234 321 4.9. Anatol - Zyklus
1403 216 1751 318 box 9/1
170 1479 1290 1565 t das Jahre der Kinder Israels gegen die zehn Jahre, die
1333 1519 2300 1595 Einjährige Satran ein berüchtigter Mädchenjäger ge¬
178 1557 1293 1614 aller eurer warten? Drei Wege führen dahin, im Anfang
2325 1538 3305 1603 aber auch an literarischen Beziehungen ist kein Man¬
1341 1584 3300 1646 worden ist, während seine frische Farbe die unie- gel, auch abgesehen von Schnitzler; bei den ver¬
167 1587 1285 1649 chrie schlagt ihr alle den kühnen Pfad durch das Hochge¬
1336 1619 2306 1684 rührte Unschuld vortäuscht und die begehrliche gla¬
2330 1635 3305 1692 sumpfenden Studenten denken wir an Simádeks
167 1638 1282 1692 allein birge ein mit seinen reinen Gletschern. Könnt in
1333 1673 2303 1735 dige Frau in seine Arme treibt; also ein Abenteuer
2327 1678 3303 1729 „Stesti", und bei der resoluten Fanny, die ihren Me¬
167 1686 1282 1743 gehrt, dafür, daß die Natur euch nicht für diese Höhen mi
1336 1713 3294 1772 unter vielen, wieder ein Situationsbild; Maria und diziner zum Doktor macht, an die „Schlangendame
183 1732 1288 1786 dem ihrer dünnen kalten Luft geschaffen hat, habt ihr es
1339 1751 3308 1818 Magdalena (sie sind Zeitgenossen der Herren Po- von Bierbaum. Wenn die Kartenspieler singen (und
172 1764 1288 1826 ringt, verdient, daß man euch von allen Seiten zurt: der
194 1808 272 1856 mar
1341 1799 3305 1856 tius und Pilatus) bilden einen komplizierten Fall in dieses Kunststück schienen sie wenigstens zu
304 1805 1285 1867 Weg ist ganz leicht, so daß ihr bei jedem Strauchen
1333 1845 2300 1894 dem Sinnenleben des inzwischen promovierten sa¬
2325 1851 3300 1902 leisten), so haben sie das von dem Russen gelernt.
148 1832 1290 1923 sein auf den unzulänglichen Pfaden euch auch noch mit
1339 1883 3305 1958 tran, die eine wird verführt, die andere erweist sch der in Ehesachn tolerante Fabrikant erinnerte an den
178 1902 1288 1956 treu, Selbstverachtung quält? Kann man es den meisten
1333 1931 3219 2001 so unerbittlich, daß er aus purem Trotz sich eine Gouverneur in der neuesten russischen Satire.
302 1940 1290 2001 von euch wirklich verdenken, wenn ihr, in euerem
1333 1966 2300 2026 Kugel in die Brust jagt; im fünften Bild ist er leidet
172 1964 1288 2036 Wort Talent zur Treue betrogen, enttäuscht, auf einem
2392 1983 3300 2047 Der einzige, der durch alle fünf Teile der Ko¬
167 2018 272 2074 au
1325 2012 2298 2069 kuriert, bei der Mutter, die eigentlich an allen
302 2020 1282 2101 verborgenen Seitenpfade entwischt und rechts oder
2322 2020 3300 2096 mödie (im Sinne der menschlichen Komödie gemeint,
1325 2061 2300 2115 schuld ist. Ihr Haus war ein Kloster, aus dem di¬
178 2058 269 2115 Men¬
296 2061 808 2125 links das Gebirge umgeht
2325 2088 3300 2133 ein Zusammenhang, außer der Person des Helden be¬
1328 2098 2298 2160 Kinder sich zu der guten Tante Charlotte flüchte
162 2104 261 2174 stun
366 2071 1285 2166 Rechts gehts durch die Sümpfe, grüne Wiesen
2327 2131 3303 2182 steht nicht) zu wandeln hat, wenn auch meist in
156 2144 1290 2209 und die nachgeben, und euch in schwarzen Morast stürzen
1328 2147 3303 2225 mußten, um froh zu sein; daß ein junger Doktor an stummen Rollen, war Herr Deyl, der unter dieser
1328 2193 2295 2239 der Mutter nicht genug haben kann, daß sie ihn ver¬
170 2201 1285 2252 zvous lassen; und immer Sumpf und Moor, arme Mädchen
2325 2206 3300 2263 Stummheit und unter der Banalität seiner Repliken
1328 2230 2298 2284 heiraten muß, geht ihr auch nicht auf, und so wir
167 2239 261 2300 revue
294 2244 1280 2300 der Zukunft, den Duft, den ihr in den Kleidern mit
2325 2260 3300 2309 gleichmäßig litt. Mehr aus der Gestalt zu machen, als
175 2290 1290 2338 emp¬ bringt, bekommen sie ihr Lebelang nicht weg, ein
1325 2274 3303 2352 der Ausflug um die Welt, zu Kreolinen, Malainnen den hübschen Jungen, war nicht gut möglich. Im
1328 2325 2298 2381 und Geishas wohl nicht der letzte Seitensprung de
172 2322 1282 2392 einen Glück, wenn ihr dem schrecklichsten alles Sumpf¬
2322 2338 3289 2395 ersten und letzten Stück trat seine Schwester Hed
1317 2360 2045 2422 hoffnungsvollen jungen Mannes bleiben.
162 2376 1285 2424 t kein fieber entgangen sei. Und arme Mädchen auch sie
2322 2389 3294 2441 wig Frau Novaková, auf; sie hatte es im Ausschen
170 2414 1288 2467 terin, zu denen ihr Freier links um Gebirge, durch die
1393 2408 3305 2489 Es wäre traurig, wenn er ein Typus, speziell ein ein wenig versehen; einer so schönen Frau läuft der
1320 2432 2300 2502 böhmischer wäre; sein Geld würde ich ja unsere
167 2459 1285 2511 Woh- heiße Wüste kommt, wo kein Fieber droht, aber Ge¬
2322 2476 3308 2524 Mann nicht mit einer anderen davon. Die Frauen,
1312 2497 2295 2551 goldenen Jugend gern gönnen, aber wie für ihn da¬
159 2500 1285 2559 Dienst- und Herz vertrocknen im Sonnenbrand, wo der
2325 2521 3300 2567 denen van begegnet, waren: das unschuldige junge
1323 2535 2300 2586 junge Mädchen aus dem Gebirge, die Straßendirne
156 2546 1280 2597 und um mit der Fata morgana sich in die Herrschaf
2325 2556 3297 2610 Mädchen von Fräulein Kronbauerova (hübsch und
159 2586 267 2634 dorten
296 2586 1285 2648 teilt, ihr bringt ihnen eine unsichtbare Nebenbuhlerin
1320 2581 3305 2656 die gnädige Frau, die arme Näherin, die er zu sentimental, mit dem begreiflichen Versuch, mehr
1320 2616 2300 2670 Mutter macht, die hochgebildete Lehrerin, das Dienst¬
143 2621 1277 2688 ii zu mit, aus deren verderblichen Armen sie euch ver
2325 2648 3305 2694 auszudrücken, als sich sagen ließ, die Dirne von
1312 2661 2295 2715 mädchen zu Hause nichts sind als Fleisch, wie er
137 2675 975 2748 euch geblich zu befreien suchen werden
2327 2688 3297 2737 Fräulein Engelbertová (nur ein stummes Kuplet,
1309 2710 2292 2769 auf sie alle durch dieselben niedrigen Mittel wirkt
154 2713 267 2788 de
369 2710 1282 2780 Wo gerate ich hin? Man sollte denken der Auto¬
2319 2734 3286 2783 aber wer das kann, kann auch mehr), die unbefrie¬
1323 2750 3297 2831 wie er nichts ist als Hunger, verliert er für uns digte Gnädige der Frau Laudova (trotz der starken
170 2766 1288 2818 „sero habe seinen Stoff so tief erfaßt, daß man gezwungen
1317 2788 2292 2847 alles Interesse. Wenn man noch dazu nimmt, daß die
145 2802 1290 2869 Aus der ist, ihm nach in die tiefsten Tiefen des Problems zu
2322 2815 3294 2866 Indisposition mit bekannter Verve gespielt, die Fe¬
1312 2837 2295 2885 episodischen Szenen leer sind, daß der Auto¬
148 2845 1290 2907 inmal, tauchen, aber das gerade kann ich nicht finden. Im
2319 2866 3294 2909 ministin mit einem Buch anstatt des Herzens von
1317 2877 2287 2933 die Gefühle der Helden im ersten und zwei
148 2896 1282 2950 waren, sonnigen Tage treibt sich der junge Maturant Sa¬
2314 2901 3297 2958 Frau Rydlová (kalt und beißig), das richtige arme,
1312 2925 2295 2979 ten Bild als bekannt voraussetzt, statt sie durch ei¬
167 2933 1285 2987 bleibt tran unter jungen Mädchen herum und fühlt, daß er
2322 2950 3294 3001 verführte Mädchen von Fräulein Schankova (lang¬
1320 2963 3297 3039 Wort zu beleuchten z. B. wir sehen ihn weinen, das weilig, sentimental). Die Studenten, und besonders
154 2979 2287 3074 in Ab- eine von ihnen lieb hat, kaum hat er dieses Gefühl Was und Warum sollen wir aus eigener Erfahrung
140 3004 1282 3076 tan gekostet, wird angekündigt, daß er von der bra¬
2314 3030 3294 3090 die Einjährigen, erchienen nicht jung genug. Den
132 3063 269 3117 ende
1312 3047 3286 3127 dazu un), wenn die Diskussion im vorletzten Bild einzelnen zahlreichen Darstellern dieser Bruch
296 3068 1282 3122 ven Tante zur strengen Mama muß, es ist aus und
1317 3092 3305 3162 im Bereich der allergewöhnlichsten Phrasen bleibt, tücke von kleinen Rollen Anerkennung oder Beden¬
143 3106 1280 3165 reine, aus bleibt es. Im „Keller“ veranlaßt den jungen Sa
154 3149 267 3200 re
1306 3144 3300 3243 so vermag uns die naturalistische Darstellung der ken auszudrücken, wäre kleinlich. Inszenierung und
294 3154 1282 3216 tran ein halbes Jahr später in einer fast stummer
1309 3176 2295 3257 Studentenkneipe mit ihrer Kellnerinnen weichheit
2319 3208 2896 3276 Regie sind nur anzuerkennen.
167 3197 2241 3289 zwölf Szene ein ganz gewöhnliches Mädchen von der nicht über die Leere des Abends hinwegzuhelfen.
159 3238 1288 3292 feuch Gasse, das Schnaps trinkt, seine Jugendblüte zu
1393 3268 2201 3329 Das leicht ant quierte Milieu bezeugt den
156 3292 2317 3408 vierzig opfern. In den Pfirsichen erfahren wir, daß der Aus der eigenen Jugenderinnerungen des Autors,
