3248 4256
665 133 746 194 1
701 164 1403 218 ment de sa carrière
552 216 1404 270 dramatique, si le prononce
554 261 1399 320 Mais un pe¬
556 305 1396 360 diae, L'ombre dont elle a tenu
567 349 1381 418 te
630 386 1396 465 public de la général lui fait cette
630 435 1396 495 eius
585 475 1393 539 die
554 521 1400 585 Mais il s'est conduit avec correction,
556 566 1401 621 rieure de la
552 602 1404 665 té, de la foi qu'apportait
552 651 1400 716 aus mettre en valeurs personna¬
549 696 1401 752 ge, en dépit d'une expérience totale
552 739 1405 813 la scène et d'une déclaration qui
561 780 1393 840 re les nuances ouvre de Mme
552 827 1397 883 Simon Camille aus obéit plus
549 869 1401 932 fantaisie qu'à la logique les situa¬
556 909 1396 968 ont les évolutions de caractères
558 956 1400 1018 rent l'art des transitions. Il est,
558 998 1400 1060 par ailleurs assez piquant de se dire
552 1046 1400 1097 que le sujet pourrait être de notre
558 1085 1393 1148 temps au lieu du poison, par lequel
558 1137 1401 1196 cette sorcière se débarrasse sans
549 1172 1393 1226 vergogne de la femme de son amant,
543 1225 1396 1283 il suffirait qu'elle prit en main le
549 1258 1402 1312 browning si épidémiquement actuel.
546 1307 1389 1364 J'avoue que cela nuirait fort aux dé¬
556 1345 1396 1405 veloppements verbeux et obscurément
558 1391 1396 1452 philosophiques où se comptait Mme
552 1436 1390 1486 ans. Que de beaux effets tragi¬
549 1483 1020 1554 ques cela couperait
590 1526 1386 1601 Dimanche 24. Je rentre
556 1606 1397 1654 sieux, la faveur de l'agréable voya¬
546 1639 1403 1695 ge temps se, ciel d'une totale pre¬
558 1678 1388 1759 que me convait à faire dans la
552 1725 1396 1772 même journée un de mes amis pos¬
549 1764 1388 1825 sesseur d'une voiture, j'ai disposé
546 1813 1390 1864 non esprit en favorable terrain
552 1854 1388 1913 d'atterissage » pour les informations
549 1900 1396 1953 qui s'envoleront de là-bas, en juin
552 1956 1397 2003 prochain, sur la grande semaine pro-
558 1991 1397 2042 jetée. J'ai vu la crypte qu'on doit alors
556 2042 1397 2086 inaugurer et sur laquelle s'élèvera la
546 2069 1390 2130 future basilique. J'ai mesuré les rela-
548 2117 1390 2174 tions de solidaire voisinage auxquelles
549 2163 1390 2214 se sont raisonnablement décidées les
549 2202 1390 2261 deux tites villes dissemblables, ae¬
543 2245 1388 2295 coupées désormais sous le nom
546 2296 1390 2349 Lisieux l'ancienne, celle des grands
552 2339 1384 2395 marchés, normands, si riche en vieil¬
552 2378 1390 2432 les demeures aux profils et aux traits
546 2421 1388 2487 savoureux ; la nouvelle, celle qui na¬
543 2467 1392 2515 quit du culte de Sainte Thérèse-de-
556 2514 1394 2569 l'Enfant-Jésus et dont l'essor fait déjà
546 2554 1388 2627 rude concurrence à la vogue de Lour-
549 2598 1394 2650 des, bien qu'il date de cinq ans à
558 2635 1390 2706 peine. Qui sait si la popularité de la
546 2683 1317 2749 seconde n'a pas pour contreforts
552 2732 1391 2792 pittoresque de la première ? Ceux en
552 2768 1385 2826 qui mélancolise l'archéologue incline¬
549 2815 1388 2872 raient à le penser et ils n'en chéris¬
549 2858 1390 2902 sent que davantage les façades carac¬
558 2899 1391 2962 téristiques devant lesquelles ils rêvent,
549 2947 1393 3007 en flanant dans les rues aux Fèvres et
552 2991 1391 3043 de la Paix, dans la Grande-Rue, sur
548 3033 1393 3088 les places Thiers, Victor-Hugo, du
556 3071 1396 3138 Marché au Beurre, aux rives de la
552 3124 1389 3174 Touques, Saint-Pierre et Saint-Jac-
552 3161 1400 3220 ques, de même que le palais de justice
549 3211 1390 3264 et toutes ces constructions qui re¬
548 3245 1393 3302 montent parfois aux XII et XIIIe siè¬
556 3287 1400 3346 cles, ont une allure, une poésie
556 3341 1396 3396 Mais comment nier l'engouement su¬
546 3384 1390 3438 bit, incompréhensible (sinon pour des
546 3423 1389 3479 âmes religieuses qui soulève toutes
546 3470 1388 3519 les régions de France et les pays les
558 3518 1393 3568 plus lointains des deux continents et
549 3555 1393 3612 les jette, en pèlerinages incessants,
556 3599 1400 3653 vers l'image juvenile de Sainte Thérè¬
558 3641 1400 3698 se? J'ai cherché l'explication d'une
566 3689 1390 3744 elle foi dans la chapelle où les Car-
571 3733 1396 3786 les ont accueilli le tombeau de
548 3788 1403 3853 celle que miracula la Vierge au souri¬
1492 154 1701 220 Mardi 26.
1771 163 2287 228 Dans la masse du peuple
1450 218 2303 272 on a rarement sous la main, pour le
1450 256 2305 308 feuilleter à tout instant, un La Rochefon-
1456 301 2314 352 vaud. Et j'entends par ce nom propre un
1456 335 2309 395 recueil quelconque de maximes, du plus
1453 387 2307 437 classique au plus moderne. Je ne saurais
1459 428 2308 488 dire s'il eut conscience de remédier à
1459 471 2306 531 cette carence, celui qui le premier eut
1477 518 2314 572 idée d'inscrire une pensée différente au
1455 561 2305 625 bas de chaque feuillet quotidien des
1455 602 2310 667 phemerides. Le vrai est, pourtant, que
1468 653 2305 700 ephemeride remplace le La Rochefon-
1450 696 2303 752 caud, le vulgarise, le met à la portée des
1456 737 2305 783 moins enclin à méditer. Avez-vous re¬
1453 782 2299 829 marqué que les éphémérides que distri¬
1453 827 2302 874 buent les facteurs à la veille du jour de
1458 868 2299 926 l'an ou qu'on achète soi-même au bazar
1444 917 2302 968 à la papeterie du quartier, s'accro¬
1450 959 2302 1015 chent de préférence à la cuisine elles
1449 1001 2298 1055 orthographe de l'Académie ou ils or¬
1449 1041 2298 1109 thographe de presque tout le monde,
1450 1088 2298 1144 les ou ils y composent, avec les recettes
1450 1135 2298 1190 fante Marie et quelques mauvaises li¬
1450 1177 2297 1230 vraisons populaires, l'embryon de biblio¬
1453 1221 2295 1272 thèque de la cuisinière, ou de la ména¬
1453 1269 2295 1317 gère, si celle-ci réunit en sa personne pa¬
1446 1318 2298 1373 tronat et salariat. Le matin, en préparant
1453 1355 2302 1412 le café au lait ou le chocolat, elle ne
1453 1403 2299 1458 manque pas d'arracher le feuillet périmé
1450 1444 2298 1490 et avant de le réduire en boule et de le
1453 1486 2295 1536 jeter aux ordures, en déchiffre avec plus
1450 1529 2298 1583 ou moins d'intelligence la pensée qu'on
1498 1572 2296 1622 mit pour nourrir son cerveau ; ainsi
1444 1608 2290 1673 fonctionne ce La Rochefoucaud à répéti¬
1444 1658 2295 1712 tion, et de cette méditation de quelques
1446 1711 2302 1769 secondes (sauf cas particulier qui retient
1450 1755 2296 1803 plus longtemps l'attention), croyez bien
1450 1792 2296 1845 qu'il reste quelque chose dans un coin
1444 1838 2292 1888 des méninges. Ce Socrate d'aujourd'hui
1498 1880 2305 1942 pourrait-on dire encore — prépare un
1444 1926 2295 1982 accouchement intellectuel à longue
1443 1970 1653 2046 échéance.
1489 2035 2295 2103 Mercredi 27. La coquette salle du
1450 2096 2296 2150 Théâtre de l'Avenue doit se réjouir du
1450 2136 2298 2196 spectacle qu'on y donne en ce moment :
1444 2184 2302 2251 quelque chose de léger, bien que ce ne
1447 2227 2293 2285 soit pas d'un Fran is; de menues, su¬
1450 2274 2302 2327 perficielles et ironiques touches d'huma¬
1447 2312 2302 2361 nité. Le titre ? Anatole. Mais j'imagine
1450 2358 2292 2413 qu'il groupe arbitrairement cinq esquis¬
1444 2406 2298 2457 ses différentes et que, si un personnage
1444 2451 2298 2502 dans chacune des cinq porte ce nom
1443 2486 2295 2546 d'Anatole, si encore le même ami lui don¬
1444 2538 2295 2586 ne la réplique et s'ils parlent ensemble
1447 2583 2298 2634 des mêmes femmes, ce n'est qu'un sub¬
1447 2625 2295 2678 terfuge d'impresario, désireux d'établir
1438 2669 2295 2730 un lien — fût-il fragile — entre les petits
1447 2718 2293 2771 tableaux qu'il fait défiler sous l'œil du
1444 2762 2295 2811 public. Ce directeur a peut-être la pho¬
1438 2801 2298 2852 bie du spectacle coupé, ou craindrait-il
1444 2850 2290 2901 que le programme ne prit moins d'impor¬
1447 2894 2290 2944 tance, une moindre valeur, s'il avouait
1444 2935 2295 3001 franchement qu'il comprend cinq pièces
1447 2983 2293 3048 et non une seule ? La signature est pour¬
1447 3016 2164 3087 tant de poids : Arthur Schnitzer.
2024 3065 2208 3138 ron.
1517 3193 2235 3296 CHEMINS DE FER DE L'ETAT
1551 3284 2179 3362 Carnets de billets d'aller et retou¬
1480 3341 2284 3420 Les gares d'Herblay et de Paris-St-Lazare, de¬
1438 3402 2283 3472 livrent des carnets des billets d'aller et retour
1477 3452 2069 3524 a) pour les voyageurs ordinaires;
1474 3529 2302 3588 b) pour les membres de familles nombreuses;
1483 3582 2295 3640 c) pour les réformés et pensionnés de guerre
1447 3635 1999 3701 ayant au mois 25 % d'invalidité.
1477 3680 2296 3744 Pour être valables, ces billets devront être tim¬
1447 3739 2298 3785 brés, par le voyageur lui-même, avant le voyage
1444 3784 2002 3851 d'aller sur le coupon « retour ».
