<?xml version="1.0" encoding="UTF-8" standalone="yes"?>
<PcGts xmlns="http://schema.primaresearch.org/PAGE/gts/pagecontent/2013-07-15" xmlns:xsi="http://www.w3.org/2001/XMLSchema-instance" xsi:schemaLocation="http://schema.primaresearch.org/PAGE/gts/pagecontent/2013-07-15 http://schema.primaresearch.org/PAGE/gts/pagecontent/2013-07-15/pagecontent.xsd">
    <Metadata>
        <Creator>prov=READ-COOP:name=PyLaia@TranskribusPlatform:version=2.12.1:model_id=39995:lm=provided:date=29_03_2024_01:48</Creator>
        <Created>2019-10-07T11:52:32.946+02:00</Created>
        <LastChange>2024-03-29T01:48:31.603+01:00</LastChange>
        <TranskribusMetadata docId="223994" pageId="9506208" pageNr="642" tsid="156430714" status="IN_PROGRESS" userId="40391" imgUrl="https://files.transkribus.eu/Get?id=BVXAUOOHYAABXPBRECHWNFVX&amp;fileType=view" xmlUrl="https://files.transkribus.eu/Get?id=DYYESKLODXGKTLSPHUIRKCQB" imageId="6196386"/>
    </Metadata>
    <Page imageFilename="223994_0642.jpeg" imageWidth="3344" imageHeight="4256">
        <ReadingOrder>
            <OrderedGroup id="ro_1712662555398" caption="Regions reading order">
                <RegionRefIndexed index="0" regionRef="tr_1"/>
                <RegionRefIndexed index="1" regionRef="tr_2"/>
            </OrderedGroup>
        </ReadingOrder>
        <TextRegion orientation="0.0" id="tr_1" custom="readingOrder {index:0;}">
            <Coords points="161,231 161,3433 2125,3433 2125,231"/>
            <TextLine id="tr_1_tl_1" custom="readingOrder {index:0;}">
                <Coords points="152,295 249,266 442,302 1112,294 1112,221 991,198 152,215"/>
                <Baseline points="161,253 208,259 256,262 304,263 352,265 399,264 447,262 495,262 543,262 590,262 638,262 686,260 734,251 781,256 829,262 877,265 925,268 972,265 1020,265 1068,266 1116,265"/>
                <TextEquiv>
                    <Unicode>4.9. Anatol - Zyklus</Unicode>
                </TextEquiv>
            </TextLine>
            <TextLine id="tr_1_tl_2" custom="readingOrder {index:1;}">
                <Coords points="1276,263 1331,281 1362,268 1506,271 1543,286 1575,269 1606,286 1640,279 1640,213 1611,203 1543,215 1506,202 1457,228 1423,213 1385,231 1309,198 1276,213"/>
                <Baseline points="1286,265 1311,265 1337,265 1362,267 1388,267 1413,265 1439,265 1465,265 1490,267 1516,268 1541,266 1567,264 1592,262 1618,263 1644,265"/>
                <TextEquiv>
                    <Unicode>box 9/5</Unicode>
                </TextEquiv>
            </TextLine>
            <TextLine id="tr_1_tl_3" custom="readingOrder {index:2;}">
                <Coords points="826,1139 2117,1183 2116,1099 825,1080"/>
                <Baseline points="835,1137 899,1140 963,1140 1028,1140 1092,1140 1156,1143 1221,1148 1285,1146 1349,1147 1414,1149 1478,1152 1542,1152 1607,1155 1671,1155 1735,1158 1800,1158 1864,1160 1928,1161 1993,1163 2057,1167 2122,1172"/>
                <TextEquiv>
                    <Unicode>da schreckt er zurück, weil er sich vor der Wirklichkeit fürchtet,</Unicode>
                </TextEquiv>
            </TextLine>
            <TextLine id="tr_1_tl_4" custom="readingOrder {index:3;}">
                <Coords points="836,1189 2116,1226 2114,1183 834,1147"/>
                <Baseline points="844,1181 907,1181 971,1184 1035,1185 1099,1185 1162,1187 1226,1187 1290,1190 1354,1193 1417,1191 1481,1194 1545,1198 1609,1196 1672,1199 1736,1202 1800,1202 1864,1202 1927,1205 1991,1207 2055,1211 2119,1214"/>
                <TextEquiv>
                    <Unicode>weil. den Gedanken an das Betrogensein nicht ertragen kann</Unicode>
                </TextEquiv>
            </TextLine>
            <TextLine id="tr_1_tl_5" custom="readingOrder {index:4;}">
                <Coords points="826,1223 1886,1276 2106,1267 2116,1226 825,1193"/>
                <Baseline points="835,1220 899,1226 963,1226 1028,1226 1092,1228 1156,1229 1221,1234 1285,1235 1349,1235 1414,1235 1478,1238 1542,1240 1607,1242 1671,1244 1735,1244 1800,1249 1864,1250 1928,1251 1993,1253 2057,1256 2122,1259"/>
                <TextEquiv>
                    <Unicode>und lieber in der Täuschung weiterleben will, auch wenn er</Unicode>
                </TextEquiv>
            </TextLine>
            <TextLine id="tr_1_tl_6" custom="readingOrder {index:5;}">
                <Coords points="836,1288 1643,1294 1641,1251 1581,1246 834,1230"/>
                <Baseline points="844,1271 884,1268 924,1268 964,1270 1004,1273 1044,1273 1084,1271 1124,1272 1164,1274 1204,1277 1244,1277 1284,1277 1324,1279 1364,1280 1404,1282 1444,1283 1484,1283 1524,1283 1564,1283 1604,1286 1644,1286"/>
                <TextEquiv>
                    <Unicode>innerlich das Gefühl ihrer Untreue hat.</Unicode>
                </TextEquiv>
            </TextLine>
            <TextLine id="tr_1_tl_7" custom="readingOrder {index:6;}">
                <Coords points="942,1333 2119,1360 2117,1294 2067,1286 941,1291"/>
                <Baseline points="949,1322 1007,1322 1066,1324 1124,1325 1183,1328 1242,1328 1300,1328 1359,1331 1418,1332 1476,1334 1535,1337 1594,1338 1652,1340 1711,1343 1770,1343 1828,1343 1887,1346 1946,1349 2004,1349 2063,1349 2122,1352"/>
                <TextEquiv>
                    <Unicode>So ist Schnitzlers Anatol. Und neben diesen Träumer</Unicode>
                </TextEquiv>
            </TextLine>
            <TextLine id="tr_1_tl_8" custom="readingOrder {index:7;}">
                <Coords points="829,1380 2116,1407 2080,1356 828,1333"/>
                <Baseline points="838,1360 902,1366 966,1366 1030,1367 1094,1369 1158,1369 1222,1372 1286,1375 1350,1375 1414,1375 1478,1378 1542,1380 1606,1381 1670,1384 1734,1387 1798,1387 1862,1390 1926,1393 1990,1395 2054,1393 2119,1396"/>
                <TextEquiv>
                    <Unicode>mit dem verklärenden Gefühlsleben hat der Dichter, um den</Unicode>
                </TextEquiv>
            </TextLine>
            <TextLine id="tr_1_tl_9" custom="readingOrder {index:8;}">
                <Coords points="836,1417 2114,1439 2112,1404 2027,1394 834,1375"/>
                <Baseline points="844,1405 907,1409 971,1411 1034,1411 1098,1413 1162,1414 1225,1416 1289,1417 1352,1420 1416,1422 1480,1424 1543,1426 1607,1426 1670,1429 1734,1429 1798,1432 1861,1432 1925,1435 1988,1435 2052,1438 2116,1438"/>
                <TextEquiv>
                    <Unicode>Kontrast schärfer hervortreten zu lassen, einen nüchternen Wirk¬</Unicode>
                </TextEquiv>
            </TextLine>
            <TextLine id="tr_1_tl_10" custom="readingOrder {index:9;}">
                <Coords points="831,1465 2096,1498 2120,1441 829,1415"/>
                <Baseline points="838,1453 902,1453 966,1453 1031,1456 1095,1456 1159,1459 1224,1459 1288,1462 1352,1464 1417,1465 1481,1466 1545,1468 1610,1469 1674,1473 1738,1474 1803,1476 1867,1477 1931,1478 1996,1480 2060,1480 2125,1483"/>
                <TextEquiv>
                    <Unicode>lichkeitsmenschen gestellt, Anatols Freund Max, der die Welt</Unicode>
                </TextEquiv>
            </TextLine>
            <TextLine id="tr_1_tl_11" custom="readingOrder {index:10;}">
                <Coords points="836,1501 2008,1544 2119,1541 2117,1494 834,1464"/>
                <Baseline points="844,1495 907,1498 971,1498 1035,1501 1099,1501 1162,1504 1226,1504 1290,1507 1354,1507 1417,1509 1481,1511 1545,1513 1609,1516 1672,1516 1736,1519 1800,1520 1864,1522 1927,1523 1991,1525 2055,1525 2119,1528"/>
                <TextEquiv>
                    <Unicode>und besonders die Frau darinnen nicht durch eine rosa gefärbte</Unicode>
                </TextEquiv>
            </TextLine>
            <TextLine id="tr_1_tl_12" custom="readingOrder {index:11;}">
                <Coords points="829,1544 2112,1583 2111,1533 828,1502"/>
                <Baseline points="838,1540 901,1540 965,1543 1029,1546 1093,1546 1157,1545 1221,1543 1285,1546 1349,1549 1413,1554 1477,1554 1540,1556 1604,1557 1668,1559 1732,1560 1796,1560 1860,1562 1924,1563 1988,1567 2052,1566 2116,1569"/>
                <TextEquiv>
                    <Unicode>Brille ansieht. Er ist der aufrichtige Freund Anatols, der</Unicode>
                </TextEquiv>
            </TextLine>
            <TextLine id="tr_1_tl_13" custom="readingOrder {index:12;}">
                <Coords points="820,1590 1254,1651 1475,1601 2108,1643 2117,1578 818,1551"/>
                <Baseline points="829,1584 893,1584 958,1584 1022,1588 1087,1590 1151,1590 1216,1592 1280,1593 1345,1595 1409,1599 1474,1599 1538,1601 1603,1602 1667,1604 1732,1605 1796,1607 1861,1608 1925,1609 1990,1611 2054,1611 2119,1614"/>
                <TextEquiv>
                    <Unicode>dessen Schwärmerei belächelt und ironisiert, aber ohne ihn heilen</Unicode>
                </TextEquiv>
            </TextLine>
            <TextLine id="tr_1_tl_14" custom="readingOrder {index:13;}">
                <Coords points="821,1643 854,1643 865,1652 897,1641 912,1651 928,1649 950,1638 980,1646 997,1638 1047,1643 1046,1606 1033,1602 988,1604 917,1590 879,1606 839,1588 820,1590"/>
                <Baseline points="829,1632 856,1630 884,1629 911,1629 939,1629 967,1629 994,1631 1022,1632 1050,1632"/>
                <TextEquiv>
                    <Unicode>zu können.</Unicode>
                </TextEquiv>
            </TextLine>
            <TextLine id="tr_1_tl_15" custom="readingOrder {index:14;}">
                <Coords points="838,1675 2112,1723 2045,1659 1862,1686 1661,1612 1590,1661 838,1643"/>
                <Baseline points="847,1671 910,1678 973,1682 1037,1684 1100,1686 1164,1689 1227,1691 1291,1692 1354,1692 1418,1694 1481,1695 1544,1698 1608,1698 1671,1699 1735,1701 1798,1701 1862,1703 1925,1707 1989,1709 2052,1707 2116,1707"/>
                <TextEquiv>
                    <Unicode>Und nun zu den süßen Mädels Anatols, wie sie uns</Unicode>
                </TextEquiv>
            </TextLine>
            <TextLine id="tr_1_tl_16" custom="readingOrder {index:15;}">
                <Coords points="820,1736 2114,1764 2112,1723 2030,1712 818,1673"/>
                <Baseline points="829,1722 893,1725 957,1728 1022,1729 1086,1731 1150,1734 1215,1734 1279,1734 1343,1737 1408,1737 1472,1740 1536,1742 1601,1742 1665,1744 1729,1748 1794,1748 1858,1748 1922,1750 1987,1751 2051,1751 2116,1751"/>
                <TextEquiv>
                    <Unicode>Arthur Schnitzler in seinen lose aneinandergereihten Episodeen</Unicode>
                </TextEquiv>
            </TextLine>
            <TextLine id="tr_1_tl_17" custom="readingOrder {index:16;}">
                <Coords points="828,1772 1385,1782 1439,1817 1486,1783 2033,1814 2120,1774 826,1740"/>
                <Baseline points="835,1766 899,1769 964,1772 1028,1773 1093,1775 1157,1777 1222,1775 1286,1778 1351,1781 1415,1784 1480,1782 1544,1784 1609,1787 1673,1787 1738,1787 1802,1789 1867,1793 1931,1794 1996,1796 2060,1796 2125,1796"/>
                <TextEquiv>
                    <Unicode>erschauen läßt. Weihnachtseinkäufe: Ein ungemein</Unicode>
                </TextEquiv>
            </TextLine>
            <TextLine id="tr_1_tl_18" custom="readingOrder {index:17;}">
                <Coords points="829,1822 2104,1856 2112,1804 828,1772"/>
                <Baseline points="838,1811 901,1814 965,1814 1029,1815 1093,1817 1157,1817 1221,1819 1285,1820 1349,1823 1413,1826 1477,1826 1540,1828 1604,1829 1668,1832 1732,1832 1796,1833 1860,1833 1924,1836 1988,1838 2052,1841 2116,1841"/>
                <TextEquiv>
                    <Unicode>stimmungsvolles Winterbild. Wien. 1. Straße. Hinten die</Unicode>
                </TextEquiv>
            </TextLine>
            <TextLine id="tr_1_tl_19" custom="readingOrder {index:18;}">
                <Coords points="823,1864 2037,1903 2106,1895 2106,1853 821,1827"/>
                <Baseline points="832,1856 895,1859 959,1861 1023,1860 1087,1862 1151,1865 1215,1867 1279,1868 1343,1868 1407,1868 1471,1870 1534,1870 1598,1874 1662,1874 1726,1877 1790,1878 1854,1880 1918,1883 1982,1883 2046,1883 2110,1886"/>
                <TextEquiv>
                    <Unicode>lichten Fenster einer Kirche. Rechts das erleuchtete Schaufenster</Unicode>
                </TextEquiv>
            </TextLine>
            <TextLine id="tr_1_tl_20" custom="readingOrder {index:19;}">
                <Coords points="826,1909 1972,1943 2109,1941 2109,1895 825,1862"/>
                <Baseline points="835,1901 898,1902 962,1901 1026,1905 1090,1907 1154,1907 1218,1907 1282,1910 1346,1911 1410,1913 1474,1916 1537,1916 1601,1919 1665,1919 1729,1919 1793,1922 1857,1924 1921,1925 1985,1927 2049,1928 2113,1931"/>
                <TextEquiv>
                    <Unicode>von Clara Bauer, Modes und Galanteriewaren; links der</Unicode>
                </TextEquiv>
            </TextLine>
            <TextLine id="tr_1_tl_21" custom="readingOrder {index:20;}">
                <Coords points="823,1951 2109,1982 2033,1927 823,1911"/>
                <Baseline points="832,1945 896,1945 960,1948 1024,1948 1088,1948 1152,1951 1216,1951 1280,1951 1344,1954 1408,1957 1472,1957 1536,1959 1600,1960 1664,1963 1728,1963 1792,1966 1856,1966 1920,1969 1984,1969 2048,1972 2113,1972"/>
                <TextEquiv>
                    <Unicode>Laden des bürgerlichen Schneiders Carl Heim. Anatol und eine</Unicode>
                </TextEquiv>
            </TextLine>
            <TextLine id="tr_1_tl_22" custom="readingOrder {index:21;}">
                <Coords points="820,1996 2111,2019 2087,1975 820,1954"/>
                <Baseline points="829,1987 893,1990 957,1990 1021,1991 1085,1993 1150,1993 1214,1996 1278,1996 1342,1999 1406,1999 1471,2002 1535,2002 1599,2006 1663,2008 1727,2008 1792,2010 1856,2011 1920,2012 1984,2014 2048,2015 2113,2020"/>
                <TextEquiv>
                    <Unicode>Dame der Welt! Die ungeliebte Frau, die das kleine süße</Unicode>
                </TextEquiv>
            </TextLine>
            <TextLine id="tr_1_tl_23" custom="readingOrder {index:22;}">
                <Coords points="823,2040 2085,2072 2104,2025 821,1996"/>
                <Baseline points="832,2032 895,2033 959,2035 1023,2035 1087,2037 1150,2038 1214,2041 1278,2041 1342,2042 1405,2044 1469,2047 1533,2047 1597,2050 1660,2050 1724,2053 1788,2053 1852,2053 1915,2056 1979,2058 2043,2059 2107,2059"/>
                <TextEquiv>
                    <Unicode>Mädel, von der ihr Anatol vorschwärmt, um seine Liebe be¬</Unicode>
                </TextEquiv>
            </TextLine>
            <TextLine id="tr_1_tl_24" custom="readingOrder {index:23;}">
                <Coords points="813,2082 2070,2119 2106,2067 812,2049"/>
                <Baseline points="823,2077 887,2080 951,2080 1016,2080 1080,2080 1144,2083 1209,2085 1273,2086 1337,2086 1402,2089 1466,2090 1530,2094 1595,2092 1659,2094 1723,2095 1788,2095 1852,2098 1916,2099 1981,2104 2045,2101 2110,2104"/>
                <TextEquiv>
                    <Unicode>neidet und doch nicht den Mut hat, es ihm nachzumachen. Sehr</Unicode>
                </TextEquiv>
            </TextLine>
            <TextLine id="tr_1_tl_25" custom="readingOrder {index:24;}">
                <Coords points="823,2129 2109,2153 2083,2109 823,2087"/>
                <Baseline points="832,2119 896,2122 960,2119 1024,2120 1088,2124 1152,2128 1216,2128 1280,2130 1344,2133 1408,2133 1472,2133 1536,2133 1600,2136 1664,2136 1728,2136 1792,2139 1856,2142 1920,2143 1984,2145 2048,2145 2113,2148"/>
                <TextEquiv>
                    <Unicode>poetisch! Ein Vorfeiertagsbild mit feinem Schneeriesen, mit</Unicode>
                </TextEquiv>
            </TextLine>
            <TextLine id="tr_1_tl_26" custom="readingOrder {index:25;}">
                <Coords points="820,2172 2077,2206 2109,2158 818,2129"/>
                <Baseline points="829,2163 893,2166 957,2166 1021,2167 1085,2169 1150,2169 1214,2172 1278,2172 1342,2175 1406,2175 1471,2178 1535,2178 1599,2179 1663,2181 1727,2184 1792,2184 1856,2187 1920,2188 1984,2192 2048,2192 2113,2190"/>
                <TextEquiv>
                    <Unicode>dem verstehenden Blick auf die scharfen Konturen der großen</Unicode>
                </TextEquiv>
            </TextLine>
            <TextLine id="tr_1_tl_27" custom="readingOrder {index:26;}">
                <Coords points="823,2222 2098,2238 2096,2200 1906,2190 823,2174"/>
                <Baseline points="832,2208 895,2211 958,2211 1022,2211 1085,2213 1149,2214 1212,2216 1276,2217 1339,2218 1403,2220 1466,2219 1529,2221 1593,2223 1656,2226 1720,2226 1783,2226 1847,2228 1910,2232 1974,2232 2037,2232 2101,2235"/>
                <TextEquiv>
                    <Unicode>und der kleinen Welt, in das stille, heiße Sehnen der</Unicode>
                </TextEquiv>
            </TextLine>
            <TextLine id="tr_1_tl_28" custom="readingOrder {index:27;}">
                <Coords points="820,2266 2096,2293 2095,2237 818,2222"/>
                <Baseline points="829,2250 892,2253 955,2255 1019,2257 1082,2259 1146,2259 1209,2259 1273,2262 1336,2261 1400,2265 1463,2265 1526,2267 1590,2268 1653,2272 1717,2270 1780,2272 1844,2274 1907,2274 1971,2275 2034,2277 2098,2277"/>
                <TextEquiv>
                    <Unicode>mondänen Dame und das glückselle Herzchen des Vorstadt¬</Unicode>
                </TextEquiv>
            </TextLine>
            <TextLine id="tr_1_tl_29" custom="readingOrder {index:28;}">
                <Coords points="823,2303 1987,2338 2106,2333 2106,2295 821,2266"/>
                <Baseline points="832,2298 895,2298 959,2300 1023,2298 1087,2300 1151,2301 1215,2304 1279,2304 1343,2307 1407,2310 1471,2309 1534,2307 1598,2313 1662,2316 1726,2313 1790,2317 1854,2319 1918,2320 1982,2321 2046,2321 2110,2321"/>
                <TextEquiv>
                    <Unicode>mädels. Episode: Anatol führ: Max in den Zaubergarten</Unicode>
                </TextEquiv>
            </TextLine>
            <TextLine id="tr_1_tl_30" custom="readingOrder {index:29;}">
                <Coords points="823,2359 2070,2377 2096,2337 821,2304"/>
                <Baseline points="832,2339 895,2342 958,2342 1022,2343 1085,2345 1149,2345 1212,2346 1276,2348 1339,2351 1403,2351 1466,2351 1529,2354 1593,2357 1656,2357 1720,2359 1783,2360 1847,2360 1910,2360 1974,2363 2037,2366 2101,2366"/>
                <TextEquiv>
                    <Unicode>seiner Erinnerungen. Am traulichen Kamin schwärmt er von</Unicode>
                </TextEquiv>
            </TextLine>
            <TextLine id="tr_1_tl_31" custom="readingOrder {index:30;}">
                <Coords points="817,2393 2012,2430 2091,2416 2091,2372 815,2358"/>
                <Baseline points="826,2384 889,2387 952,2389 1016,2391 1079,2391 1143,2390 1206,2393 1270,2393 1333,2393 1397,2395 1460,2396 1523,2399 1587,2399 1650,2400 1714,2402 1777,2402 1841,2404 1904,2405 1968,2407 2031,2408 2095,2408"/>
                <TextEquiv>
                    <Unicode>einer Frau, für die zwei Stunden in seinem Leben unvergeßlich</Unicode>
                </TextEquiv>
            </TextLine>
            <TextLine id="tr_1_tl_32" custom="readingOrder {index:31;}">
                <Coords points="828,2435 1949,2467 2096,2461 2095,2413 826,2392"/>
                <Baseline points="835,2426 898,2429 961,2431 1024,2432 1088,2432 1151,2435 1214,2435 1278,2438 1341,2437 1404,2439 1468,2441 1531,2444 1594,2444 1657,2445 1721,2447 1784,2447 1847,2449 1911,2450 1974,2451 2037,2450 2101,2453"/>
                <TextEquiv>
                    <Unicode>sein werden, während sie für ihn schon Erinnerung waren, als</Unicode>
                </TextEquiv>
            </TextLine>
            <TextLine id="tr_1_tl_33" custom="readingOrder {index:32;}">
                <Coords points="823,2487 2085,2505 2064,2456 823,2438"/>
                <Baseline points="832,2474 894,2474 957,2476 1020,2477 1083,2477 1146,2477 1209,2480 1271,2480 1334,2483 1397,2483 1460,2486 1523,2486 1586,2489 1649,2489 1711,2489 1774,2492 1837,2492 1900,2492 1963,2495 2026,2495 2089,2495"/>
                <TextEquiv>
                    <Unicode>jene noch zu seinen Füßen kniete. Doch Bianca, die schöne Kunst</Unicode>
                </TextEquiv>
            </TextLine>
            <TextLine id="tr_1_tl_34" custom="readingOrder {index:33;}">
                <Coords points="813,2524 2082,2556 2080,2501 813,2487"/>
                <Baseline points="823,2518 886,2518 949,2518 1012,2521 1075,2521 1138,2521 1201,2523 1265,2524 1328,2527 1391,2527 1454,2530 1517,2530 1580,2530 1643,2533 1707,2533 1770,2533 1833,2535 1896,2536 1959,2536 2022,2538 2086,2542"/>
                <TextEquiv>
                    <Unicode>reiterin, der diese Erinnerung gilt, kommt, um dieses füß</Unicode>
                </TextEquiv>
            </TextLine>
            <TextLine id="tr_1_tl_35" custom="readingOrder {index:34;}">
                <Coords points="813,2576 2096,2600 2096,2556 812,2524"/>
                <Baseline points="823,2563 886,2563 950,2563 1014,2565 1078,2569 1142,2566 1206,2568 1270,2569 1334,2569 1398,2569 1462,2572 1525,2574 1589,2575 1653,2575 1717,2578 1781,2578 1845,2578 1909,2581 1973,2581 2037,2581 2101,2584"/>
                <TextEquiv>
                    <Unicode>Traumbild zu zerstören. Sie erkennt den entsetzten Anatol kaum</Unicode>
                </TextEquiv>
            </TextLine>
            <TextLine id="tr_1_tl_36" custom="readingOrder {index:35;}">
                <Coords points="818,2613 2096,2635 2095,2597 1836,2577 817,2572"/>
                <Baseline points="826,2608 889,2607 953,2607 1017,2608 1081,2610 1144,2611 1208,2611 1272,2611 1336,2612 1399,2614 1463,2615 1527,2617 1591,2620 1654,2620 1718,2620 1782,2624 1846,2626 1909,2626 1973,2626 2037,2626 2101,2629"/>
                <TextEquiv>
                    <Unicode>wieder und vermengt Wiener und Petersburger selige Stunden</Unicode>
                </TextEquiv>
            </TextLine>
            <TextLine id="tr_1_tl_37" custom="readingOrder {index:36;}">
                <Coords points="817,2656 2096,2682 2085,2634 817,2613"/>
                <Baseline points="826,2650 889,2650 953,2650 1017,2651 1081,2653 1144,2653 1208,2656 1272,2656 1336,2659 1399,2659 1463,2662 1527,2662 1591,2665 1654,2665 1718,2665 1782,2666 1846,2668 1909,2668 1973,2670 2037,2671 2101,2674"/>
                <TextEquiv>
                    <Unicode>bei seinem Anblick miteinander, daß er blutenden Herzens</Unicode>
                </TextEquiv>
            </TextLine>
            <TextLine id="tr_1_tl_38" custom="readingOrder {index:37;}">
                <Coords points="820,2701 2093,2722 2056,2677 820,2655"/>
                <Baseline points="829,2692 892,2693 955,2695 1018,2696 1082,2698 1145,2698 1208,2698 1272,2698 1335,2704 1398,2704 1462,2704 1525,2707 1588,2707 1651,2708 1715,2707 1778,2709 1841,2709 1905,2712 1968,2712 2031,2715 2095,2715"/>
                <TextEquiv>
                    <Unicode>flieht. Abschiedssouper: Anatol erklärt seinem Freunde</Unicode>
                </TextEquiv>
            </TextLine>
            <TextLine id="tr_1_tl_39" custom="readingOrder {index:38;}">
                <Coords points="817,2751 2095,2768 2080,2719 817,2703"/>
                <Baseline points="826,2733 889,2737 953,2739 1016,2740 1080,2742 1144,2742 1207,2742 1271,2742 1334,2745 1398,2745 1462,2748 1525,2750 1589,2748 1652,2751 1716,2754 1780,2754 1843,2756 1907,2757 1970,2757 2034,2757 2098,2760"/>
                <TextEquiv>
                    <Unicode>Max, daß er sich von seiner kleinen Annie trennen wolle, weil</Unicode>
                </TextEquiv>
            </TextLine>
            <TextLine id="tr_1_tl_40" custom="readingOrder {index:39;}">
                <Coords points="817,2787 2095,2814 2095,2766 2001,2761 817,2750"/>
                <Baseline points="826,2781 889,2783 953,2783 1016,2784 1080,2784 1144,2784 1207,2786 1271,2787 1334,2790 1398,2790 1462,2790 1525,2792 1589,2793 1652,2796 1716,2799 1780,2796 1843,2798 1907,2799 1970,2802 2034,2802 2098,2808"/>
                <TextEquiv>
                    <Unicode>er eine andere liebt. Annie und er haben sich bei dem Schwur</Unicode>
                </TextEquiv>
            </TextLine>
            <TextLine id="tr_1_tl_41" custom="readingOrder {index:40;}">
                <Coords points="817,2834 2095,2856 2093,2813 1953,2801 817,2789"/>
                <Baseline points="826,2823 889,2826 953,2828 1016,2830 1080,2830 1144,2829 1207,2832 1271,2832 1334,2834 1398,2834 1462,2837 1525,2837 1589,2841 1652,2841 1716,2844 1780,2844 1843,2844 1907,2844 1970,2844 2034,2847 2098,2850"/>
                <TextEquiv>
                    <Unicode>der ewigen Liebe gelobt, daß sie aufrichtig gegeneinander sein</Unicode>
                </TextEquiv>
            </TextLine>
            <TextLine id="tr_1_tl_42" custom="readingOrder {index:41;}">
                <Coords points="812,2876 2095,2898 2082,2853 812,2840"/>
                <Baseline points="820,2871 883,2871 947,2873 1011,2874 1075,2874 1139,2874 1203,2874 1267,2877 1331,2878 1395,2880 1459,2882 1522,2882 1586,2883 1650,2883 1714,2883 1778,2884 1842,2886 1906,2887 1970,2889 2034,2889 2098,2892"/>
                <TextEquiv>
                    <Unicode>wollen, wenn einmal das Herz es anders gebeut. Jetzt kommt</Unicode>
                </TextEquiv>
            </TextLine>
            <TextLine id="tr_1_tl_43" custom="readingOrder {index:42;}">
                <Coords points="817,2918 2096,2943 2095,2898 1988,2892 817,2876"/>
                <Baseline points="826,2915 889,2915 953,2917 1016,2918 1080,2916 1144,2918 1207,2920 1271,2918 1334,2919 1398,2921 1462,2922 1525,2924 1589,2924 1652,2927 1716,2927 1780,2928 1843,2930 1907,2930 1970,2933 2034,2933 2098,2936"/>
                <TextEquiv>
                    <Unicode>Annie zum Abschiedssouper und kündet dem bestürzten Anatol</Unicode>
                </TextEquiv>
            </TextLine>
            <TextLine id="tr_1_tl_44" custom="readingOrder {index:43;}">
                <Coords points="813,2971 1946,2998 2091,2994 2091,2947 812,2918"/>
                <Baseline points="823,2960 886,2957 950,2959 1013,2961 1077,2961 1141,2960 1204,2963 1268,2963 1331,2964 1395,2964 1459,2966 1522,2968 1586,2969 1649,2970 1713,2972 1777,2973 1840,2975 1904,2978 1967,2976 2031,2978 2095,2981"/>
                <TextEquiv>
                    <Unicode>seelenruhig zwischen dem ersten und zweiten Gang, daß sie einen</Unicode>
                </TextEquiv>
            </TextLine>
            <TextLine id="tr_1_tl_45" custom="readingOrder {index:44;}">
                <Coords points="808,3006 2091,3031 2091,2994 1975,2977 808,2968"/>
                <Baseline points="817,3002 880,3002 944,3002 1008,3003 1072,3005 1136,3005 1200,3005 1264,3008 1328,3008 1392,3008 1456,3009 1519,3013 1583,3014 1647,3014 1711,3014 1775,3017 1839,3017 1903,3020 1967,3020 2031,3023 2095,3023"/>
                <TextEquiv>
                    <Unicode>anderen liebe und darum heute abend mit ihm den letzten Cham¬</Unicode>
                </TextEquiv>
            </TextLine>
            <TextLine id="tr_1_tl_46" custom="readingOrder {index:45;}">
                <Coords points="812,3055 2095,3073 2080,3029 1954,3021 812,3010"/>
                <Baseline points="820,3047 883,3047 947,3049 1011,3048 1075,3050 1139,3047 1203,3050 1267,3053 1331,3053 1395,3053 1459,3056 1522,3058 1586,3059 1650,3059 1714,3059 1778,3060 1842,3062 1906,3063 1970,3065 2034,3065 2098,3068"/>
                <TextEquiv>
                    <Unicode>pagner trinke. Anatol ist entrüstet; seine Eitelkeit als Mann</Unicode>
                </TextEquiv>
            </TextLine>
            <TextLine id="tr_1_tl_47" custom="readingOrder {index:46;}">
                <Coords points="808,3097 2091,3124 2066,3071 808,3055"/>
                <Baseline points="817,3089 880,3089 944,3091 1008,3092 1072,3092 1136,3092 1200,3094 1264,3095 1328,3096 1392,3100 1456,3099 1519,3101 1583,3103 1647,3103 1711,3103 1775,3103 1839,3105 1903,3106 1967,3108 2031,3109 2095,3109"/>
                <TextEquiv>
                    <Unicode>ist verletzt. Sein Geständnis, daß er sie schon seit langem mit</Unicode>
                </TextEquiv>
            </TextLine>
            <TextLine id="tr_1_tl_48" custom="readingOrder {index:47;}">
                <Coords points="805,3139 2096,3169 2096,3129 2014,3106 1916,3139 805,3095"/>
                <Baseline points="814,3133 878,3133 942,3136 1007,3136 1071,3136 1135,3136 1200,3136 1264,3139 1328,3140 1393,3139 1457,3142 1521,3144 1586,3145 1650,3147 1714,3148 1779,3147 1843,3148 1907,3154 1972,3154 2036,3154 2101,3154"/>
                <TextEquiv>
                    <Unicode>einer anderen betrogen, hat aber nur den Erfolg, daß sie</Unicode>
                </TextEquiv>
            </TextLine>
            <TextLine id="tr_1_tl_49" custom="readingOrder {index:48;}">
                <Coords points="805,3184 2096,3210 2095,3166 2024,3155 805,3139"/>
                <Baseline points="814,3172 878,3178 942,3178 1007,3180 1071,3182 1135,3181 1200,3184 1264,3184 1328,3184 1393,3184 1457,3185 1521,3187 1586,3190 1650,3190 1714,3190 1779,3190 1843,3193 1907,3196 1972,3196 2036,3196 2101,3199"/>
                <TextEquiv>
                    <Unicode>empört das gleiche gesteht und noch zwischen Tür und Angel über</Unicode>
                </TextEquiv>
            </TextLine>
            <TextLine id="tr_1_tl_50" custom="readingOrder {index:49;}">
                <Coords points="805,3229 2088,3250 2075,3203 805,3182"/>
                <Baseline points="814,3223 877,3223 941,3223 1005,3223 1069,3225 1133,3226 1197,3226 1261,3226 1325,3230 1389,3229 1453,3232 1516,3232 1580,3235 1644,3232 1708,3235 1772,3238 1836,3238 1900,3239 1964,3241 2028,3241 2092,3241"/>
                <TextEquiv>
                    <Unicode>den Nachtisch herfällt, um dann auf immer zu verschwinden.</Unicode>
                </TextEquiv>
            </TextLine>
            <TextLine id="tr_1_tl_51" custom="readingOrder {index:50;}">
                <Coords points="799,3273 2095,3290 2077,3247 799,3229"/>
                <Baseline points="808,3265 872,3265 937,3268 1001,3268 1066,3270 1130,3271 1195,3271 1259,3271 1324,3273 1388,3274 1453,3274 1517,3274 1582,3277 1646,3277 1711,3277 1775,3282 1840,3280 1904,3283 1969,3286 2033,3286 2098,3288"/>
                <TextEquiv>
                    <Unicode>Das war das „friedliche Abschiedssouper mit Max als lachendem</Unicode>
                </TextEquiv>
            </TextLine>
            <TextLine id="tr_1_tl_52" custom="readingOrder {index:51;}">
                <Coords points="808,3315 2085,3350 2095,3292 807,3271"/>
                <Baseline points="817,3306 881,3309 945,3312 1009,3312 1073,3312 1137,3315 1201,3315 1265,3315 1329,3315 1393,3318 1457,3318 1521,3318 1585,3321 1649,3321 1713,3321 1777,3322 1841,3324 1905,3327 1969,3327 2033,3327 2098,3333"/>
                <TextEquiv>
                    <Unicode>Dritten. Die Frage an das Schicksal ist oben schon</Unicode>
                </TextEquiv>
            </TextLine>
            <TextLine id="tr_1_tl_53" custom="readingOrder {index:52;}">
                <Coords points="804,3365 1987,3389 2095,3350 802,3313"/>
                <Baseline points="811,3354 875,3356 939,3354 1004,3355 1068,3357 1132,3354 1197,3357 1261,3357 1325,3358 1390,3360 1454,3363 1518,3363 1583,3363 1647,3365 1711,3366 1776,3366 1840,3366 1904,3370 1969,3375 2033,3372 2098,3375"/>
                <TextEquiv>
                    <Unicode>skizziert. Anatol versetzt Cora in einen hypnotischen Schlaf, um</Unicode>
                </TextEquiv>
            </TextLine>
            <TextLine id="tr_1_tl_54" custom="readingOrder {index:53;}">
                <Coords points="799,3450 2088,3449 2088,3382 2011,3374 799,3368"/>
                <Baseline points="808,3402 872,3402 936,3402 1000,3405 1064,3405 1129,3405 1193,3408 1257,3408 1321,3409 1385,3411 1450,3411 1514,3413 1578,3413 1642,3413 1706,3414 1771,3415 1835,3417 1899,3417 1963,3419 2027,3418 2092,3423"/>
                <TextEquiv>
                    <Unicode>von ihr zu hören, ob sie ihm treu ist. Aber er findet den Mut</Unicode>
                </TextEquiv>
            </TextLine>
            <TextEquiv>
                <Unicode></Unicode>
            </TextEquiv>
        </TextRegion>
        <TextRegion orientation="0.0" id="tr_2" custom="readingOrder {index:1;}">
            <Coords points="2572,1206 2572,3645 3223,3645 3223,1206"/>
            <TextLine id="tr_2_tl_1" custom="readingOrder {index:0;}">
                <Coords points="2593,1238 3207,1238 3205,1164 3187,1162 3031,1162 2973,1191 2592,1180"/>
                <Baseline points="2602,1226 2632,1226 2662,1226 2693,1226 2723,1226 2754,1226 2784,1226 2815,1226 2845,1226 2876,1226 2906,1226 2936,1226 2967,1226 2997,1226 3028,1228 3058,1229 3089,1229 3119,1229 3150,1229 3180,1229 3211,1229"/>
                <TextEquiv>
                    <Unicode>zu dieser Frage nicht und ist</Unicode>
                </TextEquiv>
            </TextLine>
            <TextLine id="tr_2_tl_2" custom="readingOrder {index:1;}">
                <Coords points="2587,1280 3216,1283 3203,1235 2587,1239"/>
                <Baseline points="2596,1268 2627,1270 2658,1271 2689,1271 2720,1269 2752,1269 2783,1271 2814,1271 2845,1273 2876,1273 2908,1271 2939,1271 2970,1271 3001,1271 3032,1273 3064,1273 3095,1271 3126,1271 3157,1273 3188,1275 3220,1277"/>
                <TextEquiv>
                    <Unicode>weiterleben zu können. And</Unicode>
                </TextEquiv>
            </TextLine>
            <TextLine id="tr_2_tl_3" custom="readingOrder {index:2;}">
                <Coords points="2597,1320 3219,1328 3219,1283 3111,1272 3010,1289 2597,1275"/>
                <Baseline points="2605,1313 2635,1315 2666,1315 2697,1313 2728,1313 2759,1313 2790,1313 2821,1313 2852,1313 2883,1313 2914,1313 2944,1315 2975,1316 3006,1316 3037,1316 3068,1317 3099,1319 3130,1317 3161,1317 3192,1319 3223,1316"/>
                <TextEquiv>
                    <Unicode>Nach dem Polterabend! Der</Unicode>
                </TextEquiv>
            </TextLine>
            <TextLine id="tr_2_tl_4" custom="readingOrder {index:3;}">
                <Coords points="2597,1375 2822,1357 2877,1380 2908,1360 3219,1372 3210,1327 2597,1320"/>
                <Baseline points="2605,1360 2635,1358 2666,1357 2697,1357 2728,1357 2759,1357 2790,1357 2821,1357 2852,1357 2883,1357 2914,1357 2944,1357 2975,1358 3006,1360 3037,1360 3068,1358 3099,1357 3130,1357 3161,1359 3192,1359 3223,1357"/>
                <TextEquiv>
                    <Unicode>hat Anatol auf die Redoute ge¬</Unicode>
                </TextEquiv>
            </TextLine>
            <TextLine id="tr_2_tl_5" custom="readingOrder {index:4;}">
                <Coords points="2587,1410 3182,1417 3182,1368 3148,1359 3105,1380 2908,1360 2882,1385 2827,1359 2587,1378"/>
                <Baseline points="2596,1402 2625,1402 2655,1402 2684,1402 2714,1402 2743,1402 2773,1402 2802,1402 2832,1402 2861,1402 2891,1402 2921,1403 2950,1405 2980,1403 3009,1403 3039,1405 3068,1405 3098,1404 3127,1402 3157,1404 3187,1405"/>
                <TextEquiv>
                    <Unicode>recht austoben, solange er sich</Unicode>
                </TextEquiv>
            </TextLine>
            <TextLine id="tr_2_tl_6" custom="readingOrder {index:5;}">
                <Coords points="2597,1452 3210,1456 3210,1396 3169,1420 2923,1407 2877,1427 2834,1404 2742,1422 2597,1407"/>
                <Baseline points="2605,1444 2635,1446 2665,1447 2696,1447 2726,1447 2757,1447 2787,1447 2818,1447 2848,1447 2879,1447 2909,1447 2939,1447 2970,1447 3000,1447 3031,1447 3061,1448 3092,1450 3122,1448 3153,1448 3183,1450 3214,1453"/>
                <TextEquiv>
                    <Unicode>frei ist. Und als am anderen</Unicode>
                </TextEquiv>
            </TextLine>
            <TextLine id="tr_2_tl_7" custom="readingOrder {index:6;}">
                <Coords points="2590,1494 3139,1519 3177,1501 3177,1459 3155,1454 2992,1451 2952,1472 2885,1449 2590,1456"/>
                <Baseline points="2599,1486 2628,1488 2657,1490 2686,1492 2715,1490 2744,1489 2773,1489 2802,1489 2831,1489 2860,1489 2890,1489 2919,1489 2948,1491 2977,1492 3006,1492 3035,1490 3064,1489 3093,1489 3122,1491 3151,1493 3181,1495"/>
                <TextEquiv>
                    <Unicode>ihn zur Trauung abzuholen,</Unicode>
                </TextEquiv>
            </TextLine>
            <TextLine id="tr_2_tl_8" custom="readingOrder {index:7;}">
                <Coords points="2597,1538 3203,1544 3203,1504 3182,1499 3139,1520 2597,1494"/>
                <Baseline points="2605,1531 2635,1531 2665,1532 2695,1534 2725,1534 2755,1534 2785,1534 2816,1534 2846,1534 2876,1534 2906,1534 2936,1534 2966,1534 2996,1534 3027,1534 3057,1534 3087,1534 3117,1534 3147,1534 3177,1534 3208,1534"/>
                <TextEquiv>
                    <Unicode>Sehr schwierig ist es nun, de</Unicode>
                </TextEquiv>
            </TextLine>
            <TextLine id="tr_2_tl_9" custom="readingOrder {index:8;}">
                <Coords points="2590,1583 3213,1590 3213,1540 2903,1535 2874,1556 2590,1535"/>
                <Baseline points="2599,1575 2629,1575 2660,1575 2691,1575 2722,1575 2753,1575 2784,1575 2815,1575 2846,1577 2877,1578 2908,1578 2938,1578 2969,1578 3000,1578 3031,1578 3062,1578 3093,1578 3124,1578 3155,1578 3186,1578 3217,1578"/>
                <TextEquiv>
                    <Unicode>die Situation klarzumachen, in</Unicode>
                </TextEquiv>
            </TextLine>
            <TextLine id="tr_2_tl_10" custom="readingOrder {index:9;}">
                <Coords points="2590,1623 2764,1640 2800,1622 2858,1644 2950,1622 3000,1641 3213,1633 3213,1590 3169,1580 2977,1598 2590,1580"/>
                <Baseline points="2599,1617 2629,1619 2660,1620 2691,1620 2722,1622 2753,1623 2784,1623 2815,1621 2846,1620 2877,1620 2908,1620 2938,1620 2969,1620 3000,1620 3031,1620 3062,1621 3093,1623 3124,1625 3155,1625 3186,1623 3217,1623"/>
                <TextEquiv>
                    <Unicode>hört, daß Matol für sie</Unicode>
                </TextEquiv>
            </TextLine>
            <TextLine id="tr_2_tl_11" custom="readingOrder {index:10;}">
                <Coords points="2587,1672 3202,1670 3202,1630 3026,1628 2987,1648 2950,1623 2837,1648 2795,1625 2587,1628"/>
                <Baseline points="2596,1662 2626,1662 2656,1663 2687,1665 2717,1665 2748,1665 2778,1665 2809,1660 2839,1660 2870,1662 2900,1662 2930,1663 2961,1665 2991,1665 3022,1665 3052,1665 3083,1665 3113,1665 3144,1665 3174,1665 3205,1665"/>
                <TextEquiv>
                    <Unicode>heiratet. — Ein etwas rech</Unicode>
                </TextEquiv>
            </TextLine>
            <TextLine id="tr_2_tl_12" custom="readingOrder {index:11;}">
                <Coords points="2593,1720 3221,1730 3208,1670 2771,1670 2737,1690 2708,1669 2593,1670"/>
                <Baseline points="2602,1704 2633,1706 2664,1708 2695,1710 2726,1712 2757,1710 2788,1707 2819,1710 2850,1710 2881,1710 2912,1710 2943,1710 2974,1711 3005,1713 3036,1711 3067,1710 3098,1710 3129,1710 3160,1710 3191,1709 3223,1707"/>
                <TextEquiv>
                    <Unicode>Schluß, der sich der Wirklicht</Unicode>
                </TextEquiv>
            </TextLine>
            <TextLine id="tr_2_tl_13" custom="readingOrder {index:12;}">
                <Coords points="2580,1782 2713,1756 2818,1769 2829,1759 2848,1769 2885,1757 2885,1725 2847,1711 2743,1714 2724,1725 2630,1712 2580,1723"/>
                <Baseline points="2590,1754 2617,1751 2644,1751 2671,1751 2698,1751 2725,1751 2753,1751 2780,1753 2807,1753 2834,1752 2861,1750 2889,1748"/>
                <TextEquiv>
                    <Unicode>nähern dürfte.</Unicode>
                </TextEquiv>
            </TextLine>
            <TextLine id="tr_2_tl_14" custom="readingOrder {index:13;}">
                <Coords points="2677,1799 3202,1814 3192,1727 3047,1749 2945,1733 2782,1775 2761,1757 2677,1767"/>
                <Baseline points="2686,1796 2713,1796 2740,1797 2767,1798 2795,1798 2822,1796 2849,1796 2877,1796 2904,1796 2931,1795 2959,1793 2986,1793 3013,1794 3041,1796 3068,1796 3095,1796 3123,1796 3150,1797 3177,1799 3205,1799"/>
                <TextEquiv>
                    <Unicode>Alle diese flüchtigen An¬</Unicode>
                </TextEquiv>
            </TextLine>
            <TextLine id="tr_2_tl_15" custom="readingOrder {index:14;}">
                <Coords points="2580,1849 3203,1851 3203,1815 3123,1804 2580,1801"/>
                <Baseline points="2590,1838 2620,1838 2651,1839 2682,1841 2713,1841 2744,1841 2775,1841 2806,1841 2837,1841 2868,1841 2899,1841 2929,1841 2960,1841 2991,1841 3022,1841 3053,1841 3084,1841 3115,1841 3146,1841 3177,1841 3208,1844"/>
                <TextEquiv>
                    <Unicode>aus Anatols Liebestraumleben</Unicode>
                </TextEquiv>
            </TextLine>
            <TextLine id="tr_2_tl_16" custom="readingOrder {index:15;}">
                <Coords points="2590,1890 3195,1895 3195,1853 3158,1848 2590,1853"/>
                <Baseline points="2599,1883 2629,1883 2659,1883 2689,1883 2719,1885 2749,1886 2779,1886 2809,1886 2839,1886 2869,1886 2899,1886 2929,1885 2959,1883 2989,1885 3019,1886 3049,1886 3079,1884 3109,1884 3139,1886 3169,1886 3199,1886"/>
                <TextEquiv>
                    <Unicode>reichen Linien gezogen, wobei</Unicode>
                </TextEquiv>
            </TextLine>
            <TextLine id="tr_2_tl_17" custom="readingOrder {index:16;}">
                <Coords points="2590,1935 2755,1946 2898,1928 3063,1954 3115,1940 3115,1898 3095,1895 2897,1904 2874,1888 2843,1907 2787,1888 2590,1890"/>
                <Baseline points="2599,1928 2626,1930 2653,1930 2680,1929 2708,1928 2735,1928 2762,1928 2790,1928 2817,1928 2844,1928 2872,1928 2899,1928 2926,1928 2954,1928 2981,1930 3008,1931 3036,1931 3063,1931 3090,1931 3118,1931"/>
                <TextEquiv>
                    <Unicode>Seziermesser zu Hilfe kam.</Unicode>
                </TextEquiv>
            </TextLine>
            <TextLine id="tr_2_tl_18" custom="readingOrder {index:17;}">
                <Coords points="2584,1987 3174,1983 3174,1941 3111,1935 3063,1954 2897,1930 2584,1935"/>
                <Baseline points="2593,1972 2622,1974 2651,1974 2680,1972 2710,1974 2739,1974 2768,1972 2797,1972 2827,1972 2856,1972 2885,1972 2914,1972 2944,1972 2973,1972 3002,1972 3031,1974 3061,1974 3090,1972 3119,1974 3148,1975 3178,1972"/>
                <TextEquiv>
                    <Unicode>sich diese fünf Episoden eher</Unicode>
                </TextEquiv>
            </TextLine>
            <TextLine id="tr_2_tl_19" custom="readingOrder {index:18;}">
                <Coords points="2584,2025 3198,2028 3198,1983 2584,1985"/>
                <Baseline points="2593,2017 2623,2017 2653,2017 2684,2017 2714,2017 2745,2017 2775,2017 2806,2017 2836,2017 2867,2017 2897,2017 2927,2017 2958,2017 2988,2017 3019,2015 3049,2015 3080,2017 3110,2017 3141,2018 3171,2020 3202,2020"/>
                <TextEquiv>
                    <Unicode>oder einer Zeitschrift, als vor</Unicode>
                </TextEquiv>
            </TextLine>
            <TextLine id="tr_2_tl_20" custom="readingOrder {index:19;}">
                <Coords points="2576,2067 3195,2074 3177,2022 2876,2041 2798,2017 2576,2019"/>
                <Baseline points="2584,2059 2614,2059 2645,2059 2676,2059 2707,2061 2737,2062 2768,2062 2799,2060 2830,2060 2860,2062 2891,2062 2922,2062 2953,2062 2983,2062 3014,2062 3045,2062 3076,2062 3106,2062 3137,2063 3168,2065 3199,2068"/>
                <TextEquiv>
                    <Unicode>wo ihnen der zarte Duft der</Unicode>
                </TextEquiv>
            </TextLine>
            <TextLine id="tr_2_tl_21" custom="readingOrder {index:20;}">
                <Coords points="2584,2111 2932,2106 3056,2133 3097,2108 3171,2111 3171,2072 3152,2069 2584,2066"/>
                <Baseline points="2593,2107 2622,2105 2651,2105 2680,2107 2709,2105 2738,2104 2767,2104 2796,2106 2825,2106 2854,2105 2884,2104 2913,2104 2942,2104 2971,2104 3000,2104 3029,2104 3058,2105 3087,2107 3116,2105 3145,2105 3175,2107"/>
                <TextEquiv>
                    <Unicode>Hauch der Poesie geraubt wie</Unicode>
                </TextEquiv>
            </TextLine>
            <TextLine id="tr_2_tl_22" custom="readingOrder {index:21;}">
                <Coords points="2587,2151 2893,2166 3073,2145 3147,2162 3147,2116 3108,2108 3045,2130 3003,2111 2835,2111 2793,2133 2771,2114 2587,2111"/>
                <Baseline points="2596,2145 2623,2147 2651,2148 2679,2148 2707,2148 2734,2148 2762,2148 2790,2148 2818,2148 2845,2148 2873,2148 2901,2148 2929,2147 2956,2145 2984,2147 3012,2146 3040,2143 3067,2144 3095,2145 3123,2147 3151,2148"/>
                <TextEquiv>
                    <Unicode>Träumers umschwebt. Und</Unicode>
                </TextEquiv>
            </TextLine>
            <TextLine id="tr_2_tl_23" custom="readingOrder {index:22;}">
                <Coords points="2587,2203 3182,2211 3182,2156 2587,2158"/>
                <Baseline points="2596,2187 2625,2189 2654,2191 2684,2193 2713,2191 2743,2191 2772,2193 2801,2193 2831,2193 2860,2193 2890,2193 2919,2193 2948,2193 2978,2191 3007,2190 3037,2190 3066,2191 3095,2193 3125,2191 3154,2191 3184,2193"/>
                <TextEquiv>
                    <Unicode>Schnitzlers „Anatol=Zyklus.</Unicode>
                </TextEquiv>
            </TextLine>
            <TextLine id="tr_2_tl_24" custom="readingOrder {index:23;}">
                <Coords points="2584,2240 2647,2258 2669,2241 3181,2248 3181,2211 3132,2196 3090,2216 2584,2193"/>
                <Baseline points="2593,2235 2622,2235 2652,2235 2681,2235 2711,2235 2740,2235 2770,2235 2799,2235 2829,2236 2858,2238 2888,2236 2918,2235 2947,2235 2977,2237 3006,2237 3036,2235 3065,2237 3095,2238 3124,2238 3154,2236 3184,2235"/>
                <TextEquiv>
                    <Unicode>meisterhaften Inszenierung du</Unicode>
                </TextEquiv>
            </TextLine>
            <TextLine id="tr_2_tl_25" custom="readingOrder {index:24;}">
                <Coords points="2579,2282 2751,2301 2960,2287 3018,2308 3052,2287 3182,2293 3182,2248 3150,2243 2669,2241 2647,2258 2579,2240"/>
                <Baseline points="2587,2280 2617,2280 2647,2280 2677,2280 2707,2280 2737,2280 2767,2280 2797,2280 2827,2280 2857,2280 2887,2280 2917,2280 2947,2280 2977,2282 3007,2283 3037,2283 3067,2283 3097,2282 3127,2280 3157,2280 3187,2280"/>
                <TextEquiv>
                    <Unicode>die den Einzelheiten eine lie¬</Unicode>
                </TextEquiv>
            </TextLine>
            <TextLine id="tr_2_tl_26" custom="readingOrder {index:25;}">
                <Coords points="2580,2340 3189,2335 3189,2290 2751,2301 2580,2283"/>
                <Baseline points="2590,2321 2620,2324 2650,2324 2680,2324 2710,2325 2740,2327 2770,2325 2801,2324 2831,2324 2861,2324 2891,2324 2921,2324 2951,2324 2981,2324 3012,2324 3042,2324 3072,2324 3102,2324 3132,2322 3162,2319 3193,2316"/>
                <TextEquiv>
                    <Unicode>geliehen, doch nur einen</Unicode>
                </TextEquiv>
            </TextLine>
            <TextLine id="tr_2_tl_27" custom="readingOrder {index:26;}">
                <Coords points="2584,2382 3203,2385 3203,2346 3171,2333 2584,2337"/>
                <Baseline points="2593,2369 2623,2369 2654,2369 2684,2369 2715,2369 2746,2371 2776,2371 2807,2369 2837,2369 2868,2369 2899,2369 2929,2369 2960,2369 2990,2369 3021,2369 3052,2369 3082,2369 3113,2369 3143,2369 3174,2368 3205,2366"/>
                <TextEquiv>
                    <Unicode>sich aus Interesse an dem ungen</Unicode>
                </TextEquiv>
            </TextLine>
            <TextLine id="tr_2_tl_28" custom="readingOrder {index:27;}">
                <Coords points="2579,2435 2742,2414 2843,2432 3129,2424 3129,2382 3073,2374 2997,2390 2910,2374 2579,2384"/>
                <Baseline points="2587,2411 2614,2413 2641,2413 2668,2412 2696,2412 2723,2414 2750,2412 2778,2412 2805,2414 2832,2413 2860,2411 2887,2413 2914,2414 2941,2414 2969,2414 2996,2414 3023,2412 3051,2412 3078,2414 3105,2414 3133,2414"/>
                <TextEquiv>
                    <Unicode>mischte, eine äußere achtung</Unicode>
                </TextEquiv>
            </TextLine>
            <TextLine id="tr_2_tl_29" custom="readingOrder {index:28;}">
                <Coords points="2684,2472 2777,2461 2795,2474 2811,2459 2910,2475 2981,2459 3094,2480 3094,2432 2981,2416 2850,2435 2811,2417 2682,2421"/>
                <Baseline points="2692,2456 2717,2456 2742,2456 2767,2456 2793,2457 2818,2458 2843,2459 2869,2459 2894,2457 2919,2456 2945,2456 2970,2457 2995,2458 3021,2459 3046,2459 3071,2458 3097,2456"/>
                <TextEquiv>
                    <Unicode>Die Darstellung</Unicode>
                </TextEquiv>
            </TextLine>
            <TextLine id="tr_2_tl_30" custom="readingOrder {index:29;}">
                <Coords points="2576,2513 3136,2517 3136,2472 2848,2474 2811,2458 2734,2477 2674,2443 2574,2440"/>
                <Baseline points="2584,2498 2611,2498 2639,2498 2667,2498 2695,2501 2722,2504 2750,2502 2778,2501 2806,2501 2833,2501 2861,2501 2889,2501 2917,2502 2944,2504 2972,2504 3000,2503 3028,2501 3055,2501 3083,2501 3111,2501 3139,2501"/>
                <TextEquiv>
                    <Unicode>Anatol, diesem großen Lieben</Unicode>
                </TextEquiv>
            </TextLine>
            <TextLine id="tr_2_tl_31" custom="readingOrder {index:30;}">
                <Coords points="2587,2548 2969,2564 3108,2548 3144,2564 3144,2517 3119,2511 2587,2508"/>
                <Baseline points="2596,2539 2623,2541 2651,2542 2678,2542 2706,2542 2734,2542 2761,2544 2789,2545 2816,2545 2844,2545 2872,2545 2899,2545 2927,2545 2954,2545 2982,2543 3010,2542 3037,2542 3065,2543 3092,2545 3120,2545 3148,2545"/>
                <TextEquiv>
                    <Unicode>und den Erinnerungsblumen</Unicode>
                </TextEquiv>
            </TextLine>
            <TextLine id="tr_2_tl_32" custom="readingOrder {index:31;}">
                <Coords points="2579,2590 2866,2606 2931,2588 2952,2608 3129,2595 3129,2563 3073,2551 2579,2550"/>
                <Baseline points="2587,2584 2614,2586 2641,2587 2668,2587 2696,2587 2723,2587 2750,2587 2778,2587 2805,2587 2832,2588 2860,2590 2887,2590 2914,2589 2941,2587 2969,2589 2996,2590 3023,2588 3051,2587 3078,2587 3105,2587 3133,2590"/>
                <TextEquiv>
                    <Unicode>Sentimentalität, gab Kur¬</Unicode>
                </TextEquiv>
            </TextLine>
            <TextLine id="tr_2_tl_33" custom="readingOrder {index:32;}">
                <Coords points="2579,2638 3192,2651 3192,2605 3161,2593 2966,2609 2935,2588 2872,2605 2579,2590"/>
                <Baseline points="2587,2629 2617,2631 2647,2632 2678,2632 2708,2632 2739,2633 2769,2635 2800,2633 2830,2632 2861,2632 2891,2632 2921,2633 2952,2635 2982,2635 3013,2632 3043,2629 3074,2629 3104,2629 3135,2630 3165,2634 3196,2635"/>
                <TextEquiv>
                    <Unicode>Träumer zu weich, zu unlebe</Unicode>
                </TextEquiv>
            </TextLine>
            <TextLine id="tr_2_tl_34" custom="readingOrder {index:33;}">
                <Coords points="2579,2680 2780,2700 2866,2680 3144,2685 3144,2647 3115,2640 2579,2638"/>
                <Baseline points="2587,2677 2615,2677 2643,2677 2671,2677 2699,2677 2727,2677 2755,2677 2783,2676 2811,2674 2839,2676 2867,2677 2895,2677 2923,2677 2951,2677 2979,2677 3007,2677 3035,2677 3063,2677 3091,2677 3119,2677 3148,2680"/>
                <TextEquiv>
                    <Unicode>an dem nach innen gekehrter</Unicode>
                </TextEquiv>
            </TextLine>
            <TextLine id="tr_2_tl_35" custom="readingOrder {index:34;}">
                <Coords points="2580,2726 3058,2735 3058,2685 2866,2679 2780,2700 2580,2680"/>
                <Baseline points="2590,2718 2616,2718 2642,2718 2668,2718 2694,2718 2721,2718 2747,2718 2773,2718 2799,2718 2826,2718 2852,2718 2878,2718 2904,2718 2930,2720 2957,2721 2983,2721 3009,2721 3035,2721 3062,2718"/>
                <TextEquiv>
                    <Unicode>tappenden großen Kinde</Unicode>
                </TextEquiv>
            </TextLine>
            <TextLine id="tr_2_tl_36" custom="readingOrder {index:35;}">
                <Coords points="2579,2768 3055,2784 3203,2777 3203,2739 2577,2727"/>
                <Baseline points="2587,2760 2618,2762 2649,2763 2680,2763 2711,2763 2742,2763 2773,2763 2804,2763 2835,2761 2866,2759 2897,2757 2928,2759 2959,2760 2990,2760 3021,2764 3052,2765 3083,2763 3114,2765 3145,2766 3176,2766 3208,2766"/>
                <TextEquiv>
                    <Unicode>lich zeichnete Kurt Westerm</Unicode>
                </TextEquiv>
            </TextLine>
            <TextLine id="tr_2_tl_37" custom="readingOrder {index:36;}">
                <Coords points="2580,2813 3203,2814 3187,2774 2580,2768"/>
                <Baseline points="2590,2808 2620,2806 2651,2805 2682,2806 2713,2808 2744,2806 2775,2805 2806,2805 2837,2807 2868,2808 2899,2808 2929,2808 2960,2809 2991,2811 3022,2811 3053,2809 3084,2808 3115,2808 3146,2808 3177,2807 3208,2805"/>
                <TextEquiv>
                    <Unicode>Füßen im wirklichen Leben stehen</Unicode>
                </TextEquiv>
            </TextLine>
            <TextLine id="tr_2_tl_38" custom="readingOrder {index:37;}">
                <Coords points="2579,2855 2750,2869 2884,2855 2916,2871 3126,2856 3126,2829 3065,2814 2579,2814"/>
                <Baseline points="2587,2850 2614,2850 2641,2850 2668,2850 2695,2850 2722,2850 2749,2850 2777,2849 2804,2847 2831,2848 2858,2850 2885,2850 2912,2850 2939,2850 2967,2850 2994,2850 3021,2852 3048,2852 3075,2850 3102,2850 3130,2850"/>
                <TextEquiv>
                    <Unicode>Charlotte Pils, das neue</Unicode>
                </TextEquiv>
            </TextLine>
            <TextLine id="tr_2_tl_39" custom="readingOrder {index:38;}">
                <Coords points="2580,2898 3082,2902 3074,2858 2916,2871 2885,2855 2582,2855"/>
                <Baseline points="2590,2895 2616,2894 2642,2895 2668,2895 2694,2895 2720,2895 2746,2895 2772,2895 2798,2895 2824,2895 2851,2895 2877,2895 2903,2895 2929,2895 2955,2895 2981,2895 3007,2895 3033,2895 3059,2893 3086,2889"/>
                <TextEquiv>
                    <Unicode>Gabriele die seelischen</Unicode>
                </TextEquiv>
            </TextLine>
            <TextLine id="tr_2_tl_40" custom="readingOrder {index:39;}">
                <Coords points="2579,2947 3105,2948 3105,2908 3052,2900 2579,2898"/>
                <Baseline points="2587,2939 2613,2939 2639,2939 2665,2939 2691,2938 2717,2936 2743,2937 2769,2939 2795,2939 2821,2939 2848,2939 2874,2939 2900,2939 2926,2939 2952,2939 2978,2939 3004,2940 3030,2942 3056,2941 3082,2939 3109,2939"/>
                <TextEquiv>
                    <Unicode>schmiedeten Dame der gro¬</Unicode>
                </TextEquiv>
            </TextLine>
            <TextLine id="tr_2_tl_41" custom="readingOrder {index:40;}">
                <Coords points="2579,2987 2739,3000 2769,2984 2797,3003 2839,2987 2898,3002 3095,2992 3095,2976 3023,2947 2579,2947"/>
                <Baseline points="2587,2978 2612,2980 2638,2981 2663,2981 2689,2982 2715,2984 2740,2984 2766,2984 2792,2984 2817,2984 2843,2984 2869,2984 2894,2984 2920,2984 2946,2984 2971,2982 2997,2981 3023,2983 3048,2985 3074,2987 3100,2987"/>
                <TextEquiv>
                    <Unicode>innerlich mit empfinden.</Unicode>
                </TextEquiv>
            </TextLine>
            <TextLine id="tr_2_tl_42" custom="readingOrder {index:41;}">
                <Coords points="2576,3029 3113,3047 3121,3002 3061,2985 2795,3003 2763,2982 2730,3006 2574,2987"/>
                <Baseline points="2584,3023 2611,3025 2638,3026 2665,3026 2692,3026 2719,3026 2746,3024 2774,3024 2801,3026 2828,3026 2855,3026 2882,3026 2909,3027 2936,3029 2964,3028 2991,3026 3018,3026 3045,3026 3072,3026 3099,3026 3127,3026"/>
                <TextEquiv>
                    <Unicode>Bianca in ihrem Aeußer</Unicode>
                </TextEquiv>
            </TextLine>
            <TextLine id="tr_2_tl_43" custom="readingOrder {index:42;}">
                <Coords points="2572,3077 3132,3092 3186,3068 3186,3045 3136,3034 2572,3031"/>
                <Baseline points="2581,3068 2611,3071 2641,3071 2672,3070 2702,3068 2733,3070 2763,3070 2794,3068 2824,3068 2855,3068 2885,3069 2915,3071 2946,3071 2976,3071 3007,3071 3037,3071 3068,3071 3098,3071 3129,3071 3159,3069 3190,3065"/>
                <TextEquiv>
                    <Unicode>an ihre Episode mit Anatol.</Unicode>
                </TextEquiv>
            </TextLine>
            <TextLine id="tr_2_tl_44" custom="readingOrder {index:43;}">
                <Coords points="2569,3126 3207,3126 3207,3084 2569,3076"/>
                <Baseline points="2578,3112 2609,3112 2641,3112 2672,3112 2704,3112 2736,3112 2767,3112 2799,3112 2831,3112 2862,3112 2894,3112 2926,3112 2957,3112 2989,3112 3021,3112 3052,3112 3084,3113 3116,3115 3147,3115 3179,3116 3211,3118"/>
                <TextEquiv>
                    <Unicode>mit dem gesunden Appetitur.</Unicode>
                </TextEquiv>
            </TextLine>
            <TextLine id="tr_2_tl_45" custom="readingOrder {index:44;}">
                <Coords points="2579,3173 3060,3163 3108,3184 3195,3163 3195,3126 3155,3121 2579,3119"/>
                <Baseline points="2587,3160 2617,3158 2648,3157 2678,3157 2709,3159 2740,3159 2770,3157 2801,3157 2831,3157 2862,3157 2893,3157 2923,3158 2954,3160 2984,3160 3015,3160 3046,3160 3076,3160 3107,3160 3137,3160 3168,3160 3199,3160"/>
                <TextEquiv>
                    <Unicode>Helene von Sonnenthal</Unicode>
                </TextEquiv>
            </TextLine>
            <TextLine id="tr_2_tl_46" custom="readingOrder {index:45;}">
                <Coords points="2569,3207 3207,3215 3207,3152 3106,3184 3060,3163 2569,3166"/>
                <Baseline points="2578,3202 2609,3200 2641,3199 2672,3199 2704,3201 2736,3200 2767,3199 2799,3199 2831,3201 2862,3203 2894,3205 2926,3203 2957,3202 2989,3202 3021,3202 3052,3202 3084,3203 3116,3205 3147,3203 3179,3202 3211,3202"/>
                <TextEquiv>
                    <Unicode>wachen Zustand aber noch ein</Unicode>
                </TextEquiv>
            </TextLine>
            <TextLine id="tr_2_tl_47" custom="readingOrder {index:46;}">
                <Coords points="2572,3258 3202,3257 3202,3207 2572,3205"/>
                <Baseline points="2581,3247 2612,3245 2643,3244 2674,3244 2705,3244 2737,3244 2768,3244 2799,3244 2830,3244 2861,3244 2893,3244 2924,3244 2955,3245 2986,3247 3017,3245 3049,3245 3080,3247 3111,3250 3142,3248 3173,3247 3205,3247"/>
                <TextEquiv>
                    <Unicode>Ilona im fünften Bild mit Her</Unicode>
                </TextEquiv>
            </TextLine>
            <TextLine id="tr_2_tl_48" custom="readingOrder {index:47;}">
                <Coords points="2566,3299 2942,3310 3102,3287 3195,3313 3195,3257 2566,3255"/>
                <Baseline points="2575,3288 2606,3288 2637,3288 2668,3288 2699,3288 2731,3289 2762,3290 2793,3288 2824,3288 2855,3288 2887,3288 2918,3288 2949,3288 2980,3288 3011,3288 3043,3288 3074,3288 3105,3286 3136,3289 3167,3291 3199,3291"/>
                <TextEquiv>
                    <Unicode>gehenden süßen Mädeln“ ent</Unicode>
                </TextEquiv>
            </TextLine>
            <TextLine id="tr_2_tl_49" custom="readingOrder {index:48;}">
                <Coords points="2569,3332 2724,3353 2943,3332 3189,3344 3189,3300 3102,3287 3024,3313 2971,3295 2569,3297"/>
                <Baseline points="2578,3327 2608,3329 2639,3330 2670,3330 2701,3332 2731,3333 2762,3333 2793,3331 2824,3331 2854,3333 2885,3333 2916,3333 2947,3333 2977,3333 3008,3335 3039,3336 3070,3336 3100,3334 3131,3334 3162,3336 3193,3333"/>
                <TextEquiv>
                    <Unicode>Warum stellt man die Hermine</Unicode>
                </TextEquiv>
            </TextLine>
            <TextLine id="tr_2_tl_50" custom="readingOrder {index:49;}">
                <Coords points="2574,3394 2642,3374 2697,3394 3205,3390 3203,3352 3169,3340 2730,3355 2572,3337"/>
                <Baseline points="2581,3372 2612,3374 2643,3375 2675,3375 2706,3375 2737,3375 2769,3375 2800,3375 2831,3375 2863,3375 2894,3375 2925,3375 2957,3376 2988,3378 3019,3378 3051,3378 3082,3378 3113,3378 3145,3380 3176,3381 3208,3381"/>
                <TextEquiv>
                    <Unicode>In den kleinen Rollen bewähr</Unicode>
                </TextEquiv>
            </TextLine>
            <TextLine id="tr_2_tl_51" custom="readingOrder {index:50;}">
                <Coords points="2566,3426 3198,3432 3198,3389 3137,3384 3023,3402 2992,3384 2566,3382"/>
                <Baseline points="2575,3420 2606,3418 2637,3418 2669,3420 2700,3422 2731,3422 2763,3421 2794,3423 2825,3423 2857,3423 2888,3423 2919,3423 2951,3423 2982,3423 3013,3423 3045,3423 3076,3423 3107,3423 3139,3421 3170,3421 3202,3423"/>
                <TextEquiv>
                    <Unicode>Franz Herrmann. Die Bi</Unicode>
                </TextEquiv>
            </TextLine>
            <TextLine id="tr_2_tl_52" custom="readingOrder {index:51;}">
                <Coords points="2576,3474 2708,3494 2811,3465 2906,3497 2960,3470 3195,3492 3195,3431 2576,3437"/>
                <Baseline points="2584,3465 2614,3463 2645,3462 2676,3462 2707,3462 2737,3462 2768,3462 2799,3464 2830,3465 2860,3465 2891,3468 2922,3466 2953,3465 2983,3465 3014,3467 3045,3468 3076,3468 3106,3468 3137,3468 3168,3468 3199,3468"/>
                <TextEquiv>
                    <Unicode>behaglicher und stimmungsvoll</Unicode>
                </TextEquiv>
            </TextLine>
            <TextLine id="tr_2_tl_53" custom="readingOrder {index:52;}">
                <Coords points="2576,3507 2798,3528 3003,3513 3124,3545 3189,3531 3187,3478 3021,3474 2910,3500 2810,3463 2721,3494 2576,3474"/>
                <Baseline points="2584,3500 2614,3502 2644,3503 2675,3503 2705,3505 2736,3506 2766,3506 2797,3506 2827,3507 2858,3509 2888,3511 2918,3512 2949,3512 2979,3512 3010,3512 3040,3513 3071,3515 3101,3517 3132,3518 3162,3518 3193,3518"/>
                <TextEquiv>
                    <Unicode>Haus, nachdem der Vorhang</Unicode>
                </TextEquiv>
            </TextLine>
            <TextLine id="tr_2_tl_54" custom="readingOrder {index:53;}">
                <Coords points="2576,3565 2700,3550 3042,3574 3058,3568 3058,3536 3005,3513 2989,3528 2869,3528 2722,3503 2685,3520 2574,3507"/>
                <Baseline points="2584,3548 2609,3548 2634,3548 2659,3546 2684,3545 2709,3545 2734,3545 2760,3545 2785,3548 2810,3551 2835,3553 2860,3554 2885,3554 2911,3555 2936,3557 2961,3557 2986,3557 3011,3557 3036,3557 3062,3560"/>
                <TextEquiv>
                    <Unicode>Anatols" gesenkt hatte.</Unicode>
                </TextEquiv>
            </TextLine>
            <TextLine id="tr_2_tl_55" custom="readingOrder {index:54;}">
                <Coords points="2676,3644 2724,3629 2792,3652 2943,3620 3077,3644 3137,3621 3205,3641 3213,3570 3095,3549 3040,3576 2934,3555 2672,3562"/>
                <Baseline points="2683,3593 2709,3593 2736,3594 2763,3598 2789,3599 2816,3599 2843,3602 2869,3605 2896,3605 2923,3605 2950,3605 2976,3607 3003,3608 3030,3608 3056,3609 3083,3611 3110,3611 3136,3611 3163,3611 3190,3611 3217,3611"/>
                <TextEquiv>
                    <Unicode>Das Großherzogs</Unicode>
                </TextEquiv>
            </TextLine>
            <TextLine id="tr_2_tl_56" custom="readingOrder {index:55;}">
                <Coords points="2563,3649 2585,3642 2611,3650 2626,3650 2640,3641 2650,3649 2658,3649 2658,3595 2637,3592 2632,3597 2593,3574 2576,3584 2563,3583"/>
                <Baseline points="2572,3635 2602,3635 2632,3635 2662,3635"/>
                <TextEquiv>
                    <Unicode>bei.</Unicode>
                </TextEquiv>
            </TextLine>
            <TextEquiv>
                <Unicode></Unicode>
            </TextEquiv>
        </TextRegion>
    </Page>
</PcGts>
