3248 4320
102 183 608 268 4.9. Anato
1225 173 1580 265 box 9/4
836 181 1023 254 ku
1169 464 1761 526 1. Osten. Generalen Konzessioniertes
1169 508 1773 568 Unternehmen für Zeitungs-Ausschnitte
1171 542 1777 603 Wien 1, Wollzeile 11, Telephon R-23-0-43
909 727 1834 816 Extras din.
1790 794 1876 880 nie
915 827 1799 922 Data sept ca¬
1014 993 2427 1092 Vena, tradita teata saa
1572 1096 2411 1174 de ION MARIN SADOVEAU
1028 1165 2414 1220 De mult, Viena a ados interesu buna parte a inscenarior sale
993 1213 1708 1260 lui pecare il prezintä pentu toti
1766 1218 2449 1269 si pictorii scenografi s'au intors
993 1251 1706 1300 calatorii care o strabat, si atracta
1737 1264 2444 1330 si se intore inca inclinati spre tre¬
986 1284 1921 1355 special a vietii sale teatrale. In cutul lor.
986 1328 1711 1377 ani de dupa razbou, complicatele
1771 1319 2447 1399 Nu de mult, Viena, care si-a or¬
995 1372 1706 1412 laboratorii teatrale in cautare de
1733 1381 2440 1434 ganizat teatral in succursale char¬
993 1410 2440 1477 formule noui pentru viata scene, Salzburg, ca pro important a¬
986 1441 1706 1490 lucrau deopotriva de intens la Vie¬
1733 1459 2444 1518 tractie de turism, a stit sa fac¬
986 1488 1706 1532 na, ca pretutinden de altfel, ca¬
1740 1499 2440 1545 parte aceste activitati culturale,
986 1527 1706 1572 pään totus aci, o intensitate si
1733 1541 2454 1589 incadrando si in nobile cercer
986 1565 1706 1624 varietate care au faut faima. Se
1737 1580 2438 1622 sint, suite du mari sacri¬
986 1598 2447 1660 incercau toate formulele scenes, ficii. E si un sen al vremit noastre
986 1649 2449 1706 cace nu insern in altural spiritus, si tracte
983 1687 2440 1746 de aceste experiente, vechea tradi¬ special, rästä in interesu si a-
986 1720 1693 1777 tie a teatrului viene er lästä in
1728 1735 2444 1779 tentia acostui oras pentru teatru
986 1750 1160 1812 pääsire.
1757 1775 2440 1817 Astrel, s’a instalat in Josefsplatz,
1023 1768 2440 1854 De la Burg, prin Opera mare si chiar intrunul din etajele noului
981 1819 1702 1877 pänä in vecini via operet, la Vie-
1729 1846 2440 1905 palat imperial, aca Biblioteca
975 1874 1697 1923 na s'a pastrat mereu un acelas still,
1728 1888 2438 1927 national de teatru, care in reali¬
984 1916 1691 1971 care dades o culare special ge¬
1719 1927 2449 1985 tate nu e decat un vast institut de
975 1950 1603 1998 nullor, temelor si formulelor.
1720 1969 2444 2013 cercetari, folosindu-se tot ce s'a
1014 1981 1700 2034 Nu trebuje uitat ca Austria si in
1733 2003 2438 2045 putut asi in vechte erhive vie¬
975 2005 1700 2071 special Viena imperiala, care in
1728 2038 2440 2086 nez, ou ceste institutie de
977 2069 2438 2120 teatru cel purin reste mal departe valore incomparabili pentru in¬
977 2107 1687 2153 pe temelle ei vechi indiferent de
1720 2117 2444 2168 treaga istorie a teatrului european,
975 2144 1695 2184 accidental si desemnul de supra fa¬
1724 2159 2431 2219 dar mai ales pentru tradita si sti¬
975 2177 1695 2234 ta, sunt reprezentantele, cale mai
1724 2193 2106 2254 lul teatrului vienen.
970 2217 1689 2263 autentice ale Barocului. Acest Ba¬
1751 2221 2440 2272 Aceasta „Biblioteca de teatrum es¬
973 2257 2440 2328 ro, la infiltrat still. Si lucrut à te asti condus cuo rabare de
975 2290 1700 2341 fost perfect simit de Reinhardt,
1728 2305 2447 2352 benedictin sio luminosa minte
977 2334 1687 2381 care de cate or in climat austria
1720 2341 2440 2385 de amicul meu dr. Josef Gregor, cer¬
977 2376 1678 2434 a montat Visul une noti de var
1715 2389 2434 2436 nautean de origina, care publica re¬
975 2411 1691 2454 al lui Shakespeare, s'a last dus de
1724 2425 2440 2465 gulat in fara de mari lucrari de¬
977 2451 1693 2495 inspiratia acosta, culas into
1726 2465 2438 2513 istorie teatral si doctrina, mape
972 2493 1687 2557 numitä epoca, atat de caracteris-
1719 2496 2440 2557 intregi de valoroase reproducer.
968 2528 1214 2590 tica Vienei.
1719 2542 2434 2602 Doctorum Gregor a descoperit in ar¬
1028 2542 1697 2615 In prefata la „Anatol, Arthur
1724 2575 2444 2622 hivele teatrelor de curte nu de
970 2604 1698 2652 Schintzler, medicus devenit scritor
1724 2613 2440 2666 mult, toute machetele de decorri¬
970 2646 1691 2694 atado autentic viene altri de
1719 2652 2434 2716 figurinele costumelor, pentru o ac¬
977 2686 2440 2749 Hugo von Hofmannsthal, in versur tivitate de cateva zeci de an, ale
966 2721 1687 2769 scurte si pline de culare, amintes¬
1720 2736 2431 2796 famosi Burnacini, picorusce¬
970 2763 1689 2805 te tomai Viena acestei epoci, in¬
1719 2770 2431 2812 nograf, si zicem oficial, al teatre¬
972 2800 1675 2845 diferent à mai tarzi, in „Reigen
1719 2812 2431 2875 lor imperiale, de pe limita vacuri¬
975 2834 1687 2906 do fata de decadent aceleras.
1717 2843 2084 2907 lor XVII si XVIII.
973 2878 1101 2931 Vienne.
1744 2867 2438 2933 Descoperirea aceasta a fost ca un
1012 2920 2434 2973 Dar Hugo v. Hofmannsthal el in stilli venez, si in cela
972 2962 2431 3002 sus, e integrat in acetas atmosfera, time isvorul autentic, al une in¬
966 2997 1682 3044 E suficient sa amintes libretur o¬
1715 3001 2431 3057 tregi conceptii scenografice, purtand
962 3044 2431 3090 perei „Cavaleru rozei scris pentru in varietate sa mensa pecetia u¬
970 3072 1689 3116 Richard Strauss. Si insäsi prelucra¬
1719 3079 2060 3137 nei aceleas epoci.
970 3110 1684 3158 rile sale: „Vercine" si Marele Ta¬
1744 3094 2431 3163 Lucrul se evidentia pote si mai
972 3152 1687 3194 tra al Lume", cu tota inspiratia
1719 3154 2440 3198 mult, in far de cadre le stricte ale
975 3190 1687 3243 medieval adus de material, in pa-
1715 3196 2434 3242 teatrului. Vechiul mester a las un
977 3222 1684 3269 toul lor in pledoaria crestin de
1715 3236 2431 3278 material imens intricat priveste
975 3265 1691 3318 culare catolica, depaseste cumult
1719 3274 2431 3318 teatralizarea vietii adice, forte
977 3304 1684 3344 didacticismus naiv al Evului Me¬
1715 3311 2431 3362 obicinuitele cortegii alegorice, att
966 3344 2429 3391 diu, apropinduse sintitor de mo- de dragi Barocului, ca si lume so¬
972 3379 1687 3444 delu drame jezuite, care stapanes¬
1715 3384 2438 3432 vietice de astazi, de altfel. Aci eo
972 3419 1687 3464 te ravnele si alarmele une lumi
1719 3424 2429 3474 intrag gam de personagii, car¬
962 3459 1687 3503 de plin Baroc. cum est aceca care
1715 3463 2438 3508 merge dela se en pana la grotes.
972 3494 1684 3561 dinueste in still austriac, in spe¬
1715 3499 2431 3547 Cecace este desebit de interesant
966 3536 1207 3592 cial vienez.
1717 3541 2434 3590 de remarcat, e ca fantezia lasta
1008 3550 1687 3620 Dac insis literatura modern
1715 3581 2438 3631 liber in fata acestor tem mult
972 3605 1687 3656 venez, strueste atat de mult in
1715 3610 2431 3662 mai largi, inventa, construeste, a¬
972 3654 2431 3700 aceste aminiri, aceasta nu inseam- larga pe linie si culare, dar se
962 3689 1682 3733 na, ca cellati artisti, cand colabo¬
1715 3696 2431 3747 exprimé humai in cuprinsul une
966 3727 1686 3775 reza la spectacle autentice vie¬
1715 3738 2422 3777 aceleast formule, unui acelulas sa¬
966 3764 1684 3835 nere, uita o clipa vechile lor influ¬
1715 3769 2434 3817 bion de neinfrant care este dictat
975 3808 1070 3861 ente.
1711 3811 2290 3870 de época in care a inflarit.
999 3822 1691 3917 Regisorit — model Reinhardt, cu¬
