3344 4256
1444 199 1797 284 box 9/1
900 190 1247 290 Zyklu-
326 199 1006 317 4.9. Anatol
722 260 827 314 .
957 903 1453 988 Mailand, Minneapons,
532 936 1519 1027 Paris, Rom, San Francisco, Stockholm, St. Petersburg.
840 1012 1244 1069 (Quellenge eine Gew).
498 1039 1525 1163 Ausschaft Strassburger Post
495 1145 1069 1259 von
1845 1332 3041 1428 Schwermütigkeiten brachte die Vorstellung noch zwei muntere Scherze.
915 1362 1534 1459 Straßburger Stadttheater.
1851 1410 3035 1465 Zunächst die Episode. Anatol hat seinem Freunde von einem schönen
1157 1441 1314 1516 Anatol.
1845 1450 3035 1507 Kinde berichtet, das ihm früher einmal einen köstlichen Abend geschenkt
1854 1495 3053 1543 hat. Damals war sie bei ihm in all ihrer Lieblichkeit. Er saß an dem
1262 1489 1791 1552 K. S. Straßburg, 13. April.
1848 1528 3041 1579 Klavier und phantasierte, zu seinen Füßen lag Bianka, ihr goldenes
673 1525 1818 1619 In einem Vorwort zu Schnitzlers Anatol-Einaktern, dieser Sannn
1845 1567 3035 1619 Haar überrieselt von den blauen und roten Lichtern einer Ampel. Und
631 1576 1818 1652 lung geistreicher dramatischer Dinge, hat Hugo v. Hofmannsthal ein
1845 1613 3038 1661 er erzählt, daß dieses Mädchen ihn wahrhaft geliebt habe, daß er für
628 1622 1598 1676 mal des Freundes Art sehr hübsch bezeichnet. Er sagte:
1854 1649 3044 1700 sie gewiß das Schicksal geworden sei. Bald darauf taucht die Geliebte
924 1664 1350 1712 Also spielen wir Theater
1845 1688 3035 1743 auf. Doch siehe! Sie kennt ihn gar nicht mehr, verwechselt ihn sogar
927 1676 1447 1749 Spielen unsere eignen Stücke
1845 1724 3044 1779 mit einem andern, und Anatol stürmt, um eine schmerzliche Erfahrung
921 1721 1622 1803 Früh gereift und zart und traurig
1848 1770 3041 1833 reicher, von neuem ins Leben und zu den Frauen. Zum Schluß endlich
924 1785 1456 1839 Die Komödie unserer Seele...
1845 1809 3035 1854 gab es Anatols Hochzeitsmorgen. Die letzte Junggesellennacht
667 1785 1821 1869 Kürzer und schlagender hätten die kleinen Bilder aus dem Leben
1848 1851 3038 1900 nach dem Polterabend, hat Anatol auf der Redoute durchbraust. Die
622 1839 1691 1921 des Wiener Junggesellen und Schwerenöters Anatol
1733 1866 1830 1915 nicht
1854 1881 3038 1936 fesche Ilona hat ihn nach Haus begleitet, nun ist der
619 1884 1824 1951 charakterisiert werden können. Wenn sie an uns vorüber¬
1848 1924 3038 1975 Morgen da, und die Hochzeitsglocken wollen läuten. Jetzt gilt es,
631 1933 1824 1984 flattern wie bunte Schmetterlinge im Sonnenschein, farben¬
1845 1960 3035 2014 Abschied nehmen von der goldenen Freiheit. Ilona aber macht ihm da¬
634 1978 3038 2051 glänzend und über Blumen gaukelnd, möchte man glauben, Scheiden schwer. Sie ahnt, daß sie den Freund verlieren soll, und
628 2017 3035 2090 Schnitzler habe in diesen munteren Sächelchen ein Stück seines eigenen alles Lügen und Ausreden hilft nichts. Als sie die Wahrheit erfährt,
619 2051 1818 2105 Lebens und einen Teil seiner eigenen Liebe und Schwärmerei nieder¬
1848 2081 3032 2138 gibt es die tollste Szene. Nur Anatols Freund, der kluge, skeptische
625 2090 1821 2144 gelegt. Jedenfalls klopft und zittert in ihnen das „goldene Wiener
1848 2120 3032 2174 Max, weiß die Rasende zu bändigen. Während Anatol zur Trauung eilt
625 2135 3041 2214 Herz, von dem ja die Sage geht, es sei etwas anderes als die übrigen beruhigt er sie. Warum denn so aufgeregt? Muß man sich denn tren¬
625 2168 1821 2223 Menschenherzen, es sei wärmer, leidenschaftlicher, unbeständiger, aber
1848 2199 3032 2250 nen? Wer weiß, vielleicht kehrt Anatol bald wieder in ihre Arme
616 2205 1827 2265 auch aufrichtiger und darum verzeihungswürdiger als die Herzen der
1854 2235 3032 2292 zurück, trotz junger Frau und Ehe! Und Ilona versteht das. Mit einem
616 2253 3038 2328 anderen, die nicht das Glück hatten, in der einzigen Wernerstadt, an vielsagenden „Auf Wiedersehen" läßt sie sich, nun endlich beruhigt, aus
625 2283 1824 2344 der schönen blauen Donau beheimatet zu sein. Aber sind es auch
1848 2313 3038 2371 der verlassenen Junggesellenwohnung führen. Das alles bringt Schnitz¬
625 2325 1821 2380 keine Selbstbekenntnisse und Selbsterlebnisse des Verfassers, die im
1848 2350 3029 2407 ler mit Geist und Witz zum Vortrag. Sein seiner Geist und sein liebens¬
622 2362 3032 2452 Anatol uns vorgeführt werden, so sind es doch die Erlebnisse eines würdiger Humor bewahren ihn vor jeder Taktlosigkeit; er kann und dar
622 2401 3041 2492 Vollblutwieners, für den es nichts Schöneres und Höheres auf der alles sagen, weil er stets anmutig bleibt und im entscheidenden Augen¬
616 2440 3026 2537 lustigen Welt gibt, als lieben und geliebt zu werden; Bekenntnisse blick die hohe Kunst des Schweigens versteht. Die Aufführung der vie¬
619 2488 1815 2540 einer zärtlichen Seele, über der bei allem Leichtsinn und aller Lustig¬
1842 2507 3032 2561 Niedlichkeiten war ziemlich flott und artig. Herr v. Prangen als
619 2516 3035 2603 keit doch etwas Schwermütiges und Banges schwebt, wie etwa über Anatol hatte in Rede und Haltung Geschmack und den erforderlichen
616 2558 3032 2642 den Walzern und Polonnaisen Chopins, in deren frischen Rhythmen ja Charme, wenn manches auch noch schärfer pointiert und hinreißender
622 2600 1815 2649 auch so etwas unfaßbar Ernstes mitschwingt. Von diesen reizenden
1842 2621 3032 2679 hätte geboten werden können. Den vielerfahrenen Freund Max spielte
625 2636 1809 2694 Stückchen bekamen wir heute Nachmittag in der zweiten literari
1842 2664 3029 2712 Herr Ernst gewandt und welterfahren; nur die Deutlichkeit ließ mitunter
625 2673 1809 2733 schen Vorstellung des verwehenden Theaterwinters vier der zier
1836 2709 3032 2766 etwas zu wünschen übrig. Auch die Damen Bozena Zajic (Cora),
613 2712 3035 2800 lichsten und geistreichsten zu hören. Den Anfang machte die Frage Krüger-Michaelis (Gabriele), Meißner (Bianca) und Lang¬
619 2754 1809 2812 an das Schicksal. Anatol, der Ewig=Verliebte und Ewig-Treulose
1851 2778 3035 2833 felder (Ilona) fügten sich anmutig in den bunten Rahmen ein. Im
619 2790 1812 2845 ist überzeugt, daß sein gegenwärtiger Schatz, die niedliche Cora, ihm
1839 2818 3035 2872 leider nur schwach besuchten Hause herrschte von Anfang an angeregte
616 2836 3035 2914 ebensowenig die Treue hält, wie er ihr. Er möchte sich Gewißheit Stimmung. Man freute sich über die geistreichen Einfälle und nahm die
610 2866 1809 2938 verschaffen und benutzt dazu auf den Rat seines Freundes, des Skep¬
1839 2893 3035 2948 kleinen Pikanterien mit liebevollem Verständnis auf. Zu sittlichen Ent¬
610 2911 1812 2963 tikers Max, die Hypnose. Nun sitzt das Mädel in tiefstem Schlafe von
1839 2935 3032 3002 rüstungen lag auch wahrlich kein Anlaß vor. Das Leben ist nun ein¬
610 2941 1794 3005 ihm. Er kann sie ausfragen, er darf an das „Schicksal eine Frage
1836 2972 1969 3026 mal sol
616 2984 1809 3047 stellen, darf allen Zweifeln ein Ende machen, im entscheidenden Augen¬
610 3023 1803 3080 blicke aber fehlt ihm der Mut zur Wahrheit. Warum etwas hören
613 3065 1818 3123 was ihm Pein verursacht? Möglich, daß Cora ihn betrügt, möglich
613 3111 1809 3159 auch, daß sie ihn wirklich liebt. Die Hauptsache ist doch, daß er zurzeit
604 3150 1812 3195 unter dem Einfluß ihres lieben Wesens steht und sich glücklich fühlt.
613 3180 1806 3240 So weckt er sie auf. Die Frage an das Schicksal bleibt ungetan, und
601 3207 1800 3280 das Mädel schmiegt sich in frischerwachender Zärtlichkeit an ihn an
607 3256 1806 3319 Dann kamen die Weihnachtseinkäufe. Auf der winterlichen Straße
604 3298 1800 3361 hat Anatol eine Dame der vornehmen Welt getroffen. Er möchte ihr
607 3334 1803 3391 den Hof machen, möchte ihr artig zu erkennen geben, daß sein Her¬
604 3373 1803 3440 heimlich für sie glüht, die junge Frau aber weicht ihm aus, und ehe
607 3419 1800 3476 er es sich versieht, muß er ihr von seinem kleinen Vorstadtmädel er¬
607 3455 1803 3512 zählen, gibt er der, die er erobern möchte, Aufschlüsse über eine andere
604 3488 1818 3548 Zum Lohne dafür darf er dem armen Mädel draußen in der Arm¬
610 3539 1803 3588 seligkeit die Blumen der gnädigen Frau bringen, und die Gnädigste
604 3573 1812 3630 fügt der Gabe die sanft resignierenden Worte bei: „Sagen Sie Ihrer
601 3609 1809 3666 Liebsten, die Blumen seien von einer, die auch so lieben möchte, wie
601 3648 1827 3745 Sie, die aber nicht den — Mut zu solcher Liebe hat." Neben diesen kleinen
