3484 4352
1394 173 1758 282 box 8/4
272 160 894 286 4.9. Anatol-
1017 177 1200 286 klu-
1010 224 1102 292 4
745 547 1102 649 „OBSERVER
711 619 1170 731 I. österr. behördl.
762 683 1112 775 konzessionirtes
850 738 1027 813 Bureau
714 768 1132 901 für Leichten
840 853 1013 918 Wien, I.
738 874 1098 989 Konkordiaplatz 4
585 976 1411 1149 Neuigkeits Weltblatt. Wie¬
768 1115 1173 1224 -. DEZ. 1910
513 1176 1533 1295 Deutsches Volkstheater. Zum erstenmal „Anatol
544 1255 1537 1353 fünf Einakter von Artur Schnitzler, Uebereifrige
544 1312 1544 1384 Freunde haben Artur Schnitzler bewogen, seinen Anatol¬
544 1360 1537 1431 Zyklus auf die Bühne zu bringen. Man hat ihn übel
544 1404 1537 1476 beraten. Dieses Stimmungs=Filigran, diese Empfindungs¬
544 1452 1530 1520 Seisenblasen mit ihren huschenden, trisierenden Farbe
537 1499 1533 1581 vertragen das grelle Lampenlicht nicht. Nur „Abschieds¬
541 1544 1533 1629 souper" und „Anatols Hochzeitsmorgen" konnten es zu
534 1601 1530 1669 einiger Wirkung bringen, wenn auch zu keiner reinen.
524 1625 1527 1717 Namentlich der Hochzeitsmorgen hinterläßt in der
507 1676 1527 1751 brutalen Deutlichkeit der Bühne einen üblen Eindruck,
534 1737 1533 1805 während er beim Lesen vergnügte Heiterkeit auslöst.
527 1785 1527 1853 Die Schnitzler=Gemeinde füllte das Haus und jubelte
520 1819 1540 1890 in blinder Begeisterung. Daß Haß und Liebe nur von
527 1870 1142 1982 der Uebertreibung leben können!
1788 2003 2927 2081 Von den Fren am Hause gewürgt, wollte von Kabinen
605 2009 1758 2091 Textinnoustrie gewinnen, die Liberalen hofften in Liver¬
2955 2020 3159 2108 beginnen.
1788 2071 2924 2145 sich in den Wahlen zu einer selbständigen Majorität durch¬
612 2077 1765 2149 pool einzudringen, und beide warben mit der höchsten
1785 2166 3356 2234 künstlerischer und wohl auch poetischer sind, hat niemals er kam. Artur S.
704 2186 1295 2271 Die heutige Nummer enthält:
2965 2213 3342 2281 „Grünen Kakadu".
1785 2220 2829 2295 ein liebenswürdigeres geschrieben als den „Anatol.
700 2237 1751 2343 „Verkehrs- und Industrie-Zeitung"
2972 2254 3369 2336 Dämmerseelen", den
1870 2258 2927 2353 Freilich, als dieses liebenswürdige Buch damals er¬
2972 2309 3363 2383 sammen haben schli
1785 2329 2924 2397 schien, ging es ihm, wie es den liebenswürdigen Büchern
605 2322 1758 2404 „Die Wasserversorgung von Wien.“ Eine
2965 2360 3359 2428 macht. Mit der 3
1785 2383 2842 2445 im Anfang meistens geht: Es blieb unbeachtet.
2958 2407 3373 2482 Jungen Wien gewor¬
612 2387 1751 2489 technische Studie. Vom städtischen Baurat Inge¬
1785 2421 2931 2509 drängte sich nicht auf, bettelte nicht um Notizen, anti¬
3043 2451 3369 2523 Daß dieser Wer
1785 2479 2924 2540 chambrierte nicht in den Vorzimmern der Mächtigen. So
612 2468 1697 2564 nieur Dr. Martin Paul. Seit 25 bis 27.
1795 2475 3342 2594 ließ man es liegen, wo es eben lag, und das Geschäft Im übrigen ist er
2958 2543 3363 2618 Goethesche Gestalt zu
700 2550 877 2642 Ferner:
1795 2587 2934 2638 des Tages ging daran vorüber. Auch sein Inhalt war
2968 2598 3359 2662 junge Goethe, so ist
704 2587 1758 2706 Die Fortsetzung des Romans „Rudolf
1799 2615 2934 2696 ja schließlich kein solcher, daß man davor hätte stehen
2958 2638 3363 2713 einem gewissen Abst
1785 2672 2931 2740 bleiben müssen. Sieben zärtliche Abenteuer des zärtlichen
2961 2689 3369 2761 Vase, gefüllt mit de
605 2662 1734 2768 Ardagger“ von Engen Wrany. Seite 24.
1785 2720 2938 2778 Helden Anatol lieferten den Stoff zu sieben kleinen, nur
2958 2740 3366 2802 Reiz des Anatolan
1795 2768 2938 2829 durch die Figur des gemeinsamen Helden in eine lose
2961 2785 3369 2853 deutung. Denn wen
1792 2805 2931 2876 Verbindung gebrachten Einaktern. Es war das Genre
2961 2836 3359 2897 nennt, so tut er da
605 2795 1557 2944 Feuilleton.
1785 2859 2938 2931 des sogenannten Proverbs, das ein halbes Jahrhundert
2968 2876 3356 2948 Wohl ist er wie so
1799 2914 2927 2978 früher Musset in Frankreich kreiert hatte. Man ließ sich
2958 2924 3352 2992 Melancholiker. So
1037 2910 1360 3006 Der Anatol.
1792 2955 2931 3026 diese Proverbs sehr gerne gefallen, wenn sie von Musse
2961 2968 3359 3033 recht. Aber diese le
711 2978 1754 3057 Vor achtzehn Jahren ist auf dem Wiener Büchermark
1795 3016 2934 3077 oder einem anderen Pariser verfaßt waren und im alten
2968 3023 3356 3094 noch keine Anatols
626 3043 1765 3118 ein schmächtiger neuer Band erschienen, der den zugleich
1795 3053 2934 3125 Burgtheater gespielt wurden. Daß das auch ein Wiener
2965 3070 3359 3145 ist eine Kleinigkeit
622 3084 1765 3148 elegant und einfach klingenden Titel „Anatol“ trug. Ein
1799 3104 2934 3172 machen könne, glaubte man nicht recht, wollte es nicht
2972 3114 3359 3186 „Mein kleiner Dich
632 3135 1771 3210 junger Dichter, namens Schnitzler, führte sich damit ein,
1805 3148 2927 3227 glauben. Es waren ja dazumal polemische Zeitläufte, ein
2961 3165 3356 3244 Gesponsin, zu ihm
629 3176 1765 3247 und ein anderer, noch die jüngerer, der sein Knaben¬
1799 3199 2934 3261 neue Kunst wurde ausgerufen, ein neuer Frühling pro¬
2972 3210 3359 3278 gefunden, obwohl
636 3230 1765 3301 gesicht unter dem melodischen Decknamen Loris borg, ga¬
1795 3250 2931 3315 klamiert und man wollte nichts wissen von dem neuen
2965 3261 3335 3325 Anatol ist wirklich
636 3278 1771 3342 dem älteren Freunde das Geleite. Wie klangen sie nur,
1802 3298 2938 3369 Frühling, behandelte ihn als ungebetenen Gast. „Und
2965 3308 3359 3376 würdigen Sorte, ein
636 3318 1771 3424 jene zierlich gestelten Trochen, die über dem Eingang
1792 3356 2938 3420 wenn man den Frühling neu entdeckte," sagt Anatol zu
2965 3352 3363 3424 Musset, geht er in
632 3383 1248 3461 des jungen Buches schwebten:
1805 3390 2934 3478 seinem Freunde Max gleich auf einer der ersten Seiten
2965 3400 3359 3482 den hübschen Frau
840 3431 1295 3485 Also spielen wir Theater
1802 3444 2938 3516 des neuen Buches, „man würde auch an ihn nicht
2982 3451 3369 3516 Freunde Max in D
836 3451 1397 3543 Spielen unsere eigenen Stücke,
1799 3488 2934 3550 glauben. Trotz der grünen Bäume, trotz der blühenden
2972 3495 3359 3563 dankt, wie schon
836 3495 1506 3601 Früh gereift und zart und traurig,
1788 3539 2938 3601 Blumen und trotz der Liebe...." Was die Ernsthaften
2968 3539 3349 3614 zösischen Einflüssen
833 3567 1333 3621 Die Komödie unsrer Seele
1792 3587 2938 3652 betrifft, so hatte er sicher recht. „Weibergeschichten!" sagten
2965 3590 3369 3648 und das mag pa¬
833 3577 1598 3675 Unseres Fühlens Heut und Gestern....
2978 3638 3346 3709 theater. Anatol ist
1799 3631 2934 3706 die, mit einem unfreundlichen Blick auf das neue Buch,
721 3641 1771 3713 Hugo v. Hofmannsthal, jener Loris, hat in seinem
2972 3682 3376 3743 ein Dichter war er
1805 3679 2941 3754 und gingen weiter. Sie lasen es zwar nicht, aber sie
636 3682 1775 3771 Leben schönere, stolzere, anspruchsvollere und bedeutender
2975 3733 3363 3801 sein Schöpfer ein
1809 3726 2944 3798 mißbilligten es von Grund aus. Die Frauen jedoch, die
643 3750 1771 3815 Verse gemacht, Verse von höherem Adel, tieferem Inhalt
2972 3774 3380 3849 dieses jungen, werde
1799 3777 2941 3856 in Sachen der Kunst die feinere Nase haben, die Künstler
636 3794 1771 3859 und größerem spezifischen Gewicht: Er hat niemals ein
2978 3825 3373 3890 theater. Da hat an
1809 3832 2934 3890 und die Jugend waren anderer Meinung Silasen das
629 3845 1771 3917 liebenswürdigeres Gedicht ersonnen als diese Einleitung zum
2972 3873 3359 3941 Dialog bewegen ge
639 3876 2948 3964 „Anatol. Und auch Artur Schnitzler, der Dichter so vieler liebenswürdige Buch um seiner Liebenswürdigkeit willen
643 3920 3359 4002 Dramen, Romane und Novellen, der uns seither so viele und auch wegen der Versprechungen für die Zukunft, die Obmann sich trotz
629 3964 3363 4087 Bücher geschenkt hat, die bewußter, verzweigter, raffinierter, es enthielt. Sie mitterten den kommenden Dichter. Und Man übrigens. Ich
