3436 4320
1360 168 1709 269 box 8/7
248 170 716 263 4.9. Anato
623 174 1169 289 Zyklus
365 558 1409 688 Bitte Rückseite beachten!
979 648 1392 761 Telephon 12.801.
1208 740 1292 839 te
582 824 1237 957 OBSERVER
368 931 1436 1020 I. österr. behördl. konz. Unternehmen für
675 986 1138 1053 Zeitungsausschnitte
388 1024 1435 1129 Wien, 1, Konkordiaplatz 4.
790 1104 1039 1163 Vertretungen
379 1115 1436 1211 in Berlin, Basel, Budapest, Chicago, Cleveland, Christiania,
389 1172 1439 1249 Genf, Kopenhagen, London, Madrid, Mailand, Minneapolis,
382 1210 1431 1298 New-York, Paris, Rom, San Francisco, Stockholm, St. Peters¬
787 1265 1058 1324 burg, Toronto.
633 1296 1215 1414 (Quellenangabe ohne Gewähr).
383 1350 1487 1452 nen editionelle
749 1428 1305 1562 Gattungen
402 1486 876 1603 26
560 1586 1433 1701 en Ungarisches Theater. Wenn wir uns in
480 1658 1423 1740 Bezug auf die heutige Novität dieses Theater¬
490 1725 1426 1789 „Anatol“ von Arthur Schnitzler (übersetzt
494 1757 1428 1827 von Ludwig Biro) kurzen, wolle man nicht
490 1800 1418 1866 den Werth dieser rühmlich bekannten „Anatol¬
488 1842 1421 1909 szenen Schnitzlers nach dem Ausmaße un¬
492 1886 1414 1951 serer Ausführungen messen. Das ist edle, edel¬
485 1929 1421 2004 ste, lachende Philosophie über den Inhalt, die
487 1970 1414 2038 Inhaltslosigkeit, das Bleibende und das Flüch¬
477 2018 1416 2090 tige in unserem Leben. Das Bleibende ist leider
480 2063 1412 2121 die Vergänglichkeit. Man liebt ein Weib, man
475 2103 1409 2165 berauscht sich an dem Gedanken bleibenden
481 2142 1412 2206 Glückes; man glaubt, Herr zu sein, und ist
481 2182 1412 2260 Sklave: man glaubt zu betrügen und ist selbst
473 2234 1402 2304 betrogen. Das Leben gleitet uns gleichsam
471 2277 1388 2338 zwischen den Fingern dahin und man merk
471 2328 1405 2390 plötzlich, daß sich das Haar auf unserem Scheitel
477 2360 1409 2420 gelichtet hat: man möchte das Leben halten, und
471 2398 1398 2468 behält in den Händen die vergilbten Andenken
464 2439 1401 2516 an die Momente der Lebensfreude, des Genus¬
468 2480 1399 2558 ses. Das Alles empfindet „Anatol“ und die¬
463 2534 1399 2599 wird uns in fünf köstlich eingestellten Szenen
458 2568 1395 2640 in ausgezeichneter Darstellung vorgeführt. —
461 2614 1399 2684 Anatol (Goth) liebt Cora (Toth), möchte durch
461 2655 1397 2720 die Hypnose erfahren, ob sie ihm treu ist, wagt
463 2705 1399 2762 aber die Frage aus Furcht vor der Wahrheit
458 2741 1388 2814 nicht zu stellen. Er liebte Gabrielle (Bathory)
456 2786 1394 2864 diese sehnt sich nach ihm und sendet entsagend
453 2829 1395 2902 einen Strauß der neuen Flamme Anatols; er
458 2872 1388 2945 liebt Annie (Forrai), will mit ihr brechen, ge¬
456 2921 1390 2983 räth aber in Wuth, daß diese einen Andern
449 2962 1397 3020 liebt; er trifft Bianca (Nagy), von der er
457 3004 1391 3061 glaubt, sie sei die Einzige, die ihn liebte, aber
453 3046 1388 3114 sie erinnert sich seiner gar nicht und flüchtet
450 3096 1388 3153 endlich vor Ilona (Kerté) in die alleinselig¬
451 3138 1394 3194 machende Ehe. Das sind Figuren in dem Match,
449 3174 1384 3232 das Anatol mit dem Leben, der Liebe spielt
464 3216 1390 3283 Ein Hauch menschlicher Tragik, verklärt durch
454 3253 1381 3321 Sonnenschein des Humors, weht durch diese
451 3305 1387 3371 Szenen und die schöne Darstellung ließ das
443 3345 1408 3412 Burleske nicht aufkommen. Herr Goth hatte
444 3402 1388 3455 einen würdigen Partner in seinem Freunde
447 3423 1397 3502 Max (Molnar), der die Kehrseite von Anatols
449 3472 1404 3536 Lebensanschauung zum Ausdruck brachte. — Es
437 3528 1385 3587 war ein schöner Abend, an dem man seine
441 3562 1373 3637 Freude haben durfte — und das Publikum be¬
437 3604 1261 3682 lohnte die Darsteller mit reichem Beifall.
2422 120 2680 181 Vertretungen
2022 160 3069 216 in Berlin, Basel, Budapest, Chicago, Cleveland, Christiania,
2028 211 3075 258 Genf, Kopenhagen, London, Madrid, Mailand, Minneapolis,
2025 249 3071 306 New-York, Paris, Rom, San Francisco, Stockholm, St. Peters¬
2422 284 2691 350 burg, Toronto.
2263 334 2838 415 (Quellenangabe ohne Gewähr).
2018 396 3155 495 Anlage
2023 491 2455 600 2
2106 604 2897 716 Sinház es zene.
2396 733 2618 825 Anatol.
2001 811 2997 880 (5 egyfelvonsos, irta Schnitzer Artur, forditotta
2001 873 2994 940 Biro Lajos. Szinre kerilta Magyar szinházban,
2321 920 2625 985 februar 25-én.)
2103 955 2997 1041 Schnitzler Artur megesinalta at a szinházi
1987 1023 2984 1082 kunsztot, hogy Weisse szinházában, a Volksthea
1992 1078 2984 1146 terben, öt, tarcasser egyfelvonsossal igen nagy
1998 1136 2990 1190 sikert aratott. A kunszt abban van, hogy az egy¬
1992 1186 2996 1234 felvonásos darab egy másik rövidebb lélekretu 3
1992 1232 2996 1300 felvonasos darab elott, lever de rideau-kent meg
1995 1290 2998 1343 sak megert többeldadest, de több egyfelvonsos
1989 1341 2996 1408 tt me soha! Schnitzler sikerének titka ketseg¬
1987 1391 2990 1463 kivil iri ereje, melynek legibb sajatsga za
1995 1439 2998 1497 fata ironia, melyröl Anatol France „Le Jardin
1989 1494 2981 1559 d'Epicure c. aforima es el melkees-systeme
1989 1547 2987 1609 nyben at mondja, hogy nelküle olyan len-
1989 1598 2990 1665 ne az élet, mint az erdö madár nelkul;
1989 1664 2987 1729 ex az irónia szkrázó, emberi gyöngese¬
1992 1708 2990 1769 gekre rávilagitó szellemességével elszórakoitat, fel¬
1995 1773 2987 1834 vidamit, kiekit, megnerettet — es meg¬
1998 1804 2994 1883 vigasztal. Valoságos feldulés szaba megy
1992 1872 2996 1933 az efajta ironizálást elhallgatni. Az persze
1992 1914 2990 1987 kilön szinpadi raffinérira vall, hogy Schnitz-
1989 1977 2994 2039 ler valamenny felvonásosanak hose egy.
1992 2032 2990 2087 Anatol, egy béci don Juan. Az o szerelmes-
1989 2079 2994 2138 kedéseinek tükörképe mind as it felvons. Mesé¬
1998 2132 2997 2197 jük alig van de attikai sojuk annal inkbb. Anatol
1992 2190 2996 2254 szerepében vègre Goth Sándor egyéniségének meg¬
1995 2236 2994 2305 felelö feladatho jutott. Legszebb vigszinházi dia¬
1995 2291 2998 2364 dalaiho számitata est az estét. A legtöbb taps
1989 2346 2994 2403 minden fe as után neki juott. De jutott neki
1992 2397 2997 2451 más is; minden egyes felvonásban más es más noi
1997 2455 2990 2522 partner. Az 1-sóben Toth Irma (kedes volt, de je¬
1995 2503 2997 2557 lentektelen), a 2-ikban Báthory Gizella (volt ne¬
1995 2558 2994 2616 hány fino mondata), a 3-ikban Forrai Rozsi
2004 2608 2987 2687 (kiderit rola, hogy egy sarzsirt balletpatkány sze-
1992 2664 2996 2720 repében ép oly kitun, mint a komika szerepkör-
1997 2714 2994 2772 ben), a 4-ikben Nagy Terez (elegge akceptabilis
1998 2768 2997 2829 volt), végul az utolsóban a sajat felesige, G. Ker¬
1998 2819 2990 2880 tés Ella, aki a vigszinházi „Zsiros y kreo ko-
1995 2870 2998 2935 kott jáho hasono nagy sikerrel alakit egy besi fel¬
1995 2928 3003 2987 vilagi not. Allando ferspartnerekent Z. Monar L.
1995 2980 2991 3039 jeleskedet Max szerepében. A szinház mind as t
1989 3034 2994 3105 felvonásosához Markus Laszło tervei ajan más es
1989 3092 2990 3161 más diszleet kesittetet; feltinen spek. A
1995 3134 2998 3196 második felvonásban, mely egy félrees bécsi utcan
1998 3191 2984 3264 jatszódik, hirdetöoszlop all, cupa ottani hirdetés
1992 3247 2986 3305 sel; rajta többek közt a bécsi Volkstheater leg-
1995 3304 2998 3363 utobbi vasarapi szinlajaval, mely délutánra épa¬
1992 3355 2996 3419 Anatolt, estére pedig a Gardeoffiziert, Monar Test¬
1992 3402 2997 3471 ret hirdet. Goth felhasznalta a jo alkalmat es
1995 3454 3000 3515 játek körben meg-megallva az oszlop elott, félan¬
1995 3506 2998 3576 gosan olvasta: Der Gardeoffizier. Az els sorok kö-
1992 3559 2988 3617 zönsége fölfigelt es elmosolyodottaz aktualis tré¬
1992 3618 2997 3673 fan. A est égybkent hangos volt a derlegt,
1995 3668 2998 3724 legtöbbet a harmadik (Goth-Forrai) és az utolsó
1995 3717 2984 3775 (Goth-Kertés Ella) felvonáson mutatak. Ab¬
1989 3767 2990 3829 ban afölött ironizal Schnitzler, milen körülmé-
1989 3823 2986 3887 nyes a válás még a balkérol valo házastársak
1998 3877 2997 3946 köt is; ebben pedig Anatolt házasitja aképen,
1998 3932 3018 3997 hogy a szeretje karja közl megy az oltá el.
1992 3980 2707 4045 Biro forditása melto az eredetihez.
