3436 4352
1394 211 1752 307 box 9/4
282 208 1241 317 4.9. Anatol - Zyklus
2392 472 2963 592 sen daher noch keine Kon¬
1993 515 2478 602 bungen geführt worden.
2011 607 2800 724 Theater= und Kunstnachrichten.
787 680 1455 762 E ET INTERNATIONAL
1919 665 2945 772 (Artur Schnitzlers „Anatole" in London.) Aus
784 736 1241 792 LA PRESSE S. A.
1815 716 2945 802 London wird gemeldet: Die gestern abend im Theater of
1820 764 2953 853 Art erfolgte Aufführung von Schnitzlers „Anatole hatte
744 784 1328 848 du Rhône — Genève
1820 815 2942 896 einen großen Erfolg. Das vollbesetzte Haus nahm das Werk
721 820 1450 914 Coupures-Genève — Tél. Stand 40.05
462 850 579 924 Adr.
1815 858 2960 934 mit lautem Beifall auf. Man hofft, in wenigen Wochen „Pro¬
1833 894 2945 980 fessor Bernhardi geben zu können, dessen Aufführung
467 889 1439 1005 Bureau International de coupures de journau¬
1813 934 2955 1031 infolge Erkrankung einiger Mitglieder verschoben werden
597 972 1330 1038 Traductions de et en toutes langues
1818 977 1950 1031 mußte.
490 1069 1442 1173 Correspondants dans toutes les grandes villes
475 1191 886 1305 Extrait du Journal:
711 1183 1470 1358 LES ACARICATEN, Das
485 1310 675 1406 Adresse:
1049 1384 1368 1518 MAR 1998
485 1422 614 1490 Date:
896 1429 1013 1523 —
1716 1673 2668 1726 Arthur Schnitzlers Name erschien seit Jahren
1663 1709 2668 1762 nicht mehr im Repertoire des Zürcher Schauspielhauses.
754 1691 1488 1790 Zürcher Schauspielhaus.
1663 1757 2668 1803 Daß man ihn vermißte, bewies das volle Haus, das sich
680 1762 1635 1836 . Lange hat mich kein Theaterstück so tief innerlie¬
1660 1797 2666 1843 zur Première von vier Szenen aus dem „Anatol¬
658 1808 1635 1871 gepackt wie des Tschechen Frantiset Langer Schauspie¬
1665 1838 2668 1889 einfand. Man ging mit hen Erwartungen ins Theater
632 1851 2668 1919 Peripherie. Nicht angenehm un rhalten und und wurde leidenen großen Teil enttäuscht. Die
645 1899 1630 1947 zerstreut, nicht verstandes mäßig angeregt ut interessiert
1660 1914 2666 1960 „Frage an das ging völlig eindrucklos vor¬
647 1940 1637 1988 ergriffenen Herzens verläßt man das Theater. Da¬
1663 1950 2668 1993 über. Wundervoll spielten dann aber Maria Karsten
647 1973 1635 2021 Milieu; die Peripherie der Großstadt, jene dumpfe und
1663 1990 2668 2034 und Theo Shall „Weihnachtseinkäufe. Hier empfand
640 2011 2668 2072 drückende Atmospere, aus der es kein Entrinnen und man unmittelbar den holden Zauber, der über diesem
642 2046 1630 2094 kein Empor gibt. Im Nebenzimmer hämmert Tag un
1668 2064 2673 2117 Jugendwerk Schnitzlers liegt. Mit Abschiedssouper und
640 2079 2676 2150 Nacht der Schuster: so hämmert das Schicksal auf diese Anatols „Hochzeitsmorgen wurden lebhafte Heiterkeits¬
642 2122 2676 2193 unglücklichen Menschen ein, erbarmungslos. In diese erfolge erzielt. Das ist etwas; aber für Schnitzler ent¬
642 2160 1637 2221 Welt kehrt der Franzi zurück, nachdem er ein Jahr ge¬
1668 2181 2676 2224 schieden zu wenig. Wiener Weisen, als Ouverture und
645 2201 1632 2249 sessen. In seinem frühern Zimmer findet er die Anna
1663 2216 2663 2280 in den Zwischenakten dargeboten, waren mit Geräusch,
642 2239 1630 2295 die sein Mädel wird. Die Not zwingt sie, auf die Straß¬
1658 2254 1858 2315 verbunden.
640 2282 1635 2331 zu gehen. Eines nachts bring sie einen ältern Herrn
1714 2277 2663 2348 Bernard Shaw liebt es, mit dem Fleuret nach der
642 2318 1632 2361 heim, den der Franzi in blinder Wut erschreckt. Er kann
1668 2336 2661 2392 sogenannten guten englischen Gesellschaft zu stechen
640 2351 1635 2412 die Polizei hinters Licht führen, so daß er für die Auf¬
1660 2384 2668 2432 Frederik Lonsdale haut gleich mit dem Dreschflege
647 2392 1632 2455 findung der Leiche des Erschlagenen gar eine Belohnung
1655 2427 2668 2468 auf sie ein. In seinem Lustspiel „Mrs. Cheneys
637 2435 1630 2485 erhält. Franzi und Anna können sich nun schöne Klei¬
1655 2460 2671 2508 Ende kommen all die Lords samt ihrem weiblichen
640 2470 1635 2518 der kaufen und als Tänzerpaar auftreten. Aber den
1660 2496 2661 2546 Anhang derart ins Halstuch, daß die Sympathie des Zu¬
642 2506 1632 2557 Franzi verfolgt seine Mordtat, im Kino, überall. Er
1658 2536 2658 2584 schauers sich im Fluge der brillanten ausenden Mrs
635 2554 1632 2610 muß sich durch ein Geständnis Befreiung schaffen. Er
1658 2577 2661 2623 Cheney und ihrem in Oxford erzogenen Manager zu¬
642 2584 1630 2640 stellt sich der Polizei, die aber seinen Worten keiner
1658 2612 2658 2658 wendet. Und wenn schließlich Mrs. Cheney als Ladt
640 2625 1627 2676 Glauben schenkt. Da läßt er sich aburteilen von einer
1658 2656 2658 2699 Arthur Dilling endet", so frägt man sich, wer eigent¬
632 2666 1632 2714 Nichter, dem sich die Sinne verwirrten, weil er beim
1658 2694 2666 2742 lich die gute Partie macht. Inwieweit diese Zeichnung
627 2704 1625 2747 Rechtsprechen so viel Unrecht tun mußte. Und Franz
642 2734 2658 2810 findet seine innere Ruhe wieder. In 13 Bildern von der vornehmen englischen Gesellschaft verzeichnet ist
632 2767 2653 2821 diese erschütternde Passion ab. Das Milieu und die braucht uns nicht zu interessieren. Tatsache ist, das
1655 2810 2658 2859 dieses Durcheinander von Menschen, deren innerer Wer¬
640 2813 1630 2864 Menschen der Vorstadt sind vom Dichter mit gleichen
637 2851 2653 2894 Meisterschaft gezeichnet. Unvergeßlich etwa die nächtliche und äußerer Schein so sehr disharmonieren, zu gan¬
1658 2884 2658 2930 lustigen Situationen führt. In die gegenwärtige Hoch¬
632 2897 1632 2942 Szene im Park, da Franzi zum erstenmal den Richter
1655 2927 2661 2973 konjunktur des Kriminalstückes paßt es überdies, daß
632 2932 1632 2980 trifft; oder die Szene vor dem Polizeikommissär, da
640 2965 2656 3013 Franzi durch ein Geständnis sein Gewissen erleichtern auch hier wieder die Blendlaterne in Funktion tritt
637 3003 2656 3052 will, wo ihm aber an Hand des Protokolls klipp und Lonsdales Lustspiel ist nicht das, was man einen Schla¬
640 3044 2668 3092 klar nachgewiesen wird, daß seine Ausführungen nicht ger nennt; aber man unterhält sich einen Abend lang
640 3085 2656 3133 stimmen können. Regisseur Herbert Waniek schuf eine bei ihm ganz gut, vorausgesetzt allerdings, daß zwei se
640 3118 2668 3166 Aufführung, die hönsten Lobes würdig war; im Bühnen= usgezeichnete Kräfte wie Traude Carlsen und Theo
1658 3156 2658 3201 Shall die beiden Hauptrollen spielen. Die Gesellschafts¬
627 3163 1622 3224 bildner Maxim Frey stand ihm ein ausgezeichnete
1663 3199 2658 3252 szenen litten unter der Unzulänglichkeit einiger Damen
630 3206 1625 3247 Helfer zur Seite. Theo Shall, der Vielgewandte, spielt
622 3229 1902 3288 den Franzi mit der gleichen unfehlbaren Sicherheit wie in Ensemble.
630 3280 1625 3328 er sonst seine Salonlöwen auf die Bühne zu stellen
1701 3257 2656 3331 Louis Verneuils Lustspiel „Kopf oder
637 3318 2658 3366 pflegt. Mathilde Danegger liegt das Mädchen aus dem Schrift“, das sich mit bemerkenswerter Grazie in ge¬
632 3351 2661 3407 Volk besser als die Bartänzerin. Aus dem übrigen wagten Bezirken bewegt, bot Sascha Races Gelegenheit
632 3392 2661 3443 Ensemble seien hervorgehoben Hans Pawlow als Richter zu einer glänzenden schauspielerischen Leistung. Die
632 3432 2661 3493 und speziell der Polizeikommissär von Theodor Fischer, Rolle der mit der deutschen Sprache auf Kriegsfuß
625 3468 1622 3529 der bei jedem Auftreten den Eindruck eines hervorragen
1655 3476 2656 3531 stehenden rumänischen Studentin hatte extra für sie ge¬
627 3506 1630 3580 den Künstlers hinterläßt. Der Erfolg beim Publikum
1658 3506 2676 3597 schrieben werden können; so sehr ist sie ihrer Begabung
627 3544 1206 3615 entsprach dem Werte des Stücke¬
1645 3554 1810 3625 konform,
