3392 4256
614 203 762 271 nat
337 203 580 287 4.9.
1014 200 1238 290 Zyklu-
874 249 980 299 .
685 265 764 301 .
435 410 647 491 ung
581 521 1356 614 gut be¬
575 614 1252 709 Anekde im Landestheater.
547 673 1366 751 Wenn ich bitten darf, nur kein Rokoko=Kostüm,
433 736 1377 789 das aus dem Vorhang tritt, um den Prolog des
433 775 1369 827 weiland Loris=Hofmannsthal auszusagen. Man er¬
433 811 1366 858 weist damit dem „Anatol“ einen schlechten Dienst.
433 852 1369 902 Denn wir vertragen heute den ästhetischen Mummen¬
441 898 1367 947 schanz nicht mehr. Das Bologneser=Hündchen, das
433 929 1366 973 den Pfau anbellt, hat sich in einen Köter verwandelt.
435 969 1373 1016 Das Wien des Canaletto? Nein, das Wien des Weis¬
430 1002 1383 1060 kirchner. „Böser Dinge hübsche Formel“? Ja, böse
433 1047 1366 1096 Dinge! Aber die Formel reicht längst nicht mehr aus.
435 1080 1372 1147 „Agonien, Episoden? Agonien schlechthin. Wenn der
427 1118 1372 1172 ernste und so feinfühlige Mensch und Künstler Artur
430 1162 1369 1230 Schnitzler heute seiner Jugendfigur, dem Anatol, be¬
427 1197 1373 1262 gegnet, er würde zurückschrecken, angewidert
435 1238 1373 1292 nicht weniger vom Geiste als von der Menschlichkeit
428 1279 1366 1337 seiner Figur, die mit Grazie schnellplaudert und
430 1314 1373 1375 preziös tut, während sie ordinär handelt. Wie alt
427 1354 1373 1405 und häßlich ist diese eitle und sentimentale jeunesse
435 1394 1378 1443 dorée von Schöngeistern geworden! Diese Lebens¬
427 1441 1381 1492 kunft setzt heute einen Papa Kriegsgewinner voraus.
427 1479 1375 1532 Der Dichter Artur Schnitzler ist nur zu retten, wenn
433 1514 1373 1569 man die Anatol-Figur als Persiflage nimmt. Daß
435 1547 1372 1603 man das kann, beweist auch heute noch den Dichter
432 1591 1369 1651 Artur Schnitzler. Diese Art Geist war noch vor we¬
433 1627 1380 1687 nigen Jahren Caviar; daß sie inzwischen volkstümlich
439 1670 1373 1728 geworden ist, finde ich tragisch! Denn ich möchte mit
435 1707 1372 1756 Leuten, denen der Typus „Anatole wohltut, nicht
436 1745 1366 1805 verkehren; tiefbetrübt sehe ich daher diesen Typus
435 1788 788 1857 volksbildend wirken.
559 1794 1370 1892 Im „Landestheater" haben die „Weihnachts¬
435 1863 1354 1915 einkäufe, die „Frage an das Schicksal, die „Episode
438 1893 1373 1951 und der „Hochzeitsmorgen", das an Frauen reiche
430 1939 1373 1992 Ensemble angenehm entfaltet, und die Damen Thei¬
430 1978 1373 2032 ter, Bogs, Mittler und Breda rührend und
427 2021 1372 2074 amüsant vorgeführt. Die beste Szene ist und bleibt
430 2071 1369 2107 das „Abschiedssoupée, weil da Anatol vom robu¬
432 2096 1366 2151 sten, lachenden Leben selbst abgeführt und hineinge¬
430 2131 1373 2185 legt erscheint. Frau Medelsky eine prächtige An¬
430 2169 1375 2227 nie, ein Triumph der echten Natur über den Talmi¬
430 2214 1362 2270 geist. Mit einer gesunden, frischen, herzhaften Bewe¬
427 2251 1370 2303 gung, nicht von Alkohol, sondern von Spielfreude
427 2288 1373 2337 beschwipst, übermütig und jovial, riß sie das mit
430 2336 1375 2388 Recht entzückte Publikum an sich. Sie machte nichts
427 2367 1375 2432 aus der Rolle, sie war die Wienerin und rächte gut
430 2407 1369 2465 gelaunt alle süßen Mädeln, Herr Feher, als Ana¬
433 2448 1361 2500 tol, plauderte ungezwungen und virtuos, aber es
435 2474 1367 2542 fehlte ihm der lichtägige Charme, die unwidersteh¬
427 2539 1366 2578 liche Liebenswürdigkeit, welche allein die Figur schau¬
433 2563 1378 2619 spielerisch entschuldigen könnte. Herr Romanow¬
441 2596 1367 2654 ky ist zu gut für den Freund Max, der indiskreterweise
430 2640 1362 2692 bei allem dabei sein muß — aber er ist kein guter
430 2679 1362 2733 Max. Sein drastischer, auf Nestroy angelegter Mur¬
427 2717 1366 2775 terwitz zerreißt das feuilletonistische Sonntagsgeplauder
427 2759 1364 2810 und indem man über seine Bodenständigkeit lacht,
430 2794 1362 2852 möchte man über den Bodengewinn Anatols weinen.
436 2835 1369 2896 — Das Publikum freute sich, als stünden wir noch
967 2874 1332 2941 Berthold Viertel,
411 2882 773 2955 vor dem Weltkrieg.
1457 200 1807 288 box 9/2
2295 403 2474 477 len
2122 408 2909 521 Allgemeine Kundschau München
2041 484 2446 572 Ausschnitt aus:
2046 558 2205 638 vom
2104 554 2871 731 Bühne Maikundschau.
1969 718 3093 783 Münchener Schauspielhaus. Man hat schon einmal während des
1847 747 3095 828 Krieges die Wahrnehmung gemacht, daß die Zeit „Anatols" vorüber
1847 806 3098 871 ist. Leider nicht aus dem Grunde, daß der Held der Schnitzlerschen
1854 847 3100 904 Einakter einem p. t. Publiko zu unmoralisch sei, aber diese müden im
1857 882 3101 940 Grunde billigen „Lebensweisheiten" und Selbstbespiegelungen dieses
1857 934 3101 992 in der engen Welt seiner leichtfertigen Liebschaften aufgehenden Lebe¬
1857 962 3107 1027 mannes dünken wohl keinem mehr, wie Hofmannsthal meinte, „die
1857 1006 3106 1058 Komödie unsrer Seele, frühgereift und zart und traurig, unsres Fühlen
1858 1041 3103 1104 heut und gestern“. Dennoch hat man sie neuerdings hervorgeholt und
1862 1079 3109 1143 zum Besten der Hindenburgspende gespielt. Große Männer
1854 1126 3106 1170 werden eben zuweilen auf eine merkwürdige Art „geehrt“. Ist es aber
1862 1154 3104 1216 taktvoll, den Namen unseres deutschen Helden mit Szenen in Verbin¬
1860 1197 3107 1258 dung zu bringen, die in ihrer, im letzten Akt bis zur Widerwärtigkeit
1868 1238 3107 1298 gesteigerten moralischen Fäulnis das Gegenteil deutschen Geistes dar¬
1860 1277 3104 1339 stellen? Die Wiedergabe war in früheren Zeiten charakteristischer, als
1860 1315 3123 1366 der wieder zum Hofschauspiel zurückgekehrte Gustav Waldau den Anator
1868 1354 3104 1413 spielte, und auch die verschiedenen zweifelhaften Weiblichkeiten hat man
1862 1402 3107 1462 hier schon vollkommener gesehen. — Zum 60. Geburtstag Suber¬
1858 1429 3107 1488 manns wurde „Johannisfeuer neueinstudiert, ein oft gegebenes
1860 1473 3106 1528 Stück, über das nichts Neues zu sagen ist. Es ist auffällig, wie wenig
1862 1510 3112 1570 aus Anlaß dieser Geburtstagsfeier überhaupt zu sagen ist. Die Federn,
1863 1547 3107 1613 die sonst so gerne literarische Jubiläen aus allen möglichen Gesichts¬
1860 1602 3120 1644 winkeln betrachten, scheinen der Meinung, daß über den Fall Suder¬
1860 1636 3109 1692 mann die Akten bereits geschlossen sind. Wir vermögen uns auch kaum
1865 1666 3111 1728 mehr, obwohl wir es miterlebten, das gewaltige Aufsehen zu erklären,
1871 1717 3115 1761 das einst bei Bewunderern und Gegnern die „Ehre machte. Die
1874 1745 3117 1805 Detailmalerei des Vorder= und Hinterhauses ließ Sudermann als Haupt
1871 1781 3122 1840 der gerade aufsteigenden naturalistischen Schule erscheinen und die
1868 1832 3120 1888 hohlen Tiraden der romanhaften Figur des Grafen Trast schmeichelten
1874 1863 3117 1920 der kritischen Neigung eines oberflächlichen Publikums. Sein künst¬
1874 1896 3114 1962 lerisch Wertvollstes hatte er schon vorher gegeben in „Frau Sorge und
1871 1945 3115 2000 dem „Katzensteg, Romane, die erst durch den Theatererfolg ihres Ver¬
1879 1980 3120 2046 fassers bekannt wurden. Von allen Stücken Sudermanns ist die
1871 2014 3122 2084 „Heimat“ am lebendigsten geblieben dank ihrer glänzenden Rolle, die,
1874 2060 3117 2122 wenn sie, wie vor kurzem eine große Künstlerin wie Hermine Körner
1881 2096 3120 2161 gibt, noch unmittelbar wirken kann. Sudermann erwuchs als Drama¬
1871 2137 3123 2189 tiker der Schule Paul Lindaus, die wiederum von Pariser Vorbildern
1874 2174 3120 2230 der siebziger Jahre ausging. Mit ihr teilte er das theatralische Ge¬
1887 2216 3123 2273 schick, die Kunst der Dialogsührung und Spannung, aber auch den
1877 2268 3130 2315 Glauben an eine Relativität aller ethischen Werte, obwohl er zu ver¬
1881 2288 3133 2355 schiedenen Zeiten sich auch gelegentlich in der Rolle des dramatischen
1881 2334 3131 2397 Bußpredigers gefiel. Siedermann hat zu seinem 60. Geburtstag seinen
1881 2380 3133 2459 „Katzensteg dramatisiert. Die Berliner Uraufführung brachte es zu
1876 2418 2311 2493 keinem starken Erfolg.
2268 2835 2991 2948 Oesterreichs Illustrirte Zeit
2569 2931 2852 3018 Wien
2142 3076 3062 3186 Kammerspiele, „Anatol“, fünf Einakter von
2043 3107 3062 3224 Arthur Schnitzler. Das Stück bewährt wieder seine
2043 3180 3063 3262 alte Zugkraft, zumal es darstellerisch einwandfrei gegeben
2044 3210 3057 3306 wurde. Es ist die lustige Geschichte eines Lebejünglings,
2036 3249 3051 3337 der noch am Hochzeitsmorgen sich nur schwer von seiner
2040 3292 3051 3382 alten Geliebten zu trennen vermag. Dem „Anatol“ wußte
2036 3320 3048 3418 Anton Edthofer Leben und Bewegung zu geben, eben¬
2038 3356 3052 3457 so Aurel Nowotny seinem „Max" einen sarkastischen
2035 3408 3046 3493 Humor. Die Damenrollen lagen in den bewährten Händen
2030 3438 3043 3537 der Nelly Hochwald, Lona Schmidt, Marianne Rub,
2033 3479 3046 3572 Charlotte Waldow und Lina Woiwode. Die Ansichten
2025 3515 3038 3611 über das Stück gehen weit auseinander. Immerhin aber
2025 3561 3043 3663 darf selbst die abfällige Kritik nicht vergessen, daß nicht
2019 3605 2632 3670 alle Menschen Heilige sein können.
