<?xml version="1.0" encoding="UTF-8" standalone="yes"?>
<PcGts xmlns="http://schema.primaresearch.org/PAGE/gts/pagecontent/2013-07-15" xmlns:xsi="http://www.w3.org/2001/XMLSchema-instance" xsi:schemaLocation="http://schema.primaresearch.org/PAGE/gts/pagecontent/2013-07-15 http://schema.primaresearch.org/PAGE/gts/pagecontent/2013-07-15/pagecontent.xsd">
    <Metadata>
        <Creator>prov=READ-COOP:name=PyLaia@TranskribusPlatform:version=2.12.1:model_id=39995:lm=provided:date=29_03_2024_01:47</Creator>
        <Created>2019-10-07T11:51:34.862+02:00</Created>
        <LastChange>2024-03-29T01:47:56.054+01:00</LastChange>
        <TranskribusMetadata docId="223994" pageId="9505853" pageNr="455" tsid="156430508" status="IN_PROGRESS" userId="40391" imgUrl="https://files.transkribus.eu/Get?id=BQOKJUVGMPICNSHJWQWKXRVR&amp;fileType=view" xmlUrl="https://files.transkribus.eu/Get?id=WFRYDVALHEAEXYFPOBGVRBHD" imageId="6196067"/>
    </Metadata>
    <Page imageFilename="223994_0455.jpeg" imageWidth="3436" imageHeight="4256">
        <ReadingOrder>
            <OrderedGroup id="ro_1712662543222" caption="Regions reading order">
                <RegionRefIndexed index="0" regionRef="tr_1"/>
                <RegionRefIndexed index="1" regionRef="tr_2"/>
            </OrderedGroup>
        </ReadingOrder>
        <TextRegion orientation="0.0" id="tr_1" custom="readingOrder {index:0;}">
            <Coords points="238,281 238,4018 1916,4018 1916,281"/>
            <TextLine id="tr_1_tl_1" custom="readingOrder {index:0;}">
                <Coords points="1346,317 1413,310 1449,333 1489,317 1519,323 1536,307 1605,322 1641,310 1712,328 1712,259 1670,240 1611,256 1578,244 1542,264 1346,246"/>
                <Baseline points="1354,304 1379,304 1405,304 1431,306 1457,307 1483,307 1509,307 1535,307 1560,305 1586,304 1612,306 1638,305 1664,302 1690,301 1716,301"/>
                <TextEquiv>
                    <Unicode>box 9/3</Unicode>
                </TextEquiv>
            </TextLine>
            <TextLine id="tr_1_tl_2" custom="readingOrder {index:1;}">
                <Coords points="826,341 969,347 1024,335 1061,345 1082,335 1100,347 1154,345 1151,262 1131,255 1066,246 1029,264 1000,249 959,264 884,262 847,280 825,271"/>
                <Baseline points="834,308 860,309 887,311 914,315 941,316 967,316 994,316 1021,316 1048,316 1074,316 1101,316 1128,316 1155,317"/>
                <TextEquiv>
                    <Unicode>Zyklus</Unicode>
                </TextEquiv>
            </TextLine>
            <TextLine id="tr_1_tl_3" custom="readingOrder {index:2;}">
                <Coords points="229,336 390,339 453,313 789,319 789,264 740,255 543,269 515,253 438,302 356,253 229,271"/>
                <Baseline points="238,316 265,314 293,318 321,319 349,319 376,319 404,320 432,322 460,320 487,319 515,317 543,316 571,316 598,318 626,319 654,319 682,319 709,319 737,317 765,317 793,319"/>
                <TextEquiv>
                    <Unicode>4.9. Anatol</Unicode>
                </TextEquiv>
            </TextLine>
            <TextLine id="tr_1_tl_4" custom="readingOrder {index:3;}">
                <Coords points="657,1542 996,1553 1027,1532 1252,1533 1254,1471 1234,1468 1203,1484 1105,1468 1036,1499 966,1472 907,1493 660,1481"/>
                <Baseline points="665,1537 694,1537 724,1537 753,1535 783,1534 812,1534 842,1532 871,1531 901,1531 930,1529 960,1529 990,1531 1019,1529 1049,1528 1078,1528 1108,1526 1137,1524 1167,1522 1196,1520 1226,1516 1256,1510"/>
                <TextEquiv>
                    <Unicode>Kammerspiele: „Anatol.</Unicode>
                </TextEquiv>
            </TextLine>
            <TextLine id="tr_1_tl_5" custom="readingOrder {index:4;}">
                <Coords points="415,1612 1548,1580 1550,1532 417,1547"/>
                <Baseline points="423,1587 479,1590 536,1591 592,1590 649,1587 705,1584 762,1583 818,1579 875,1576 931,1572 988,1575 1045,1575 1101,1575 1158,1572 1214,1571 1271,1571 1327,1572 1384,1571 1440,1568 1497,1566 1554,1566"/>
                <TextEquiv>
                    <Unicode>Dies graziöse Werk Schnitzlers ist jetzt bald dreißig Jahre alt,</Unicode>
                </TextEquiv>
            </TextLine>
            <TextLine id="tr_1_tl_6" custom="readingOrder {index:5;}">
                <Coords points="375,1658 1529,1626 1553,1581 377,1599"/>
                <Baseline points="385,1629 443,1631 501,1630 560,1632 618,1629 677,1628 735,1626 794,1626 852,1623 911,1621 969,1620 1027,1617 1086,1617 1144,1615 1203,1614 1261,1613 1320,1611 1378,1608 1437,1608 1495,1608 1554,1605"/>
                <TextEquiv>
                    <Unicode>bey man kann ihm keine Geheimratsecken ansehen. Und wenn ein¬</Unicode>
                </TextEquiv>
            </TextLine>
            <TextLine id="tr_1_tl_7" custom="readingOrder {index:6;}">
                <Coords points="374,1687 1495,1672 1557,1667 1559,1618 374,1655"/>
                <Baseline points="382,1680 441,1677 500,1671 559,1671 618,1671 677,1671 736,1669 795,1668 854,1668 913,1665 972,1663 1031,1659 1090,1659 1149,1657 1208,1656 1267,1655 1326,1653 1385,1653 1444,1652 1503,1648 1563,1650"/>
                <TextEquiv>
                    <Unicode>man die österreichische Welt, von der es Leben und Atem empfangen</Unicode>
                </TextEquiv>
            </TextLine>
            <TextLine id="tr_1_tl_8" custom="readingOrder {index:7;}">
                <Coords points="374,1734 1562,1697 1529,1655 375,1682"/>
                <Baseline points="382,1722 441,1719 500,1716 559,1718 618,1717 678,1713 737,1712 796,1710 855,1707 914,1707 974,1705 1033,1704 1092,1701 1151,1701 1210,1698 1270,1697 1329,1695 1388,1695 1447,1695 1506,1693 1566,1689"/>
                <TextEquiv>
                    <Unicode>ha dahingestorben sein wird, „Anatol wird seinen Ruhm be¬</Unicode>
                </TextEquiv>
            </TextLine>
            <TextLine id="tr_1_tl_9" custom="readingOrder {index:8;}">
                <Coords points="381,1767 1261,1763 1548,1745 1562,1708 381,1728"/>
                <Baseline points="390,1763 448,1763 507,1760 566,1758 625,1757 684,1754 742,1752 801,1751 860,1750 919,1746 978,1745 1036,1745 1095,1744 1154,1740 1213,1740 1272,1740 1330,1738 1389,1737 1448,1736 1507,1734 1566,1737"/>
                <TextEquiv>
                    <Unicode>haupten. Es gibt kaum etwas in deutscher Sprache, was ihm an</Unicode>
                </TextEquiv>
            </TextLine>
            <TextLine id="tr_1_tl_10" custom="readingOrder {index:9;}">
                <Coords points="372,1813 1267,1825 1522,1798 1565,1745 374,1766"/>
                <Baseline points="382,1802 441,1802 500,1799 559,1799 618,1799 678,1801 737,1796 796,1794 855,1793 914,1793 974,1791 1033,1790 1092,1787 1151,1785 1210,1784 1270,1781 1329,1781 1388,1781 1447,1780 1506,1778 1566,1775"/>
                <TextEquiv>
                    <Unicode>heiterer Anmut gleichkommt, und sein Duft rührt nicht von franzö¬</Unicode>
                </TextEquiv>
            </TextLine>
            <TextLine id="tr_1_tl_11" custom="readingOrder {index:10;}">
                <Coords points="378,1870 466,1851 590,1864 744,1839 774,1853 825,1845 826,1800 671,1816 607,1803 380,1812"/>
                <Baseline points="387,1853 413,1849 439,1846 465,1844 491,1844 517,1844 543,1844 569,1844 595,1844 621,1843 647,1841 673,1839 699,1838 725,1838 751,1838 777,1838 803,1837 829,1835"/>
                <TextEquiv>
                    <Unicode>sischem Ersatzparfüm her.</Unicode>
                </TextEquiv>
            </TextLine>
            <TextLine id="tr_1_tl_12" custom="readingOrder {index:11;}">
                <Coords points="436,1895 1562,1870 1443,1813 438,1858"/>
                <Baseline points="444,1892 500,1886 556,1886 612,1884 668,1883 724,1883 780,1882 836,1878 892,1877 948,1877 1005,1876 1061,1874 1117,1871 1173,1870 1229,1868 1285,1868 1341,1865 1397,1864 1453,1862 1509,1862 1566,1862"/>
                <TextEquiv>
                    <Unicode>In den Kammerspielen führte Regie der Moskauer Iwan</Unicode>
                </TextEquiv>
            </TextLine>
            <TextLine id="tr_1_tl_13" custom="readingOrder {index:12;}">
                <Coords points="384,1932 1562,1918 1530,1865 386,1891"/>
                <Baseline points="393,1931 451,1931 510,1927 568,1925 627,1925 686,1922 744,1922 803,1919 862,1919 920,1919 979,1916 1038,1915 1096,1913 1155,1913 1214,1910 1272,1910 1331,1908 1390,1907 1448,1907 1507,1905 1566,1904"/>
                <TextEquiv>
                    <Unicode>Smith. Er hörte aus diesen Szenen nur die Melancholie und nicht</Unicode>
                </TextEquiv>
            </TextLine>
            <TextLine id="tr_1_tl_14" custom="readingOrder {index:13;}">
                <Coords points="377,1979 1568,1961 1568,1918 1407,1912 378,1929"/>
                <Baseline points="385,1969 444,1969 503,1966 563,1966 622,1966 681,1963 741,1963 800,1963 859,1960 919,1960 978,1960 1037,1960 1097,1956 1156,1954 1215,1951 1275,1950 1334,1948 1393,1948 1453,1947 1512,1945 1572,1948"/>
                <TextEquiv>
                    <Unicode>das Gelicher der Liebesgötter, und spielte, mit Ausnahme von</Unicode>
                </TextEquiv>
            </TextLine>
            <TextLine id="tr_1_tl_15" custom="readingOrder {index:14;}">
                <Coords points="371,2017 1453,2013 1565,1999 1566,1964 371,1982"/>
                <Baseline points="379,2017 438,2014 498,2011 557,2010 617,2008 676,2005 736,2005 795,2005 855,2002 914,2004 974,2002 1033,1999 1093,1998 1152,1996 1212,1993 1271,1992 1331,1990 1390,1990 1450,1989 1509,1987 1569,1990"/>
                <TextEquiv>
                    <Unicode>„Abschiedssoupe," und „Hochzeitsmorgen, Schnitzler wie Tschechow.</Unicode>
                </TextEquiv>
            </TextLine>
            <TextLine id="tr_1_tl_16" custom="readingOrder {index:15;}">
                <Coords points="436,2062 1562,2043 1547,1993 438,2022"/>
                <Baseline points="444,2053 500,2053 556,2053 612,2051 668,2050 724,2049 780,2047 836,2047 892,2044 948,2044 1005,2043 1061,2041 1117,2041 1173,2038 1229,2037 1285,2035 1341,2032 1397,2029 1453,2029 1509,2029 1566,2032"/>
                <TextEquiv>
                    <Unicode>Anton Edthofer hat die Melodie des „Anatol im Blut;</Unicode>
                </TextEquiv>
            </TextLine>
            <TextLine id="tr_1_tl_17" custom="readingOrder {index:16;}">
                <Coords points="378,2108 1472,2102 1565,2086 1566,2046 378,2074"/>
                <Baseline points="387,2101 446,2098 505,2095 564,2093 623,2092 682,2091 741,2089 800,2089 859,2089 918,2088 978,2086 1037,2086 1096,2083 1155,2081 1214,2080 1273,2077 1332,2077 1391,2074 1450,2074 1509,2074 1569,2080"/>
                <TextEquiv>
                    <Unicode>etwas melancholisch, etwas schürzenjägerisch und etwas eingebildet,</Unicode>
                </TextEquiv>
            </TextLine>
            <TextLine id="tr_1_tl_18" custom="readingOrder {index:17;}">
                <Coords points="384,2171 462,2145 850,2157 872,2136 1127,2132 1128,2098 1036,2090 386,2107"/>
                <Baseline points="393,2142 429,2138 466,2136 503,2136 540,2136 577,2136 614,2135 651,2133 688,2133 725,2133 762,2131 798,2130 835,2129 872,2128 909,2128 946,2130 983,2129 1020,2128 1057,2127 1094,2125 1131,2125"/>
                <TextEquiv>
                    <Unicode>alles in allem, es wurde ein Mensch daraus.</Unicode>
                </TextEquiv>
            </TextLine>
            <TextLine id="tr_1_tl_19" custom="readingOrder {index:18;}">
                <Coords points="439,2190 1562,2174 1565,2096 441,2156"/>
                <Baseline points="447,2181 505,2181 564,2179 623,2178 682,2175 741,2175 800,2175 859,2174 918,2172 977,2169 1035,2169 1094,2168 1153,2166 1212,2166 1271,2163 1330,2161 1389,2160 1448,2160 1507,2158 1566,2157"/>
                <TextEquiv>
                    <Unicode>Hermann Thimig spielte den Freund Max mit Pädagogen¬</Unicode>
                </TextEquiv>
            </TextLine>
            <TextLine id="tr_1_tl_20" custom="readingOrder {index:19;}">
                <Coords points="383,2238 1449,2238 1562,2226 1563,2174 384,2175"/>
                <Baseline points="393,2226 451,2223 510,2223 568,2223 627,2220 686,2219 744,2217 803,2217 862,2215 920,2214 979,2211 1038,2211 1096,2211 1155,2209 1214,2208 1272,2207 1331,2205 1390,2202 1448,2204 1507,2202 1566,2199"/>
                <TextEquiv>
                    <Unicode>brille, bürgerlich-reputierlich; Selbstironie in den Konturen der</Unicode>
                </TextEquiv>
            </TextLine>
            <TextLine id="tr_1_tl_21" custom="readingOrder {index:20;}">
                <Coords points="384,2270 433,2287 456,2272 473,2272 479,2278 496,2267 518,2270 518,2223 497,2233 476,2230 466,2239 433,2227 421,2232 402,2230 392,2241 384,2241"/>
                <Baseline points="393,2265 418,2265 444,2265 470,2263 496,2263 522,2265"/>
                <TextEquiv>
                    <Unicode>Gestalt.</Unicode>
                </TextEquiv>
            </TextLine>
            <TextLine id="tr_1_tl_22" custom="readingOrder {index:21;}">
                <Coords points="441,2321 1471,2305 1559,2294 1560,2250 442,2276"/>
                <Baseline points="450,2304 505,2304 561,2302 616,2301 672,2301 728,2299 783,2298 839,2295 895,2295 950,2295 1006,2293 1062,2294 1117,2292 1173,2292 1229,2290 1284,2289 1340,2286 1396,2286 1451,2286 1507,2284 1563,2283"/>
                <TextEquiv>
                    <Unicode>Und die Damen? Erika v. Thelmann war typisches</Unicode>
                </TextEquiv>
            </TextLine>
            <TextLine id="tr_1_tl_23" custom="readingOrder {index:22;}">
                <Coords points="387,2358 1559,2340 1548,2293 389,2303"/>
                <Baseline points="396,2345 454,2347 512,2343 571,2342 629,2342 687,2342 746,2340 804,2336 862,2338 921,2338 979,2336 1037,2335 1096,2333 1154,2333 1212,2333 1271,2330 1329,2328 1387,2327 1446,2327 1504,2327 1563,2327"/>
                <TextEquiv>
                    <Unicode>süßes Mädel, Lina Lossen große Dame, die an ihrer Tugend</Unicode>
                </TextEquiv>
            </TextLine>
            <TextLine id="tr_1_tl_24" custom="readingOrder {index:23;}">
                <Coords points="392,2397 1559,2391 1522,2331 393,2360"/>
                <Baseline points="399,2390 457,2389 515,2387 573,2384 631,2384 690,2382 748,2381 806,2376 864,2378 922,2378 981,2378 1039,2377 1097,2375 1155,2375 1213,2374 1272,2372 1330,2372 1388,2372 1446,2369 1504,2371 1563,2369"/>
                <TextEquiv>
                    <Unicode>leidet, Margarete Christians Ballettkätzchen, treuherzig,</Unicode>
                </TextEquiv>
            </TextLine>
            <TextLine id="tr_1_tl_25" custom="readingOrder {index:24;}">
                <Coords points="386,2443 1562,2422 1429,2375 387,2395"/>
                <Baseline points="396,2432 454,2429 513,2429 571,2426 630,2424 688,2423 747,2424 805,2423 864,2420 922,2420 981,2420 1039,2419 1098,2417 1156,2417 1215,2414 1273,2414 1332,2414 1390,2411 1449,2411 1507,2411 1566,2405"/>
                <TextEquiv>
                    <Unicode>sentimental, gefräßig in drolligem Durcheinander, Marga¬</Unicode>
                </TextEquiv>
            </TextLine>
            <TextLine id="tr_1_tl_26" custom="readingOrder {index:25;}">
                <Coords points="384,2486 1565,2467 1522,2412 386,2445"/>
                <Baseline points="393,2468 451,2471 510,2470 569,2468 628,2465 687,2465 745,2465 804,2465 863,2462 922,2462 981,2459 1039,2459 1098,2459 1157,2457 1216,2459 1275,2456 1333,2456 1392,2453 1451,2452 1510,2450 1569,2447"/>
                <TextEquiv>
                    <Unicode>rete v. Bukovics flatterhaft. Und die schöne Russin Ar¬</Unicode>
                </TextEquiv>
            </TextLine>
            <TextLine id="tr_1_tl_27" custom="readingOrder {index:26;}">
                <Coords points="392,2525 1517,2509 1560,2465 393,2482"/>
                <Baseline points="399,2513 457,2513 515,2510 573,2510 631,2508 690,2507 748,2507 806,2507 864,2502 922,2504 981,2501 1039,2501 1097,2501 1155,2498 1213,2498 1272,2498 1330,2496 1388,2495 1446,2494 1504,2492 1563,2492"/>
                <TextEquiv>
                    <Unicode>benina raste kosakisch durch Anatols Hochzeitsmorgen, Sträuße</Unicode>
                </TextEquiv>
            </TextLine>
            <TextLine id="tr_1_tl_28" custom="readingOrder {index:27;}">
                <Coords points="847,2552 1571,2561 1571,2513 1498,2498 847,2513"/>
                <Baseline points="856,2542 893,2542 931,2544 969,2544 1007,2542 1045,2542 1083,2542 1120,2542 1158,2540 1196,2539 1234,2539 1272,2539 1310,2539 1347,2539 1385,2537 1423,2536 1461,2535 1499,2533 1537,2534 1575,2539"/>
                <TextEquiv>
                    <Unicode>Man sollte ihr endlich eine Rolle geben,</Unicode>
                </TextEquiv>
            </TextLine>
            <TextLine id="tr_1_tl_29" custom="readingOrder {index:28;}">
                <Coords points="383,2562 810,2553 810,2520 795,2514 384,2525"/>
                <Baseline points="393,2554 419,2553 445,2552 471,2551 498,2551 524,2551 550,2551 577,2549 603,2548 629,2548 656,2548 682,2548 708,2546 735,2545 761,2545 787,2545 814,2545"/>
                <TextEquiv>
                    <Unicode>und Vasen demolierend.</Unicode>
                </TextEquiv>
            </TextLine>
            <TextLine id="tr_1_tl_30" custom="readingOrder {index:29;}">
                <Coords points="383,2610 1456,2590 1456,2544 384,2561"/>
                <Baseline points="393,2599 446,2599 499,2597 552,2596 606,2596 659,2593 712,2593 766,2591 819,2590 872,2587 926,2587 979,2587 1032,2587 1085,2587 1139,2587 1192,2584 1245,2583 1299,2581 1352,2579 1405,2576 1459,2575"/>
                <TextEquiv>
                    <Unicode>in der sie ihre große Begabung harmonischer entfalten kann.</Unicode>
                </TextEquiv>
            </TextLine>
            <TextLine id="tr_1_tl_31" custom="readingOrder {index:30;}">
                <Coords points="1355,2628 1393,2631 1404,2638 1434,2628 1449,2640 1459,2631 1475,2641 1486,2641 1502,2629 1517,2632 1517,2587 1498,2581 1477,2580 1443,2593 1420,2592 1411,2583 1401,2590 1388,2583 1355,2589"/>
                <Baseline points="1363,2620 1389,2622 1415,2623 1441,2621 1467,2620 1493,2620 1519,2620"/>
                <TextEquiv>
                    <Unicode>C. v. O.</Unicode>
                </TextEquiv>
            </TextLine>
            <TextLine id="tr_1_tl_32" custom="readingOrder {index:31;}">
                <Coords points="1163,3371 1262,3371 1276,3359 1321,3371 1341,3360 1370,3371 1382,3360 1465,3363 1466,3293 1438,3307 1285,3295 1264,3314 1242,3301 1218,3311 1164,3301"/>
                <Baseline points="1172,3354 1198,3357 1225,3357 1252,3356 1279,3355 1306,3354 1333,3354 1360,3352 1387,3351 1414,3351 1441,3351 1468,3351"/>
                <TextEquiv>
                    <Unicode>Kunschronik.</Unicode>
                </TextEquiv>
            </TextLine>
            <TextLine id="tr_1_tl_33" custom="readingOrder {index:32;}">
                <Coords points="802,3433 1807,3424 1892,3409 1894,3371 1044,3396 804,3363"/>
                <Baseline points="811,3426 865,3426 919,3426 974,3425 1028,3423 1082,3421 1137,3420 1191,3420 1245,3419 1300,3417 1354,3417 1408,3414 1463,3414 1517,3414 1571,3414 1626,3411 1680,3408 1734,3406 1789,3408 1843,3406 1898,3399"/>
                <TextEquiv>
                    <Unicode>Kammerspiele des Deutschen Theaters: Arthur Schnitz¬</Unicode>
                </TextEquiv>
            </TextLine>
            <TextLine id="tr_1_tl_34" custom="readingOrder {index:33;}">
                <Coords points="729,3475 1894,3449 1871,3414 731,3412"/>
                <Baseline points="737,3462 795,3464 853,3470 911,3465 969,3466 1027,3462 1085,3459 1143,3459 1201,3459 1259,3459 1317,3456 1375,3453 1433,3453 1491,3450 1549,3450 1607,3450 1665,3448 1723,3447 1781,3444 1839,3444 1898,3441"/>
                <TextEquiv>
                    <Unicode>sers Anatol“. Die Rotters haben den Versuch unternommen,</Unicode>
                </TextEquiv>
            </TextLine>
            <TextLine id="tr_1_tl_35" custom="readingOrder {index:34;}">
                <Coords points="729,3505 1769,3503 1889,3493 1891,3448 729,3476"/>
                <Baseline points="737,3497 794,3503 852,3501 910,3500 968,3500 1025,3500 1083,3500 1141,3497 1199,3497 1256,3495 1314,3494 1372,3493 1430,3491 1487,3491 1545,3488 1603,3488 1661,3488 1718,3485 1776,3482 1834,3482 1892,3482"/>
                <TextEquiv>
                    <Unicode>Gerhart Hauptmanns „Elga", das dunkellebige Traumstück</Unicode>
                </TextEquiv>
            </TextLine>
            <TextLine id="tr_1_tl_36" custom="readingOrder {index:35;}">
                <Coords points="732,3548 1912,3548 1912,3502 1853,3488 732,3506"/>
                <Baseline points="740,3542 798,3542 857,3542 916,3542 975,3539 1034,3539 1092,3539 1151,3536 1210,3535 1269,3533 1328,3533 1386,3532 1445,3530 1504,3530 1563,3527 1622,3527 1680,3525 1739,3524 1798,3524 1857,3522 1916,3518"/>
                <TextEquiv>
                    <Unicode>des Schlesiers, neu zu beleben. Frau Tilla Durieux mußte</Unicode>
                </TextEquiv>
            </TextLine>
            <TextLine id="tr_1_tl_37" custom="readingOrder {index:36;}">
                <Coords points="738,3589 1891,3561 1742,3528 738,3548"/>
                <Baseline points="746,3581 803,3581 860,3581 918,3578 975,3578 1033,3578 1090,3578 1148,3575 1205,3573 1263,3572 1320,3572 1377,3571 1435,3569 1492,3569 1550,3566 1607,3566 1665,3566 1722,3566 1780,3563 1837,3561 1895,3557"/>
                <TextEquiv>
                    <Unicode>ihnen dabei helfen, und das Spiel, das im „Trianon¬</Unicode>
                </TextEquiv>
            </TextLine>
            <TextLine id="tr_1_tl_38" custom="readingOrder {index:37;}">
                <Coords points="735,3627 1874,3616 1901,3577 735,3589"/>
                <Baseline points="743,3620 801,3620 859,3620 917,3620 975,3617 1033,3615 1091,3614 1149,3614 1207,3614 1265,3614 1323,3614 1381,3611 1439,3609 1497,3608 1555,3605 1613,3605 1671,3605 1729,3602 1787,3602 1845,3598 1904,3596"/>
                <TextEquiv>
                    <Unicode>Theater“ über die Szene ging, erlebte, wenn wir es noch so</Unicode>
                </TextEquiv>
            </TextLine>
            <TextLine id="tr_1_tl_39" custom="readingOrder {index:38;}">
                <Coords points="738,3677 1892,3650 1848,3598 740,3634"/>
                <Baseline points="746,3662 803,3659 860,3659 918,3659 975,3658 1033,3656 1090,3653 1148,3653 1205,3653 1263,3653 1320,3653 1377,3650 1435,3648 1492,3647 1550,3645 1607,3645 1665,3641 1722,3641 1780,3641 1837,3639 1895,3638"/>
                <TextEquiv>
                    <Unicode>nennen wollen, nur einen knapp bemessenen Achtungserfolg. Die</Unicode>
                </TextEquiv>
            </TextLine>
            <TextLine id="tr_1_tl_40" custom="readingOrder {index:39;}">
                <Coords points="741,3710 1851,3691 1903,3647 741,3677"/>
                <Baseline points="749,3703 806,3699 864,3697 922,3697 980,3696 1037,3692 1095,3691 1153,3691 1211,3691 1268,3689 1326,3688 1384,3688 1442,3686 1499,3685 1557,3685 1615,3683 1673,3682 1730,3682 1788,3679 1846,3677 1904,3679"/>
                <TextEquiv>
                    <Unicode>„Kammerspiele des Deutschen Theater" hatten im</Unicode>
                </TextEquiv>
            </TextLine>
            <TextLine id="tr_1_tl_41" custom="readingOrder {index:40;}">
                <Coords points="735,3735 1682,3741 1900,3728 1901,3688 735,3711"/>
                <Baseline points="743,3733 801,3736 859,3736 917,3736 975,3733 1033,3733 1091,3733 1149,3733 1207,3729 1265,3727 1323,3727 1381,3726 1439,3724 1497,3724 1555,3721 1613,3721 1671,3721 1729,3718 1787,3718 1845,3716 1904,3715"/>
                <TextEquiv>
                    <Unicode>Gegensatz zu diesem Unternehmen mehr Glück, als sie zum gestrigen</Unicode>
                </TextEquiv>
            </TextLine>
            <TextLine id="tr_1_tl_42" custom="readingOrder {index:41;}">
                <Coords points="744,3787 1818,3774 1892,3765 1894,3726 746,3740"/>
                <Baseline points="752,3781 809,3778 866,3778 923,3774 981,3772 1038,3772 1095,3772 1153,3771 1210,3769 1267,3769 1325,3768 1382,3765 1439,3763 1496,3763 1554,3762 1611,3760 1668,3763 1726,3760 1783,3757 1840,3757 1898,3751"/>
                <TextEquiv>
                    <Unicode>Freitag abend Arthur Schnitzlers melancholisch, lieberfüll¬</Unicode>
                </TextEquiv>
            </TextLine>
            <TextLine id="tr_1_tl_43" custom="readingOrder {index:42;}">
                <Coords points="738,3823 1898,3811 1900,3768 738,3787"/>
                <Baseline points="746,3817 803,3817 861,3815 919,3814 977,3811 1034,3809 1092,3811 1150,3808 1208,3806 1265,3805 1323,3805 1381,3804 1439,3802 1496,3802 1554,3802 1612,3800 1670,3799 1727,3796 1785,3796 1843,3796 1901,3793"/>
                <TextEquiv>
                    <Unicode>ten „Anatole-Zyklus wieder auf die Bühne stellten. Sie ver¬</Unicode>
                </TextEquiv>
            </TextLine>
            <TextLine id="tr_1_tl_44" custom="readingOrder {index:43;}">
                <Coords points="738,3857 1815,3854 1889,3804 738,3822"/>
                <Baseline points="746,3853 803,3853 860,3853 917,3852 975,3850 1032,3850 1089,3847 1147,3847 1204,3847 1261,3847 1319,3843 1376,3841 1433,3841 1490,3841 1548,3838 1605,3838 1662,3835 1720,3835 1777,3837 1834,3833 1892,3835"/>
                <TextEquiv>
                    <Unicode>trauten die Rolle des Jünglings Herrn Anton Ethofer an</Unicode>
                </TextEquiv>
            </TextLine>
            <TextLine id="tr_1_tl_45" custom="readingOrder {index:44;}">
                <Coords points="738,3902 1882,3893 1895,3844 738,3856"/>
                <Baseline points="746,3891 803,3891 861,3891 918,3891 976,3889 1034,3889 1091,3888 1149,3885 1206,3887 1264,3883 1322,3882 1379,3879 1437,3879 1494,3876 1552,3876 1610,3876 1667,3876 1725,3876 1782,3873 1840,3873 1898,3876"/>
                <TextEquiv>
                    <Unicode>der sich ihrer gut annahm, sie aber letzten Endes doch nicht ganz</Unicode>
                </TextEquiv>
            </TextLine>
            <TextLine id="tr_1_tl_46" custom="readingOrder {index:45;}">
                <Coords points="738,3944 1827,3927 1870,3890 738,3899"/>
                <Baseline points="746,3933 802,3930 858,3930 914,3928 971,3927 1027,3927 1083,3926 1139,3924 1196,3927 1252,3924 1308,3924 1364,3922 1421,3921 1477,3918 1533,3917 1589,3915 1646,3915 1702,3915 1758,3914 1814,3912 1871,3909"/>
                <TextEquiv>
                    <Unicode>ausschöpfte. Ein Rest blieb, zu tragen peinlich: ein kleiner Stich¬</Unicode>
                </TextEquiv>
            </TextLine>
            <TextLine id="tr_1_tl_47" custom="readingOrder {index:46;}">
                <Coords points="710,3987 1880,3966 1894,3914 710,3951"/>
                <Baseline points="719,3978 777,3969 836,3969 895,3967 954,3966 1013,3966 1071,3966 1130,3963 1189,3963 1248,3961 1307,3957 1365,3957 1424,3957 1483,3955 1542,3954 1601,3954 1659,3954 1718,3954 1777,3951 1836,3951 1895,3951"/>
                <TextEquiv>
                    <Unicode>ich kann es nicht anders nennen —, der ins Kinohafte führte und</Unicode>
                </TextEquiv>
            </TextLine>
            <TextLine id="tr_1_tl_48" custom="readingOrder {index:47;}">
                <Coords points="710,4011 1563,4045 1894,4011 1864,3956 710,3990"/>
                <Baseline points="719,4005 781,4008 843,4008 905,4008 967,4008 1029,4008 1091,4005 1153,4002 1215,4002 1277,4002 1339,4000 1401,3999 1463,3999 1525,3997 1587,3996 1649,3995 1711,3993 1773,3990 1835,3990 1898,3990"/>
                <TextEquiv>
                    <Unicode>damit dem garten Gebilde des Wiener Dichters etwas von der</Unicode>
                </TextEquiv>
            </TextLine>
            <TextEquiv>
                <Unicode></Unicode>
            </TextEquiv>
        </TextRegion>
        <TextRegion orientation="0.0" id="tr_2" custom="readingOrder {index:1;}">
            <Coords points="1925,1970 1925,4119 3151,4119 3151,1970"/>
            <TextLine id="tr_2_tl_1" custom="readingOrder {index:0;}">
                <Coords points="1920,2010 3082,1996 3058,1938 1920,1977"/>
                <Baseline points="1928,2005 1985,2007 2043,2005 2101,2005 2159,2005 2217,2005 2275,2002 2333,2002 2391,2002 2449,2000 2507,1999 2564,1996 2622,1996 2680,1999 2738,1995 2796,1993 2854,1993 2912,1993 2970,1993 3028,1991 3086,1990"/>
                <TextEquiv>
                    <Unicode>Schmelz wahm, der über diese Szenen ausgebreitet liegt. Unter</Unicode>
                </TextEquiv>
            </TextLine>
            <TextLine id="tr_2_tl_2" custom="readingOrder {index:1;}">
                <Coords points="1923,2053 3076,2037 3076,2001 2970,1990 1923,2010"/>
                <Baseline points="1931,2044 1988,2047 2045,2047 2103,2046 2160,2043 2218,2041 2275,2044 2333,2041 2390,2041 2448,2041 2505,2038 2562,2038 2620,2036 2677,2035 2735,2035 2792,2033 2850,2032 2907,2032 2965,2032 3022,2030 3080,2026"/>
                <TextEquiv>
                    <Unicode>der Regie des Russen Iwan Schmith, dieses tüchtigen</Unicode>
                </TextEquiv>
            </TextLine>
            <TextLine id="tr_2_tl_3" custom="readingOrder {index:2;}">
                <Coords points="1920,2092 3076,2080 3040,2035 1922,2053"/>
                <Baseline points="1928,2080 1985,2085 2043,2086 2100,2086 2158,2083 2216,2083 2273,2080 2331,2080 2388,2080 2446,2080 2504,2077 2561,2076 2619,2074 2676,2077 2734,2075 2792,2075 2849,2074 2907,2071 2964,2071 3022,2069 3080,2068"/>
                <TextEquiv>
                    <Unicode>Mannes, gab man von den sieben Szene des „Anatol“, unter</Unicode>
                </TextEquiv>
            </TextLine>
            <TextLine id="tr_2_tl_4" custom="readingOrder {index:3;}">
                <Coords points="1923,2136 3076,2120 3047,2075 1923,2093"/>
                <Baseline points="1931,2122 1988,2124 2045,2125 2103,2122 2160,2123 2218,2123 2275,2119 2333,2119 2390,2117 2448,2116 2505,2116 2562,2118 2620,2114 2677,2113 2735,2108 2792,2110 2850,2110 2907,2110 2965,2110 3022,2108 3080,2107"/>
                <TextEquiv>
                    <Unicode>Weglassung von „Denksteine“ und „Aconie", das fünf anderen</Unicode>
                </TextEquiv>
            </TextLine>
            <TextLine id="tr_2_tl_5" custom="readingOrder {index:4;}">
                <Coords points="1918,2166 3079,2154 3079,2116 3006,2111 1918,2138"/>
                <Baseline points="1925,2160 1982,2161 2040,2163 2098,2160 2156,2160 2214,2160 2272,2160 2330,2159 2388,2157 2446,2154 2504,2154 2561,2154 2619,2154 2677,2151 2735,2151 2793,2151 2851,2148 2909,2148 2967,2148 3025,2148 3083,2145"/>
                <TextEquiv>
                    <Unicode>Stücke: Reizvoll „Die Frage an das Schicksal"; sehr empfindsam</Unicode>
                </TextEquiv>
            </TextLine>
            <TextLine id="tr_2_tl_6" custom="readingOrder {index:5;}">
                <Coords points="1920,2215 3082,2194 3058,2151 1922,2168"/>
                <Baseline points="1928,2202 1985,2200 2043,2202 2101,2202 2159,2200 2217,2198 2275,2196 2333,2196 2391,2196 2449,2194 2507,2193 2564,2193 2622,2193 2680,2193 2738,2193 2796,2191 2854,2188 2912,2187 2970,2187 3028,2187 3086,2187"/>
                <TextEquiv>
                    <Unicode>verstehend „Weihnachtseinkäufe"; übermütig, jugendhaft berauscht</Unicode>
                </TextEquiv>
            </TextLine>
            <TextLine id="tr_2_tl_7" custom="readingOrder {index:6;}">
                <Coords points="1923,2255 3076,2224 3024,2191 1923,2220"/>
                <Baseline points="1931,2238 1988,2239 2045,2238 2103,2238 2160,2238 2218,2233 2275,2235 2333,2235 2390,2235 2448,2235 2505,2235 2562,2232 2620,2232 2677,2229 2735,2232 2792,2230 2850,2229 2907,2226 2965,2226 3022,2226 3080,2220"/>
                <TextEquiv>
                    <Unicode>„Abschiedssoupeur: ein wenig mit Beigeschmack gemischt die „Evi¬</Unicode>
                </TextEquiv>
            </TextLine>
            <TextLine id="tr_2_tl_8" custom="readingOrder {index:7;}">
                <Coords points="1934,2296 3073,2278 3083,2226 1934,2247"/>
                <Baseline points="1942,2283 1999,2278 2056,2280 2113,2279 2170,2277 2228,2277 2285,2277 2342,2276 2399,2276 2456,2274 2514,2271 2571,2271 2628,2271 2685,2271 2742,2270 2800,2268 2857,2268 2914,2268 2971,2267 3028,2265 3086,2262"/>
                <TextEquiv>
                    <Unicode>sode" mit dem kleinen Zirkusmädel Bianca und schließlich</Unicode>
                </TextEquiv>
            </TextLine>
            <TextLine id="tr_2_tl_9" custom="readingOrder {index:8;}">
                <Coords points="1923,2336 3079,2316 3062,2270 1923,2297"/>
                <Baseline points="1931,2324 1988,2319 2046,2319 2103,2316 2161,2316 2219,2316 2276,2316 2334,2313 2391,2313 2449,2313 2507,2313 2564,2312 2622,2310 2679,2310 2737,2309 2795,2307 2852,2307 2910,2307 2967,2304 3025,2304 3083,2301"/>
                <TextEquiv>
                    <Unicode>„Anoto's Hoch=eitsmonen“, des Ende dieses Zuklus mit der drauf¬</Unicode>
                </TextEquiv>
            </TextLine>
            <TextLine id="tr_2_tl_10" custom="readingOrder {index:9;}">
                <Coords points="1918,2370 3085,2348 3034,2308 1918,2333"/>
                <Baseline points="1925,2360 1983,2357 2041,2355 2099,2354 2157,2354 2216,2354 2274,2352 2332,2351 2390,2351 2448,2351 2507,2351 2565,2350 2623,2348 2681,2348 2739,2347 2798,2345 2856,2343 2914,2342 2972,2342 3030,2342 3089,2339"/>
                <TextEquiv>
                    <Unicode>gängerischen Ilona, die den Herzallerliebsten, der nun ins Bür¬</Unicode>
                </TextEquiv>
            </TextLine>
            <TextLine id="tr_2_tl_11" custom="readingOrder {index:10;}">
                <Coords points="1920,2404 3085,2386 3085,2348 3025,2343 1920,2373"/>
                <Baseline points="1928,2393 1986,2396 2044,2396 2102,2396 2160,2393 2218,2395 2276,2393 2334,2393 2392,2390 2450,2390 2508,2390 2566,2390 2624,2388 2682,2387 2740,2387 2798,2387 2856,2385 2914,2387 2972,2383 3030,2381 3089,2378"/>
                <TextEquiv>
                    <Unicode>gerliche entgleitet, nicht frieden will. — Fünf kleine, sehr fein</Unicode>
                </TextEquiv>
            </TextLine>
            <TextLine id="tr_2_tl_12" custom="readingOrder {index:11;}">
                <Coords points="1923,2452 3082,2425 3009,2383 1925,2407"/>
                <Baseline points="1931,2435 1988,2435 2046,2435 2104,2435 2162,2434 2219,2432 2277,2432 2335,2431 2393,2429 2450,2429 2508,2429 2566,2429 2624,2427 2681,2426 2739,2426 2797,2424 2855,2423 2912,2423 2970,2423 3028,2421 3086,2420"/>
                <TextEquiv>
                    <Unicode>beobachtete, seelenvoll zart eingestimmte Bier zu dem ewig jungen</Unicode>
                </TextEquiv>
            </TextLine>
            <TextLine id="tr_2_tl_13" custom="readingOrder {index:12;}">
                <Coords points="1920,2483 3016,2476 3088,2464 3089,2422 1920,2455"/>
                <Baseline points="1928,2477 1986,2474 2044,2474 2102,2474 2160,2471 2219,2471 2277,2471 2335,2471 2393,2468 2451,2468 2510,2468 2568,2465 2626,2465 2684,2465 2742,2465 2801,2463 2859,2462 2917,2462 2975,2459 3033,2459 3092,2456"/>
                <TextEquiv>
                    <Unicode>und unausschöpfbaren Thema „Liebe". Man soll nicht gleich an</Unicode>
                </TextEquiv>
            </TextLine>
            <TextLine id="tr_2_tl_14" custom="readingOrder {index:13;}">
                <Coords points="1920,2525 2988,2516 3085,2506 3086,2464 1920,2480"/>
                <Baseline points="1928,2507 1986,2513 2044,2513 2102,2513 2160,2512 2218,2510 2276,2510 2334,2507 2392,2507 2450,2505 2508,2507 2566,2506 2624,2504 2682,2504 2740,2504 2798,2502 2856,2501 2914,2501 2972,2498 3030,2496 3089,2498"/>
                <TextEquiv>
                    <Unicode>Schnitzlers „Reigen“ denken; denn der Dichter hat den Skandal</Unicode>
                </TextEquiv>
            </TextLine>
            <TextLine id="tr_2_tl_15" custom="readingOrder {index:14;}">
                <Coords points="1925,2555 3088,2540 3065,2500 1926,2520"/>
                <Baseline points="1934,2545 1991,2551 2049,2551 2107,2551 2165,2551 2223,2549 2281,2548 2339,2547 2397,2545 2455,2545 2513,2545 2570,2545 2628,2545 2686,2542 2744,2541 2802,2539 2860,2539 2918,2539 2976,2536 3034,2536 3092,2530"/>
                <TextEquiv>
                    <Unicode>der sensationellen, kasseninstinktmäßig angelegten Berliner Auf¬</Unicode>
                </TextEquiv>
            </TextLine>
            <TextLine id="tr_2_tl_16" custom="readingOrder {index:15;}">
                <Coords points="1934,2601 3103,2592 3071,2543 1935,2559"/>
                <Baseline points="1942,2590 2000,2586 2058,2592 2116,2590 2174,2590 2233,2589 2291,2587 2349,2584 2407,2584 2465,2584 2524,2584 2582,2584 2640,2584 2698,2581 2756,2580 2815,2578 2873,2578 2931,2578 2989,2578 3047,2576 3106,2572"/>
                <TextEquiv>
                    <Unicode>führung sicherlich nicht gewollt. Dazu ist er viel zu abwegig, zu¬</Unicode>
                </TextEquiv>
            </TextLine>
            <TextLine id="tr_2_tl_17" custom="readingOrder {index:16;}">
                <Coords points="1934,2640 3079,2617 3004,2577 1934,2599"/>
                <Baseline points="1942,2629 1999,2629 2056,2629 2113,2631 2170,2627 2227,2626 2284,2626 2341,2625 2398,2625 2455,2623 2512,2623 2569,2623 2626,2623 2683,2620 2740,2617 2797,2617 2854,2617 2911,2617 2968,2616 3025,2614 3083,2611"/>
                <TextEquiv>
                    <Unicode>sein und zu absolut on die Ideen seiner Spiel: hingegeben, die er¬</Unicode>
                </TextEquiv>
            </TextLine>
            <TextLine id="tr_2_tl_18" custom="readingOrder {index:17;}">
                <Coords points="1923,2671 3018,2671 3071,2620 1923,2638"/>
                <Baseline points="1931,2668 1988,2670 2045,2671 2102,2671 2159,2669 2216,2665 2273,2665 2331,2665 2388,2663 2445,2662 2502,2662 2559,2662 2616,2662 2673,2659 2731,2660 2788,2660 2845,2659 2902,2656 2959,2655 3016,2653 3074,2647"/>
                <TextEquiv>
                    <Unicode>der Arzt, psychologisch begründen kann. Man soll bei „Anatol</Unicode>
                </TextEquiv>
            </TextLine>
            <TextLine id="tr_2_tl_19" custom="readingOrder {index:18;}">
                <Coords points="1920,2717 2991,2708 3080,2702 3082,2656 1920,2672"/>
                <Baseline points="1928,2709 1985,2709 2043,2709 2101,2707 2159,2707 2216,2707 2274,2707 2332,2703 2390,2701 2447,2703 2505,2701 2563,2700 2621,2698 2678,2698 2736,2698 2794,2696 2852,2695 2909,2695 2967,2695 3025,2695 3083,2692"/>
                <TextEquiv>
                    <Unicode>vor allem aber nicht vergessen, daß diese Szenen die Grundlage für</Unicode>
                </TextEquiv>
            </TextLine>
            <TextLine id="tr_2_tl_20" custom="readingOrder {index:19;}">
                <Coords points="1923,2760 3085,2739 3028,2695 1925,2717"/>
                <Baseline points="1931,2748 1988,2746 2046,2745 2104,2745 2162,2745 2220,2745 2278,2745 2336,2742 2394,2742 2452,2736 2510,2736 2567,2738 2625,2736 2683,2736 2741,2736 2799,2736 2857,2734 2915,2733 2973,2732 3031,2732 3089,2730"/>
                <TextEquiv>
                    <Unicode>das schwermütige, bittersüße Lid „Liebelei" gewesen sind. In</Unicode>
                </TextEquiv>
            </TextLine>
            <TextLine id="tr_2_tl_21" custom="readingOrder {index:20;}">
                <Coords points="1928,2796 3106,2784 3092,2735 1928,2757"/>
                <Baseline points="1936,2784 1994,2790 2053,2787 2111,2785 2170,2784 2229,2781 2287,2781 2346,2781 2405,2781 2463,2779 2522,2778 2581,2778 2639,2777 2698,2775 2757,2775 2815,2774 2874,2772 2933,2769 2991,2769 3050,2769 3109,2763"/>
                <TextEquiv>
                    <Unicode>diesem Zusammenhang sehen sich die Dinge ganz anders on: man</Unicode>
                </TextEquiv>
            </TextLine>
            <TextLine id="tr_2_tl_22" custom="readingOrder {index:21;}">
                <Coords points="1928,2827 3088,2842 3083,2775 1928,2793"/>
                <Baseline points="1936,2823 1993,2826 2051,2826 2109,2826 2167,2826 2225,2824 2282,2826 2340,2822 2398,2820 2456,2820 2514,2820 2571,2817 2629,2817 2687,2814 2745,2817 2803,2817 2860,2815 2918,2811 2976,2811 3034,2811 3092,2805"/>
                <TextEquiv>
                    <Unicode>begreift den Dichter, sein Wollen, sein Können, seine Liebe zur</Unicode>
                </TextEquiv>
            </TextLine>
            <TextLine id="tr_2_tl_23" custom="readingOrder {index:22;}">
                <Coords points="1928,2869 1937,2867 1977,2884 1986,2879 2001,2887 2017,2875 2043,2873 2043,2836 2019,2836 2013,2830 1982,2836 1956,2830 1928,2833"/>
                <Baseline points="1936,2865 1963,2867 1991,2867 2019,2865 2047,2868"/>
                <TextEquiv>
                    <Unicode>Sache.</Unicode>
                </TextEquiv>
            </TextLine>
            <TextLine id="tr_2_tl_24" custom="readingOrder {index:23;}">
                <Coords points="2011,2924 3094,2912 3095,2842 2013,2876"/>
                <Baseline points="2020,2909 2073,2915 2127,2918 2181,2916 2235,2913 2289,2915 2343,2915 2396,2912 2450,2912 2504,2910 2558,2909 2612,2909 2666,2909 2720,2909 2773,2907 2827,2906 2881,2903 2935,2903 2989,2902 3043,2901 3097,2901"/>
                <TextEquiv>
                    <Unicode>Die Tatsache, daß man nun in den Kammerspielen, nachdem</Unicode>
                </TextEquiv>
            </TextLine>
            <TextLine id="tr_2_tl_25" custom="readingOrder {index:24;}">
                <Coords points="1928,2970 3117,2958 3117,2921 2991,2905 1928,2912"/>
                <Baseline points="1936,2957 1995,2957 2054,2957 2113,2957 2173,2957 2232,2954 2291,2954 2350,2954 2410,2951 2469,2951 2528,2951 2587,2945 2647,2948 2706,2946 2765,2948 2824,2945 2884,2943 2943,2942 3002,2943 3061,2941 3121,2942"/>
                <TextEquiv>
                    <Unicode>der Abend erfrischend entzückte, diese Schnitzlerschen Szenen spielen</Unicode>
                </TextEquiv>
            </TextLine>
            <TextLine id="tr_2_tl_26" custom="readingOrder {index:25;}">
                <Coords points="1931,2998 3097,2988 3097,2949 3042,2946 1932,2970"/>
                <Baseline points="1939,2996 1997,2996 2055,2996 2113,2996 2171,2995 2229,2993 2287,2993 2345,2990 2403,2990 2461,2990 2519,2990 2577,2987 2635,2987 2693,2987 2751,2986 2809,2984 2867,2984 2925,2981 2983,2981 3041,2979 3100,2978"/>
                <TextEquiv>
                    <Unicode>wird, muß festgehalten werden. Was hier an wienerisch lächelnder</Unicode>
                </TextEquiv>
            </TextLine>
            <TextLine id="tr_2_tl_27" custom="readingOrder {index:26;}">
                <Coords points="1934,3052 3052,3034 3095,2989 1935,3004"/>
                <Baseline points="1942,3038 1999,3035 2057,3035 2115,3035 2173,3036 2230,3032 2288,3032 2346,3032 2404,3030 2461,3029 2519,3029 2577,3026 2635,3026 2692,3026 2750,3023 2808,3023 2866,3021 2923,3020 2981,3020 3039,3020 3097,3017"/>
                <TextEquiv>
                    <Unicode>Melancholie gegeben wird, ist unvergleichlich wertvoller als all das</Unicode>
                </TextEquiv>
            </TextLine>
            <TextLine id="tr_2_tl_28" custom="readingOrder {index:27;}">
                <Coords points="1937,3085 3091,3065 3091,3024 2997,3022 1938,3049"/>
                <Baseline points="1945,3074 2002,3077 2060,3074 2117,3074 2175,3071 2232,3071 2290,3071 2347,3070 2405,3068 2462,3068 2520,3068 2577,3067 2635,3065 2692,3065 2750,3062 2807,3062 2865,3059 2922,3059 2980,3059 3037,3057 3095,3056"/>
                <TextEquiv>
                    <Unicode>andere, was man uns mit dem Thema Liebe zum Beispiel von</Unicode>
                </TextEquiv>
            </TextLine>
            <TextLine id="tr_2_tl_29" custom="readingOrder {index:28;}">
                <Coords points="1940,3128 3055,3109 3094,3068 1940,3083"/>
                <Baseline points="1948,3112 2005,3112 2062,3112 2120,3108 2177,3108 2234,3109 2292,3109 2349,3108 2406,3104 2464,3103 2521,3103 2578,3103 2636,3103 2693,3103 2750,3100 2808,3100 2865,3097 2922,3095 2980,3095 3037,3095 3095,3095"/>
                <TextEquiv>
                    <Unicode>französischer Seite immer wieder und noch in den letzten Tagen</Unicode>
                </TextEquiv>
            </TextLine>
            <TextLine id="tr_2_tl_30" custom="readingOrder {index:29;}">
                <Coords points="1928,3165 3021,3152 3095,3143 3097,3107 1928,3122"/>
                <Baseline points="1936,3154 1994,3150 2052,3150 2110,3148 2168,3148 2226,3148 2284,3148 2342,3148 2400,3144 2458,3144 2516,3142 2574,3142 2632,3142 2690,3139 2748,3139 2806,3139 2864,3137 2922,3136 2980,3135 3038,3133 3097,3133"/>
                <TextEquiv>
                    <Unicode>vorsetzte. Gewiß, auch in Schnitzer ist neben dem Wienerischen</Unicode>
                </TextEquiv>
            </TextLine>
            <TextLine id="tr_2_tl_31" custom="readingOrder {index:30;}">
                <Coords points="1931,3198 3092,3186 3052,3137 1932,3159"/>
                <Baseline points="1939,3187 1996,3190 2054,3188 2112,3190 2170,3189 2228,3185 2285,3184 2343,3184 2401,3184 2459,3184 2517,3181 2574,3183 2632,3179 2690,3178 2748,3178 2806,3178 2863,3176 2921,3175 2979,3172 3037,3172 3095,3172"/>
                <TextEquiv>
                    <Unicode>das Prickende des französischen Esprits, was die Franzosen aber</Unicode>
                </TextEquiv>
            </TextLine>
            <TextLine id="tr_2_tl_32" custom="readingOrder {index:31;}">
                <Coords points="1931,3234 3094,3216 3016,3171 1932,3199"/>
                <Baseline points="1939,3229 1996,3232 2054,3232 2112,3232 2170,3228 2228,3226 2286,3223 2344,3224 2402,3225 2460,3223 2518,3220 2575,3219 2633,3215 2691,3217 2749,3216 2807,3214 2865,3214 2923,3214 2981,3211 3039,3211 3097,3208"/>
                <TextEquiv>
                    <Unicode>nicht haben, ist die uns, die wienerische Innigkeit dieses Dich¬</Unicode>
                </TextEquiv>
            </TextLine>
            <TextLine id="tr_2_tl_33" custom="readingOrder {index:32;}">
                <Coords points="1937,3277 3070,3265 3091,3213 1937,3241"/>
                <Baseline points="1945,3268 2002,3267 2060,3268 2117,3268 2175,3268 2232,3266 2290,3262 2347,3262 2405,3262 2462,3262 2520,3262 2577,3259 2635,3256 2692,3256 2750,3256 2807,3256 2865,3253 2922,3250 2980,3250 3037,3250 3095,3250"/>
                <TextEquiv>
                    <Unicode>ters, der mit dem einen Auge lacht, während ihm aus dem anderen</Unicode>
                </TextEquiv>
            </TextLine>
            <TextLine id="tr_2_tl_34" custom="readingOrder {index:33;}">
                <Coords points="1931,3312 3094,3302 3070,3251 1932,3281"/>
                <Baseline points="1939,3306 1996,3306 2054,3306 2112,3306 2170,3305 2228,3303 2286,3303 2344,3300 2402,3299 2460,3297 2518,3297 2575,3294 2633,3294 2691,3294 2749,3294 2807,3292 2865,3291 2923,3291 2981,3291 3039,3289 3097,3288"/>
                <TextEquiv>
                    <Unicode>die Tränen der Rührung fallen. Es scheint mir müßig zu sein,</Unicode>
                </TextEquiv>
            </TextLine>
            <TextLine id="tr_2_tl_35" custom="readingOrder {index:34;}">
                <Coords points="1934,3353 2952,3348 3095,3301 1934,3312"/>
                <Baseline points="1942,3345 1999,3347 2057,3345 2115,3345 2173,3344 2230,3342 2288,3342 2346,3339 2404,3337 2461,3336 2519,3336 2577,3335 2635,3333 2692,3333 2750,3332 2808,3330 2866,3328 2923,3327 2981,3327 3039,3325 3097,3324"/>
                <TextEquiv>
                    <Unicode>die Frage zu stellen, ob dieser Jüngling Anatol in den Jahren, da</Unicode>
                </TextEquiv>
            </TextLine>
            <TextLine id="tr_2_tl_36" custom="readingOrder {index:35;}">
                <Coords points="1934,3390 3049,3378 3095,3335 1934,3353"/>
                <Baseline points="1942,3381 1999,3387 2057,3387 2115,3384 2173,3383 2230,3381 2288,3381 2346,3378 2404,3376 2461,3375 2519,3375 2577,3375 2635,3373 2692,3372 2750,3371 2808,3367 2866,3366 2923,3369 2981,3366 3039,3366 3097,3366"/>
                <TextEquiv>
                    <Unicode>wir ihn nicht saken, jung blieben ist? Er war der alte, derselbe</Unicode>
                </TextEquiv>
            </TextLine>
            <TextLine id="tr_2_tl_37" custom="readingOrder {index:36;}">
                <Coords points="1934,3439 3004,3423 3091,3411 3092,3371 1934,3390"/>
                <Baseline points="1942,3423 1999,3425 2057,3424 2114,3423 2172,3423 2230,3421 2287,3420 2345,3417 2403,3417 2460,3415 2518,3414 2576,3413 2633,3411 2691,3411 2749,3410 2806,3408 2864,3408 2922,3405 2979,3405 3037,3405 3095,3405"/>
                <TextEquiv>
                    <Unicode>Falter von damals, der die Blüten auf der Frühlingswiese seines</Unicode>
                </TextEquiv>
            </TextLine>
            <TextLine id="tr_2_tl_38" custom="readingOrder {index:37;}">
                <Coords points="1943,3469 2946,3463 3098,3452 3100,3409 1943,3439"/>
                <Baseline points="1951,3459 2008,3465 2066,3463 2123,3459 2181,3459 2239,3459 2296,3456 2354,3458 2411,3454 2469,3453 2527,3453 2584,3453 2642,3451 2699,3450 2757,3447 2815,3447 2872,3447 2930,3447 2987,3444 3045,3442 3103,3444"/>
                <TextEquiv>
                    <Unicode>Lebens küßt und das für seinen Selbstzweck hat. Man kann wohl</Unicode>
                </TextEquiv>
            </TextLine>
            <TextLine id="tr_2_tl_39" custom="readingOrder {index:38;}">
                <Coords points="1949,3515 3077,3496 3103,3452 1949,3473"/>
                <Baseline points="1957,3506 2014,3503 2071,3500 2128,3500 2186,3500 2243,3498 2300,3497 2358,3497 2415,3495 2472,3494 2530,3491 2587,3491 2644,3491 2701,3488 2759,3487 2816,3485 2873,3485 2931,3485 2988,3485 3045,3483 3103,3482"/>
                <TextEquiv>
                    <Unicode>sagen, daß dieser Anatol kein Manntypus ist, wie wir ihn jetzt</Unicode>
                </TextEquiv>
            </TextLine>
            <TextLine id="tr_2_tl_40" custom="readingOrder {index:39;}">
                <Coords points="1937,3546 3098,3536 3098,3494 2946,3487 1938,3527"/>
                <Baseline points="1945,3542 2002,3542 2060,3542 2118,3539 2176,3539 2233,3539 2291,3536 2349,3533 2407,3533 2464,3533 2522,3530 2580,3530 2638,3530 2695,3527 2753,3529 2811,3524 2869,3522 2926,3521 2984,3521 3042,3521 3100,3524"/>
                <TextEquiv>
                    <Unicode>etwa für unsere Zeit benötigen, wohl aber, daß er der liebe Junge</Unicode>
                </TextEquiv>
            </TextLine>
            <TextLine id="tr_2_tl_41" custom="readingOrder {index:40;}">
                <Coords points="1943,3583 3103,3576 3103,3533 3031,3525 1943,3548"/>
                <Baseline points="1951,3581 2008,3579 2066,3579 2124,3578 2182,3577 2239,3575 2297,3575 2355,3574 2413,3572 2470,3570 2528,3569 2586,3569 2644,3567 2701,3566 2759,3565 2817,3563 2875,3563 2932,3563 2990,3560 3048,3560 3106,3563"/>
                <TextEquiv>
                    <Unicode>ab, als den wir ihn damals kennen lernten. Ihn verurteilen,</Unicode>
                </TextEquiv>
            </TextLine>
            <TextLine id="tr_2_tl_42" custom="readingOrder {index:41;}">
                <Coords points="1940,3630 3058,3615 3098,3574 1940,3588"/>
                <Baseline points="1948,3620 2005,3621 2063,3618 2120,3617 2178,3617 2236,3615 2293,3617 2351,3616 2408,3612 2466,3613 2524,3611 2581,3608 2639,3608 2696,3605 2754,3604 2812,3602 2869,3602 2927,3602 2984,3602 3042,3602 3100,3605"/>
                <TextEquiv>
                    <Unicode>hieße auch Lüge am eigenen Ich begehen, hieße sich unwahrhaftig</Unicode>
                </TextEquiv>
            </TextLine>
            <TextLine id="tr_2_tl_43" custom="readingOrder {index:42;}">
                <Coords points="1943,3668 3100,3667 3101,3618 1943,3630"/>
                <Baseline points="1951,3662 2008,3660 2066,3659 2123,3656 2181,3659 2239,3659 2296,3656 2354,3655 2411,3653 2469,3651 2527,3650 2584,3650 2642,3648 2699,3647 2757,3644 2815,3644 2872,3644 2930,3641 2987,3641 3045,3641 3103,3641"/>
                <TextEquiv>
                    <Unicode>vor die Brust schlagen und das Seiende als nichtseiend zu erklären.</Unicode>
                </TextEquiv>
            </TextLine>
            <TextLine id="tr_2_tl_44" custom="readingOrder {index:43;}">
                <Coords points="2020,3728 3100,3701 3052,3653 2022,3671"/>
                <Baseline points="2029,3712 2082,3711 2136,3709 2190,3709 2243,3709 2297,3706 2351,3706 2404,3705 2458,3703 2512,3703 2566,3700 2619,3700 2673,3700 2727,3698 2780,3697 2834,3694 2888,3693 2941,3691 2995,3691 3049,3689 3103,3691"/>
                <TextEquiv>
                    <Unicode>Um die Aufführung der Kammerspiele machten sich neben</Unicode>
                </TextEquiv>
            </TextLine>
            <TextLine id="tr_2_tl_45" custom="readingOrder {index:44;}">
                <Coords points="1940,3755 3056,3746 3101,3701 1941,3716"/>
                <Baseline points="1948,3751 2005,3753 2063,3751 2121,3751 2179,3748 2236,3748 2294,3748 2352,3745 2410,3743 2467,3742 2525,3742 2583,3741 2641,3739 2698,3736 2756,3736 2814,3734 2872,3733 2929,3733 2987,3730 3045,3730 3103,3727"/>
                <TextEquiv>
                    <Unicode>Anton Edhofer Hermann Thimie und in den Mädchenrollen</Unicode>
                </TextEquiv>
            </TextLine>
            <TextLine id="tr_2_tl_46" custom="readingOrder {index:45;}">
                <Coords points="1940,3801 3106,3770 3095,3737 1941,3753"/>
                <Baseline points="1948,3790 2006,3792 2064,3790 2122,3790 2180,3787 2238,3785 2296,3784 2354,3784 2412,3781 2470,3781 2528,3781 2586,3780 2644,3778 2702,3778 2760,3775 2818,3774 2876,3772 2934,3772 2992,3769 3050,3769 3109,3763"/>
                <TextEquiv>
                    <Unicode>Erika von Thellmann (Coca), Lina Lossen (eine wunder¬</Unicode>
                </TextEquiv>
            </TextLine>
            <TextLine id="tr_2_tl_47" custom="readingOrder {index:46;}">
                <Coords points="1940,3832 3034,3829 3103,3817 3104,3770 1940,3801"/>
                <Baseline points="1948,3829 2005,3828 2063,3828 2121,3829 2179,3825 2237,3823 2295,3823 2353,3820 2411,3819 2469,3819 2527,3817 2584,3816 2642,3814 2700,3814 2758,3813 2816,3811 2874,3809 2932,3808 2990,3810 3048,3808 3106,3805"/>
                <TextEquiv>
                    <Unicode>bare Frau Gabriele), Margarete Christians seine herz¬</Unicode>
                </TextEquiv>
            </TextLine>
            <TextLine id="tr_2_tl_48" custom="readingOrder {index:47;}">
                <Coords points="1940,3875 3062,3863 3101,3814 1940,3850"/>
                <Baseline points="1948,3868 2005,3869 2063,3868 2121,3868 2179,3865 2236,3863 2294,3865 2352,3859 2410,3859 2467,3857 2525,3856 2583,3855 2641,3853 2698,3853 2756,3853 2814,3851 2872,3850 2929,3850 2987,3847 3045,3847 3103,3844"/>
                <TextEquiv>
                    <Unicode>erfrischende Annie), Margarete von Bukowicz (Bianca und</Unicode>
                </TextEquiv>
            </TextLine>
            <TextLine id="tr_2_tl_49" custom="readingOrder {index:48;}">
                <Coords points="1949,3918 3103,3901 3103,3854 3030,3848 1950,3880"/>
                <Baseline points="1957,3906 2014,3907 2071,3906 2129,3906 2186,3903 2244,3903 2301,3900 2359,3897 2416,3899 2474,3895 2531,3897 2588,3893 2646,3891 2703,3891 2761,3891 2818,3889 2876,3888 2933,3888 2991,3888 3048,3886 3106,3888"/>
                <TextEquiv>
                    <Unicode>Stelle Arbenina (als rassige Ilona) verdient. Es gab schöne,</Unicode>
                </TextEquiv>
            </TextLine>
            <TextLine id="tr_2_tl_50" custom="readingOrder {index:49;}">
                <Coords points="1946,3956 3100,3932 3052,3887 1947,3914"/>
                <Baseline points="1954,3942 2011,3945 2068,3945 2126,3942 2183,3941 2241,3939 2298,3936 2356,3935 2413,3933 2471,3933 2528,3933 2585,3930 2643,3930 2700,3930 2758,3929 2815,3927 2873,3927 2930,3924 2988,3924 3045,3922 3103,3924"/>
                <TextEquiv>
                    <Unicode>wohlgelungene Bühnenbilder, einen harmonischen Ablauf der</Unicode>
                </TextEquiv>
            </TextLine>
            <TextLine id="tr_2_tl_51" custom="readingOrder {index:50;}">
                <Coords points="1941,4009 3110,4005 3073,3926 1943,3957"/>
                <Baseline points="1951,3987 2009,3986 2067,3984 2125,3984 2183,3981 2241,3981 2299,3981 2357,3978 2415,3977 2473,3975 2531,3972 2589,3971 2647,3969 2705,3969 2763,3971 2821,3969 2879,3967 2937,3966 2995,3966 3053,3964 3112,3966"/>
                <TextEquiv>
                    <Unicode>Szenen und demeureusen eine Anteilnahme des Publikums, die</Unicode>
                </TextEquiv>
            </TextLine>
            <TextLine id="tr_2_tl_52" custom="readingOrder {index:51;}">
                <Coords points="1964,4067 3106,4060 3137,3999 1964,4027"/>
                <Baseline points="1972,4062 2030,4062 2088,4063 2147,4059 2205,4062 2263,4059 2322,4059 2380,4059 2438,4056 2497,4054 2555,4053 2613,4050 2672,4050 2730,4047 2788,4047 2847,4046 2905,4044 2963,4041 3022,4040 3080,4038 3139,4041"/>
                <TextEquiv>
                    <Unicode>bewies, daß ihnen die lächelnde Grazie der Spiele Freude bereitet</Unicode>
                </TextEquiv>
            </TextLine>
            <TextLine id="tr_2_tl_53" custom="readingOrder {index:52;}">
                <Coords points="2900,4100 2955,4088 2982,4103 3001,4090 3044,4090 3101,4118 3147,4113 3149,4051 3131,4046 3107,4060 3064,4042 3031,4052 2994,4040 2902,4055"/>
                <Baseline points="2909,4085 2935,4084 2962,4080 2989,4079 3016,4079 3043,4077 3070,4077 3097,4081 3124,4081 3151,4079"/>
                <TextEquiv>
                    <Unicode>W. C. G.</Unicode>
                </TextEquiv>
            </TextLine>
            <TextLine id="tr_2_tl_54" custom="readingOrder {index:53;}">
                <Coords points="1955,4130 1985,4127 1990,4133 2043,4133 2063,4124 2095,4125 2096,4078 2075,4073 2057,4081 2049,4072 2028,4076 2020,4069 2008,4076 1977,4067 1956,4073"/>
                <Baseline points="1963,4109 1990,4107 2017,4105 2044,4104 2071,4103 2098,4103"/>
                <TextEquiv>
                    <Unicode>hatte.</Unicode>
                </TextEquiv>
            </TextLine>
            <TextEquiv>
                <Unicode></Unicode>
            </TextEquiv>
        </TextRegion>
    </Page>
</PcGts>
