3296 4224
102 186 458 269 4.9. An
491 182 607 257 to
559 182 959 291 k
1223 167 1583 262 box 8/6
1217 510 2120 632 neisto, Stockholm, St. Peters¬
1442 598 1732 657 burg, Toronto.
1417 629 1777 719 lenangabe ohne Garde,
1067 703 1443 788 Ausschnitt aus:
1416 720 2119 862 er und, Bern
1082 842 1175 902 no
1410 897 1886 988 Theater und Konzerte
1157 979 2108 1087 „Anatol", Einakter=Zyklus von
1380 1024 1887 1104 Arthur Schnitzler.
1190 1085 2095 1154 Il. Im eleganten Junggesellenheim des vor¬
1159 1136 2094 1197 nehmen Wien sitzen zwei Bonvivants, die noch
1162 1170 2098 1236 nicht müde sind vom Erleben und Konversieren
1158 1219 2095 1281 über das Thema der Bonvivants im elganten
1166 1250 2095 1323 Junggesellenheim: sie tun es typisch, mit
1152 1309 2093 1362 witzigen und spöttischen Bemerkungen und über
1160 1347 2096 1420 ihrer ganzen Art liegt Humor und leichte köst¬
1154 1392 2099 1456 liche Selbstironie. Anatol macht eine Entwick¬
1151 1432 2091 1502 lung durch; nicht in seinem Charakter, sondern
1158 1480 2089 1548 im Gegenstand seiner Zuneigung: von Cora,
1152 1521 2087 1589 dem Mädel mit den zerstochenen Fingern, das
1151 1564 2092 1634 den Tischler heiratet, dem süßen Mädel, der
1154 1608 2089 1681 Balleteuse, der Zirkusreiterin zur Schauspiele¬
1153 1662 2086 1728 rin, d. h. dem Typus, den Bonvivants in abend¬
1152 1700 2093 1761 lichen Gesprächen bei Wein und Zigarette da¬
1151 1747 2089 1814 mit bezeichnen. Es ist eine Parallelentwicklung
1151 1787 2093 1854 des männlichen Geschmackes, vom süßen zum
1154 1830 2092 1900 stark gewürzten und vom stark gewürzten wie¬
1146 1874 2089 1941 der zum süßen. Daß sie Cora, Annie, Bianca,
1159 1916 2086 1983 Ilona heißt, ist gleichgültig; die Hauptsache ist,
1145 1969 2086 2027 wie der gute Anatol, gut an der Grenze des dem
1141 2008 2086 2077 Manne zustehenden Maßes dieser Eigenschaft
1142 2051 2085 2115 ohne Intelligenzdefekt, immer wieder von
1145 2105 2086 2159 neuem gläubig ist und mit einer gewissen Re¬
1134 2133 2077 2199 ligion der Selbstverständlichkeit der bezahlten
1140 2182 1441 2237 Liebe huldigt.
1557 2195 2080 2247 Um Liebesgeschichten, die
1140 2231 2081 2289 noch nicht hinter uns liegen, erzählen zu
1140 2278 2077 2330 können, daß der Zuhörer sich darüber freuen
1142 2312 2081 2378 kann, wie Max, Anatols Freund, es tut, muß
1140 2363 2081 2422 man über seine eigenen Gefühle gleichsam hin¬
1139 2405 2077 2469 wegschauen können, muß sie wie Kinder behan¬
1142 2446 2079 2510 deln können, denen man gut ist und deren Un¬
1142 2494 2068 2546 gezogenheit man erträgt, weil es eben Kinder
1139 2537 2074 2603 sind. Und so macht es Anatol. Es gehört nicht
1134 2584 2072 2636 zu seine Art, sich verblüffen zu lassen und über
1140 2624 2072 2682 sich selt ärgerlich zu sein. Der leichtsinnige
1134 2662 2069 2731 Melan oliker ist in seiner Weltanschauung
1134 2711 2066 2769 konsequent. — Die zarteste Szene aus den
1134 2757 2068 2815 Zyklus sind „Weihnachtseinkäufe". Sie ist in
1134 2797 2064 2859 ihren Andeutungen, ihren seinen psychologi¬
1139 2835 2072 2900 schen Apercus und in der leichten Wehmut, die
1136 2888 2068 2942 über dem Bilde von dem Mann und der Frau
1133 2927 2064 2996 im Flockenwirbeln am Weihnachtsabend liegt
1133 2968 2056 3049 so gehoben, daß sie fast nicht zu dem kräftigerer
1127 3023 2029 3072 Kontur der anderen Stücke zu passen scheint.
1179 3061 2061 3117 Leider haben nicht alle Einakter eine befrie¬
1130 3101 2056 3164 digende Aufführung gefunden; es fehlte von
1892 3142 2095 3217 e
1103 3161 1200 3232 und
1127 3255 2077 3309 allem an Stimmung und auch am richtigen Ver¬
1140 3306 2069 3363 ständnis für solche Wienerische Gestalten. Und
1127 3341 2069 3401 dann verlangen diese Stücke auch mehr zu
1146 3386 2072 3448 zenischer Ausstattung. Der stimmungsvolle
1134 3428 2069 3493 Rahmen läßt sich hier schwer entbehren. Von
1136 3483 2075 3533 dem sehr schwach besetzten Haus ging allerdings
1130 3528 2073 3577 auch keine Stimmung aus und so blieb vieles
1134 3571 2073 3622 an Wirkung ungehoben. Auch in der Auf¬
1136 3599 2077 3668 fassung einzelner Rollen konnte man sich mit
1136 3650 2073 3705 der Darstellung nicht ganz einverstanden er¬
1136 3691 2073 3755 klären. Namentlich den Anatol selbst stelle ich
1140 3737 2083 3802 mir weniger als gemeinen Jungen, denn als
1133 3792 1671 3859 feinen Selbstironiker vor.
