3296 4224
1270 193 1640 298 box 8/6
154 183 625 308 4.9. Anato
904 203 1071 314 ku
2416 884 2678 979 berücksich¬
2105 926 2691 1031 van bei uns erst vierzig
1431 976 2691 1077 Jahre im eigenen Lande ausgeführt wird, so kann
1077 1025 2678 1116 ... der Hand und instruierte man von einem rapiden Aufschwung spre¬
62 1090 1637 1172 sui, wie er das ja auch bei den Staatssekretär Delbrück persönlich zu allen
1663 1113 2681 1172 chen. Neben den kaiserlichen Werften und der Ak¬
62 1159 1634 1221 fentitels an Caprivi und Fragen, die im Verlauf der langwierigen Kommis¬
1657 1159 2684 1215 tiengeselschaft „Vulkan“ wurden nach dem Jahre
62 1205 1630 1264 Hinzufügung eines anderen sonsverhandlungen auftauchten. In seiner „ziel
1653 1208 2684 1264 1870 die Weser=Werft und Germania in Kiel sowie
69 1260 2684 1365 flere zeichnet Silhouetten, um sein, die Zirkusdame, deren Liebe Anatol in meten Fenster. Oder beim roten Lampenschein,
59 1352 593 1414 so vieles nur ganz leise ge¬
622 1352 1627 1408 einer Dämmerstunde einfing und die ihn beim Wie
1653 1359 2684 1408 wenns still im Zimmer ist. Im Theater verlieren
65 1404 596 1467 einziges halblautes Wort
619 1404 2678 1457 dersehen kaum wiedererkennt; dann Emilie, die diese Szenen ihren innersten Klang, hier verflüch¬
62 1447 599 1506 ber dieses eine halblaute
622 1447 2684 1506 vorher schon Andere besaßen, die die Erinnerungen tigt sich ihr feinster Reiz, hier zerfließt der leichte
56 1503 596 1555 und einen verglommenen
619 1503 1637 1562 en alle jene Andern opferte bis auf jenen kleinen
1660 1503 2681 1562 Schaum. Was im Buch so unendlich heimlich wirkt,
62 1548 2684 1601 n uns vor Wehmut zittern winzigen Gedenkstein, bis auf jenen kostbaren weil es ganz unmittelbar zum Leser spricht, das geht
65 1598 596 1663 ilnahme wachzurufen. Die¬
622 1601 1640 1657 schwarzen Diamanten, der ihre Erinnerung an die
1666 1601 2684 1660 auf der Szene in tausend Scherben. Es sei denn,
82 1643 596 1696 schmiegt sich an unsere
619 1643 1634 1699 erste Liebesnacht war und ihr Dirnentum enthüllt.
1660 1640 2678 1709 daß ein intimer Raum die Forderungen der Bühne
65 1683 596 1748 Sehnsucht los; und die Er¬
619 1689 2678 1748 Ferner (im „Abschiedssouper") das Theatermädchen, nach starker Wirkung maßvoll beschränkt. Das Mann¬
59 1738 1634 1801 dene Schmerzen beginnen das Anatol den Abschied gibt, weil sie ihm die Treue
1663 1745 2681 1804 heimer Hoftheater ist ganz und gar nicht der Raum,
59 1794 596 1873 den uns mit leiser Trauer,
615 1794 2684 1850 nicht brechen will und der nun Anatol ins Gesicht, die Feinheiten der „Anatol“=Stücke zu zeigen. Das
615 1840 2675 1892 ruft, daß er an ihr längst zum Verräter ward. End¬ brachte die heutige Aufführung schmerzhaft zum Be¬
72 1850 593 1951 melancholischer Schwelger
619 1886 1630 1958 lich der feierlich=wehmütige Abschied von seiner
1657 1886 2684 1945 wußtsein. Von den sieben Stücken spielte man: „Die
72 1938 593 2000 Lebens und kostet von al¬
615 1938 1015 2010 liebestollen Jugend.
1653 1938 2671 1994 Frage an das Schicksal“, „Weihnachtseinkäufe", „Ab
65 1974 593 2040 klicher. Aber er kann nicht
1666 1987 2678 2046 schiedssouper", „Episode" und „Anatols Hochzeits¬
674 1951 1637 2040 Episodenstücke. Bruchteile aus einer Handlungs¬
85 2023 589 2095 sei. Es ist immer etwas
1660 2023 2681 2089 morgen". Herr Ernst Rotmund als Anatol.
615 2030 1637 2098 kette. Dramatische Kleinigkeiten. Miniaturen. Es
65 2076 589 2134 hattet, das ihn einschnür
1657 2082 2684 2141 Im Gespräch mit Gabriele charakterisiert sich Anatol
619 2085 1630 2144 gibt noch mehr Etiketten. Aber ein wie heller
65 2121 596 2193 verbüstert. Einmal ist es
1653 2131 2681 2193 als leichtsinnigen Melancholiker. Herr Rotmund
622 2134 1634 2190 Glanz, eine wie menschliche Wärme geht von diesen
59 2177 596 2233 hmt, dann wieder ist das
622 2177 2684 2236 Stücken aus. In allen diesen Situationen stoßen war mehr leichtsinnig als melancholisch. Einzelnes
52 2226 1630 2282 henliebe, was ihn schmerzt, wir auf irgend eine lebendige Erinnerung, die un¬
1653 2233 2671 2292 gelang ihm gut. Doch das entsprang mehr einer
62 2275 593 2331 schung einer Liebe, die ihn
1653 2275 2681 2334 gewissen Routine. Das Meiste war zu sehr auf
615 2275 1630 2337 mit dem Stück in Beziehungen bringt. Der Duft
59 2324 596 2380 anfällt, oder das Abschieds¬
615 2321 2675 2387 zerflossener Träume umfängt uns und wiegt uns äußere Wirkung gestellt, zu sehr bengalisch be¬
98 2373 2671 2432 Geliebten. Immer ist ein. Zuweilen ist es, als stiege ein Hauch von leuchtet, zu wenig von innen heraus gestaltet. Er
79 2423 1621 2495 Glück. Immer ist es ein welken Herbstblättern herauf und riefe Vergänglich
1653 2416 2675 2478 sprach manche Sätze aus, auf denen der Fettglanz
59 2462 583 2544 bedrängt, der ihn empfind
1657 2472 2671 2527 der Schminke lag. Besser traf Herr Alexander
609 2472 894 2550 keitsgedanken.
56 2518 429 2573 Zweifelsucht nährt.
671 2485 2675 2573 Wir haben in unserer deutschen Dramen=Lite¬ Kökert den ironischen Ton des Max. Aber auch
46 2560 2678 2632 Schwelger, der das Glück ratur nichts von einer ähnlich spielerischen Eleganz er beschwerte sehr häufig den feinen Pessimismus
56 2616 2671 2665 en der Liebe finden kann, als diesen „Anatol“. Wir haben nichts, das uns mit zu großem Gewicht. Die Damenrollen ver¬
59 2662 1634 2720 ein Dasein und jede schenkt mit seiner wiegenden Grazie, das uns mit seinem
1657 2671 2678 2734 traten Irene Weißenbacher (Cora), Thila
69 2711 579 2763 sich von seiner weichen An¬
1647 2707 2675 2766 Hummel (Gabriele), Marianne Rub (Annie),
615 2717 1627 2773 sanften Lächeln, mit seiner feinen Ironie so ent¬
65 2763 593 2819 hinterläßt ihm irgend ein
615 2753 2675 2825 zückte, als dieses Schnitzler=Stück. Und wir haben Daisy Orska (Bianca) und Lene Blankenfeld
52 2809 1630 2865 Liebe, aber niemals nimmt auch keine Komödien, die so ohne alle Prätentionen
1657 2815 1823 2887 (Ilona).
56 2851 1630 2920 sen ihren Nöten von ihm geschrieben sind, als die komödienhaften Erlebnisse
1709 2832 2665 2927 Zum dritten und letzten Male: man muß Schnitz
52 2907 589 2979 sich ganz wegzugeben. Er
612 2910 1624 2969 dieses Schwelgers, der an der Tafel des Lebens sitz
1657 2917 2671 2999 lers „Anatol“ im Zwielicht lesen, oder beim roten
52 2956 1627 3018 cke der Ekstase. Immer und von allen Schüsseln kostet und der das Gluck
2573 2966 2675 3028 Und
1653 2963 2527 3022 Lampenschein, wenns still im Zimmer ist.
56 3002 1627 3084 neutrales Land. So huschen immer erst hinter den Schmerzen der Liebe finden
1650 3002 2671 3068 wenn die Hand die letzte Seite wendet, wird der
56 3045 586 3110 das Mädchen aus der Vor¬
609 3054 723 3130 kann.
1650 3064 2671 3133 Mund lächeln und leise sagen: Welch wundervolles
49 3100 586 3162 zliche Frische hereinbringt
2098 3110 2635 3189 Hermann Bagusche.
1653 3120 1768 3192 Buch!
43 3149 586 3212 Die nach einem Abenteuer
665 3120 1630 3202 Man muß (sagte ich) dieses Stück im Zwielicht
52 3198 1657 3264 alent dazu besitzt, Geliebte lesen, im Gaukelspiel der Dämmerung, am geöff¬
