3392 4256
242 166 1157 298 4.9. Anatol - Zyklu-
1358 187 1718 295 box 9/3
900 919 1078 996 Seite 8
1548 907 1949 1013 Wien, Donnerstag
2419 934 2784 1025 DER TAO
862 1046 2786 1140 nachmittags: Andreas Reischek über „Japan und gehen. Sie ist wie ein vorsichtiger Eiertanz, oder raschte
871 1106 1728 1169 seine Kultur". (Film.) — Hörsaal 28 der juridi¬
1757 1130 2782 1193 mehr noch, als hätte er das Gefühl, auf lebendigen der viel
869 1147 1723 1205 schen Fakultät, um 7 Uhr abends: Dr. Hans
1757 1171 2774 1229 Leibern zu schreiten. se nervöse Empfindsamkeit „Fechta
864 1188 1726 1270 Prager über „Dostojewski als Kriminalphilo¬
869 1222 967 1277 soph"
1747 1217 2616 1282 ist es eben, die uns alle Dinge um ihn lebendig
2645 1226 2774 1291 sellschaf
1747 1270 2765 1337 macht, wenn er von ihrer Berührung zusammen= Werdn,
866 1255 1466 1349 Jubiläumskonzert der „Zuflucht
900 1322 2760 1411 Die „Zuflucht" veranstaltet anläßlich ihres zuckt. Er schafft sich eine Atmosphäre, in dem er meisten
1750 1361 1954 1435 sie erleidet.
2630 1370 2762 1440 Marie
864 1358 1728 1438 fünfundzwanzigjährigen Bestandes ein Fest¬
1798 1402 2731 1474 Der sonst so ausgezeichnete Herr Rainer war gung
866 1421 1738 1481 konzert, das Mittwoch den 18. März im Großen
1752 1447 2604 1517 als Max unzulänglich. Er forcierte eine Feschig
2633 1459 2760 1531 „Geschi
866 1469 2755 1572 Musikvereinssaale stattfindet. Ihre Mitwirkung keit, die ihm nicht steht, und seine Ironie hatte Laune
864 1519 1718 1586 haben in liebenswürdigster Weise zugesagt
1747 1546 2611 1603 einen kalten Unterton, der uns an der Freund¬
2638 1562 2762 1627 man
864 1565 1726 1630 Frau Kammersängerin Selma Kurz¬
1757 1594 2774 1663 schaft des Freundes zweifeln ließ. Hingegen ließ eine W
869 1615 1723 1670 Halban, Frau Margarete Gelbar¬
1747 1646 2782 1723 das Josefstädter=Theater mit den fünf Frauen der den sich
869 1663 1723 1735 Assea; die Herren Kammersänger Leo Sleza
1757 1690 2609 1752 fünf Einakter eine imposante Parade seines Reich¬
2635 1706 2770 1778 trug di
862 1711 2772 1819 und Willi Wolski. Beginn 7 Uhr. Karten zum tum defilieren. Frau Urban=Kneidinger berg
869 1762 1726 1826 Preise von 1 bis 10 Schilling zu haben an der
1747 1793 2760 1867 als Cora war frisch wie Quellwasser, das einem half,
862 1814 2760 1906 Konzertkasse Gutmann und bei den Damen durch die Finger fließt und nicht zu fassen ist heimni
862 1848 1138 1927 des Vorstandes.
1740 1891 2614 1946 Frau Fein produzierte in einem Zehnminuten¬
2640 1906 2748 1970 puppe
1752 1934 2724 2004 spiel eine Polyphonie an Nuancen, mit denen eine nicht
890 1915 1723 2014 Die Wiener Fleischbänke=Gesellschaft verkauft
1752 1980 2609 2035 Durchschnittsschauspielerin ihr Leben lang aus¬
862 1987 1718 2047 in ihren Filialen ab Donnerstag den 5. März un¬
2630 1987 2758 2057 und
1750 2026 2760 2107 kommen könnte. Den Fachmann würde eine Statis
862 2033 1723 2083 erreichbar billig hochprima gefrorene amerikanische
862 2066 2755 2143 Schweinsleber à 15.000 K., Schweinsnierndeln mikroskopische Detaillierung reizen. Frau Hagen anstalt
852 2100 1378 2194 à 18.000 K. per Kilogramm.
1740 2117 2616 2177 als die Wiener Vorkriegsdame Gabriele schuf in
2640 2146 2755 2208 Fraue¬
1747 2170 2616 2222 einem kurzen Gespräch einen prägnanten Typus
2638 2196 2765 2266 fen mi
1742 2215 2611 2275 der herzlichen Vornehmheit und der mit verhal¬
1097 2198 1512 2306 Billige Hafen.
1745 2258 2616 2318 tenem Schmerz leicht parfumierten süddeutschen
854 2275 1718 2350 In den ungarischen Tiefebenen haben erst jetzt
1745 2275 2746 2374 Eleganz, die gewiß zu den delikatesten Wiener Er¬
852 2326 1718 2383 die Großjagden stattgefunden. Infolge großer
1740 2357 2614 2414 innerungen gehört. Frau Terwin-Moissi
852 2371 1716 2448 Zufuhren gelangen bei sämtlichen Wildbret¬
936 2407 1651 2465 händlern in Wien Hafen zum Verkaufe.
1735 2407 2604 2465 war eine Ilona voll Temperament und Schmiß
1745 2450 2609 2510 Und Frau Geßner als Annie im Abschieds¬
862 2436 1723 2532 neeseen
2633 2467 2738 2525 Samm¬
1740 2496 2748 2570 souper war eine Sensation für sich. Nie wurde Bespe¬
1745 2544 2606 2604 noch plebejische Unverfrorenheit mit so viel Ge¬
2633 2568 2734 2621 Volks
874 2534 1714 2681 Bühne und Kunst
1742 2590 2746 2681 schmack und Takt restlos in Charme aufgelöst, nie Diese
1740 2645 2602 2695 wurde noch Zynismus so herzenswarm durch un¬
2628 2669 2736 2722 zurück
1190 2664 1394 2748 Anatol.
1733 2700 2736 2772 widerstehliche Natur! Und wir wollen noch Herrn und
1738 2743 2734 2815 Kalbeck für die Regie danken die diesem Spielen
850 2707 1716 2837 Fünf Episoden von Artur Schnitzler. — Josef
1740 2791 2736 2861 der schwerelosen Melancholie und des verträumten Einke
1150 2791 1428 2873 städter=Theater.
1735 2827 2604 2892 Scherzes den lückenlosen, leichten Fluß gab und
2628 2858 2734 2918 Bezü¬
888 2818 2599 2935 Die Regisseure des Josefstädter=Theaters be¬ in dem Miniaturtumult, im Kammerchaos sozu
2626 2906 2731 2974 A. E.
845 2914 1721 2964 rieten seinerzeit darüber, ob man diese lieben Ein¬
1745 2928 2599 2986 sagen, der Souperszene eine hohe technische Vir¬
2628 2957 2736 3022 tagsa=
845 2959 2592 3046 akter der tränenfeuchten Frivolität nicht im tuosität zeigte. Es war gewiß einer der erquickend
2628 3005 2726 3062 garan
840 3000 2172 3082 Kostüm der Zeit spielen sollte. Im „Kostüm der sten Abende der Saison.
852 3046 1723 3113 Zeit? Ist es denn schon so lange her? Dem
2621 3055 2729 3113 für
2234 3041 2568 3156 Béla Balas.
2618 3098 2724 3163 diese
845 3098 1718 3161 größten Pedanten der historischen Treue würde es
850 3158 1716 3221 nicht einfallen, ein vorjähriges Stück in der vor¬
1937 3144 2414 3262 Modernes Theater.
845 3197 1726 3257 jährigen Mode spielen zu lassen. Das Wechseln der
2621 3187 2707 3259 eine
845 3206 2719 3302 Mode bedeutet meistens nur ein Wechseln der „Fräulein Jeanne — unsere Geliebte", Lustspiel Aus
1985 3283 2354 3370 von Felix Gandera.
850 3290 1718 3360 Saison und nicht das der Zeit. Und doch scheint
2626 3302 2702 3353 der
845 3346 1711 3406 in diesem Fall das Bedenken der Josefstädter Re¬
1781 3343 2599 3420 Fräulein Jeanne, die Kammerzose, ist ein
840 3391 1716 3449 gisseure nicht unangebracht gewesen zu sein. Denn
1740 3394 2714 3475 anständiges Mädchen. Da der Herr sie zu sich
842 3437 2717 3509 diese lebensfrische, in jeder psychologischen Einzel¬ nehmen will, verrät siie's der Frau. Die Frau
845 3485 1711 3542 heit auch heute noch gültige Dichtung ist ein¬
1745 3506 2599 3564 geht zum Rendezvous. Und niemand hat's ge¬
845 3533 1718 3590 historische Miniature aus der Vorkriegsepoche, die
1740 3554 2602 3605 sehen. Nicht einmal der Herr. Weil's finster war.
857 3581 1709 3629 (so nahe gebracht, wie sie es nur die dufterhaltend
1735 3602 2604 3660 Auch nicht der Hausfreund. Beide halten die
845 3624 1709 3694 Schnitzlersche Kunst nahebringen kann, zeigt es sich
1733 3646 2609 3720 Gattin für die Zofe. In der Nacht. Das stiftet
842 3670 1704 3730 erst) uns ferner dünkt als Krinolinen und Pe
1735 3691 2095 3770 heitere Verwirrung.
850 3715 1714 3773 rücken. Gewiß: die süße Wehmut der leichten Liebe
1788 3708 2604 3806 Verwirrt ist rasch was. Die Fäden auf drei
850 3768 1714 3823 ist uns auch heute nicht fremd. Die Sehnsucht
1738 3780 2599 3850 Akte auszudehnen hält dann schwerer. „Fräulein
840 3818 1711 3876 dichtet auch heute noch jedes Abenteuer zum
1745 3838 2599 3900 Jeanne" —, das ist unsere geliebte, französische
850 3854 1711 3922 Gleichnis der großen Liebe um, und parfumier
1735 3886 2590 3941 Schwankidee. Eine sieht wie die andere aus. In
840 3905 1714 3967 die flüchtige Stunde mit Ewigkeitsstimmung, um
1735 3936 2599 3994 zweiten Akt ist sie noch munter, im dritten steht
840 3955 1704 4015 den Verwesungsgeruch zu unterdrücken. Doch eine
1735 3986 2592 4039 sie auf schwachen Beinen. Das Thema ist immer
845 4003 1711 4063 scheint uns heute an diesem Anatol und an allen
1738 4032 2592 4080 das gleiche, das ewig Menschliche, der Text änder
845 4051 1714 4106 andern so exotisch fremd, daß man sie nur in
1740 4073 2592 4135 sich. Hier lustspielt er vom Zofen zum Zoten¬
840 4097 1706 4157 Kostüme kleiden wollte, die mit unserer Trach¬
