<?xml version="1.0" encoding="UTF-8" standalone="yes"?>
<PcGts xmlns="http://schema.primaresearch.org/PAGE/gts/pagecontent/2013-07-15" xmlns:xsi="http://www.w3.org/2001/XMLSchema-instance" xsi:schemaLocation="http://schema.primaresearch.org/PAGE/gts/pagecontent/2013-07-15 http://schema.primaresearch.org/PAGE/gts/pagecontent/2013-07-15/pagecontent.xsd">
    <Metadata>
        <Creator>prov=READ-COOP:name=PyLaia@TranskribusPlatform:version=2.12.1:model_id=39995:lm=provided:date=29_03_2024_01:47</Creator>
        <Created>2019-10-07T11:50:08.714+02:00</Created>
        <LastChange>2024-03-29T01:47:03.715+01:00</LastChange>
        <TranskribusMetadata docId="223994" pageId="9504814" pageNr="182" tsid="156430234" status="IN_PROGRESS" userId="40391" imgUrl="https://files.transkribus.eu/Get?id=RXVZNDUQZIGVDZHPPNONNUIR&amp;fileType=view" xmlUrl="https://files.transkribus.eu/Get?id=UDWUXICGHQFCJNZBNVAAAMVD" imageId="6195028"/>
    </Metadata>
    <Page imageFilename="223994_0182.jpeg" imageWidth="3296" imageHeight="4224">
        <ReadingOrder>
            <OrderedGroup id="ro_1712662521818" caption="Regions reading order">
                <RegionRefIndexed index="0" regionRef="tr_1"/>
                <RegionRefIndexed index="1" regionRef="tr_2"/>
            </OrderedGroup>
        </ReadingOrder>
        <TextRegion orientation="0.0" id="tr_1" custom="readingOrder {index:0;}">
            <Coords points="134,221 134,3729 1611,3729 1611,221"/>
            <TextLine id="tr_1_tl_1" custom="readingOrder {index:0;}">
                <Coords points="1239,258 1395,257 1436,240 1499,269 1607,260 1607,185 1526,184 1506,199 1462,181 1429,204 1350,213 1300,213 1263,182 1239,185"/>
                <Baseline points="1247,244 1273,244 1299,244 1325,246 1351,246 1377,245 1403,244 1429,244 1455,246 1481,247 1507,245 1533,244 1559,244 1585,243 1611,241"/>
                <TextEquiv>
                    <Unicode>box 8/6</Unicode>
                </TextEquiv>
            </TextLine>
            <TextLine id="tr_1_tl_2" custom="readingOrder {index:1;}">
                <Coords points="128,261 243,271 310,255 359,277 502,287 518,280 515,193 403,187 339,222 274,190 239,187 198,214 125,185"/>
                <Baseline points="134,244 159,247 185,250 211,250 237,251 263,253 289,254 315,256 340,256 366,257 392,258 418,259 444,259 470,259 496,259 522,259"/>
                <TextEquiv>
                    <Unicode>4.9. Ana</Unicode>
                </TextEquiv>
            </TextLine>
            <TextLine id="tr_1_tl_3" custom="readingOrder {index:2;}">
                <Coords points="619,287 689,298 783,284 816,302 876,277 1024,301 1038,296 1041,199 944,190 856,204 804,187 757,217 622,187"/>
                <Baseline points="628,260 654,268 680,268 706,268 732,267 758,264 784,261 810,259 836,259 862,259 888,259 914,259 940,257 966,256 992,256 1018,256 1044,256"/>
                <TextEquiv>
                    <Unicode>Zyklu-</Unicode>
                </TextEquiv>
            </TextLine>
            <TextLine id="tr_1_tl_4" custom="readingOrder {index:3;}">
                <Coords points="313,1529 733,1532 724,1480 696,1490 664,1473 578,1505 401,1474 313,1479"/>
                <Baseline points="322,1525 347,1527 373,1528 399,1528 425,1528 451,1528 477,1528 503,1528 529,1526 555,1525 581,1525 607,1526 633,1528 659,1530 685,1531 711,1531 737,1531"/>
                <TextEquiv>
                    <Unicode></Unicode>
                </TextEquiv>
            </TextLine>
            <TextLine id="tr_1_tl_5" custom="readingOrder {index:4;}">
                <Coords points="319,1611 1522,1602 1522,1558 1462,1553 319,1582"/>
                <Baseline points="328,1606 387,1603 447,1603 507,1602 567,1600 627,1600 687,1599 746,1597 806,1597 866,1594 926,1594 986,1594 1046,1594 1106,1592 1165,1591 1225,1591 1285,1589 1345,1591 1405,1588 1465,1588 1525,1588"/>
                <TextEquiv>
                    <Unicode>gehoben. Das Publikum amüsierte sich ausgezeichnet und applau¬</Unicode>
                </TextEquiv>
            </TextLine>
            <TextLine id="tr_1_tl_6" custom="readingOrder {index:5;}">
                <Coords points="1307,1645 1330,1655 1356,1646 1398,1661 1441,1634 1461,1637 1474,1651 1487,1642 1497,1645 1497,1604 1474,1602 1467,1594 1442,1593 1424,1607 1400,1593 1376,1593 1347,1608 1335,1596 1307,1598"/>
                <Baseline points="1316,1632 1342,1632 1368,1632 1395,1630 1421,1629 1448,1629 1474,1631 1501,1632"/>
                <TextEquiv>
                    <Unicode>C. M.-R.</Unicode>
                </TextEquiv>
            </TextLine>
            <TextLine id="tr_1_tl_7" custom="readingOrder {index:6;}">
                <Coords points="318,1669 973,1652 973,1604 941,1601 319,1611"/>
                <Baseline points="328,1650 360,1649 392,1647 425,1647 457,1647 490,1647 522,1644 554,1644 587,1643 619,1641 652,1643 684,1643 716,1641 749,1641 781,1641 814,1640 846,1638 878,1638 911,1638 943,1637 976,1635"/>
                <TextEquiv>
                    <Unicode>dierte stürmisch nach jedem Stück.</Unicode>
                </TextEquiv>
            </TextLine>
            <TextLine id="tr_1_tl_8" custom="readingOrder {index:7;}">
                <Coords points="629,1737 1243,1743 1228,1658 1012,1687 948,1670 895,1693 631,1658"/>
                <Baseline points="638,1722 668,1722 698,1724 729,1725 759,1725 790,1727 820,1728 851,1728 881,1728 912,1728 942,1727 972,1725 1003,1725 1033,1724 1064,1722 1094,1722 1125,1721 1155,1719 1186,1719 1216,1719 1247,1719"/>
                <TextEquiv>
                    <Unicode>Vereinigung Quickborn.</Unicode>
                </TextEquiv>
            </TextLine>
            <TextLine id="tr_1_tl_9" custom="readingOrder {index:8;}">
                <Coords points="400,1804 1525,1781 1508,1705 1221,1753 401,1739"/>
                <Baseline points="408,1791 464,1790 520,1788 576,1788 632,1788 688,1783 744,1785 800,1785 856,1782 912,1782 968,1782 1024,1780 1080,1779 1136,1779 1192,1779 1248,1777 1304,1776 1360,1776 1416,1774 1472,1773 1528,1767"/>
                <TextEquiv>
                    <Unicode>Zum zweiten Mal hatte der Quickborn einen westfälischen</Unicode>
                </TextEquiv>
            </TextLine>
            <TextLine id="tr_1_tl_10" custom="readingOrder {index:9;}">
                <Coords points="322,1836 1525,1827 1515,1781 424,1807 324,1775"/>
                <Baseline points="331,1832 390,1832 450,1829 510,1828 570,1826 630,1826 690,1826 749,1824 809,1823 869,1823 929,1821 989,1820 1049,1820 1109,1818 1168,1817 1228,1815 1288,1817 1348,1817 1408,1814 1468,1814 1528,1814"/>
                <TextEquiv>
                    <Unicode>Dichter als Gast: Herr E. Marcus erfreute die Vereinigung</Unicode>
                </TextEquiv>
            </TextLine>
            <TextLine id="tr_1_tl_11" custom="readingOrder {index:10;}">
                <Coords points="319,1877 1531,1868 1518,1816 319,1835"/>
                <Baseline points="328,1868 388,1868 448,1868 508,1865 569,1865 629,1865 689,1865 750,1864 810,1862 870,1862 931,1860 991,1862 1051,1859 1111,1857 1172,1859 1232,1857 1292,1857 1353,1856 1413,1853 1473,1853 1534,1856"/>
                <TextEquiv>
                    <Unicode>durch die Vorlesung einer Anzahl eigener Gedichte, die sämtlich</Unicode>
                </TextEquiv>
            </TextLine>
            <TextLine id="tr_1_tl_12" custom="readingOrder {index:11;}">
                <Coords points="331,1914 1518,1908 1470,1859 333,1877"/>
                <Baseline points="340,1910 399,1910 458,1907 517,1907 576,1907 635,1906 694,1904 753,1904 812,1904 871,1902 931,1904 990,1901 1049,1901 1108,1901 1167,1898 1226,1897 1285,1895 1344,1895 1403,1895 1462,1893 1522,1892"/>
                <TextEquiv>
                    <Unicode>seinem demnächst erscheinenden Buch „Matzohmes" entstammten</Unicode>
                </TextEquiv>
            </TextLine>
            <TextLine id="tr_1_tl_13" custom="readingOrder {index:12;}">
                <Coords points="328,1959 1537,1936 1453,1898 328,1927"/>
                <Baseline points="337,1952 397,1949 457,1947 517,1946 577,1945 637,1946 697,1943 758,1945 818,1946 878,1943 938,1941 998,1937 1058,1940 1118,1940 1179,1937 1239,1937 1299,1937 1359,1937 1419,1935 1479,1935 1540,1934"/>
                <TextEquiv>
                    <Unicode>Der Dichter, ein hervorragendes Mitglied der Zoologischen</Unicode>
                </TextEquiv>
            </TextLine>
            <TextLine id="tr_1_tl_14" custom="readingOrder {index:13;}">
                <Coords points="325,2000 1534,1990 1535,1938 325,1956"/>
                <Baseline points="334,1988 394,1988 454,1988 514,1988 574,1986 634,1985 694,1985 755,1985 815,1985 875,1982 935,1982 995,1982 1055,1979 1115,1979 1176,1979 1236,1976 1296,1976 1356,1976 1416,1975 1476,1973 1537,1976"/>
                <TextEquiv>
                    <Unicode>Abendgesellschaft zu Münster, war Tisch= und Dichtergenosse des</Unicode>
                </TextEquiv>
            </TextLine>
            <TextLine id="tr_1_tl_15" custom="readingOrder {index:14;}">
                <Coords points="328,2043 1523,2028 1534,1990 330,2003"/>
                <Baseline points="337,2029 397,2029 457,2029 517,2026 577,2026 637,2023 697,2023 757,2023 817,2023 877,2023 937,2021 997,2020 1057,2019 1117,2019 1177,2017 1237,2017 1297,2017 1357,2014 1417,2013 1477,2010 1537,2009"/>
                <TextEquiv>
                    <Unicode>originellen Professors Hermann Landois, an dessen Fastnachts¬</Unicode>
                </TextEquiv>
            </TextLine>
            <TextLine id="tr_1_tl_16" custom="readingOrder {index:15;}">
                <Coords points="313,2081 1535,2070 1512,2020 313,2052"/>
                <Baseline points="322,2065 382,2070 443,2068 504,2068 565,2067 625,2065 686,2065 747,2062 808,2062 868,2065 929,2062 990,2062 1051,2062 1111,2058 1172,2059 1233,2058 1294,2056 1354,2056 1415,2055 1476,2053 1537,2053"/>
                <TextEquiv>
                    <Unicode>und Volksstücken er regen Anteil hatte. Von seinen früheren</Unicode>
                </TextEquiv>
            </TextLine>
            <TextLine id="tr_1_tl_17" custom="readingOrder {index:16;}">
                <Coords points="351,2119 1484,2108 1532,2067 351,2076"/>
                <Baseline points="359,2114 417,2107 476,2107 535,2107 594,2106 652,2104 711,2104 770,2104 829,2103 887,2101 946,2101 1005,2101 1064,2099 1122,2095 1181,2098 1240,2096 1299,2098 1357,2094 1416,2092 1475,2092 1534,2089"/>
                <TextEquiv>
                    <Unicode>Werken nennen wir an dieser Stelle besonders: „Schnippsel vom</Unicode>
                </TextEquiv>
            </TextLine>
            <TextLine id="tr_1_tl_18" custom="readingOrder {index:17;}">
                <Coords points="348,2160 1239,2181 1319,2143 1473,2161 1535,2104 348,2119"/>
                <Baseline points="357,2142 416,2148 475,2146 534,2146 593,2146 652,2148 711,2146 770,2146 829,2144 888,2143 947,2140 1006,2140 1065,2140 1124,2140 1183,2140 1242,2138 1301,2137 1360,2136 1419,2136 1478,2134 1537,2134"/>
                <TextEquiv>
                    <Unicode>Wege des Lebens", „Dürgemös" und „Aolle Döhnkes un nie</Unicode>
                </TextEquiv>
            </TextLine>
            <TextLine id="tr_1_tl_19" custom="readingOrder {index:18;}">
                <Coords points="324,2207 383,2207 435,2193 465,2204 474,2196 523,2196 534,2186 552,2195 553,2157 450,2149 407,2166 325,2160"/>
                <Baseline points="334,2194 361,2192 389,2190 416,2188 444,2188 472,2187 499,2183 527,2184 555,2188"/>
                <TextEquiv>
                    <Unicode>Vertellsels".</Unicode>
                </TextEquiv>
            </TextLine>
            <TextLine id="tr_1_tl_20" custom="readingOrder {index:19;}">
                <Coords points="403,2259 1537,2222 1537,2187 1198,2155 404,2201"/>
                <Baseline points="411,2229 467,2229 523,2226 580,2224 636,2223 693,2223 749,2223 806,2223 862,2223 919,2220 975,2220 1031,2218 1088,2220 1144,2217 1201,2217 1257,2217 1314,2214 1370,2214 1427,2214 1483,2213 1540,2212"/>
                <TextEquiv>
                    <Unicode>Die diesmal vorgelesenen Gedichte bestätigten vollauf den</Unicode>
                </TextEquiv>
            </TextLine>
            <TextLine id="tr_1_tl_21" custom="readingOrder {index:20;}">
                <Coords points="333,2285 1534,2263 1534,2225 1461,2216 334,2227"/>
                <Baseline points="343,2271 402,2271 462,2268 522,2265 581,2265 641,2265 701,2264 760,2264 820,2262 880,2262 940,2260 999,2259 1059,2259 1119,2259 1178,2259 1238,2258 1298,2258 1357,2256 1417,2255 1477,2253 1537,2247"/>
                <TextEquiv>
                    <Unicode>Ruf, den E. Marcus in seiner engeren und weiteren Heimat ge¬</Unicode>
                </TextEquiv>
            </TextLine>
            <TextLine id="tr_1_tl_22" custom="readingOrder {index:21;}">
                <Coords points="325,2320 1531,2301 1531,2262 1474,2257 327,2283"/>
                <Baseline points="334,2310 394,2309 454,2305 514,2302 574,2307 634,2304 694,2305 754,2305 814,2304 874,2301 934,2301 994,2298 1054,2300 1114,2298 1174,2298 1234,2298 1294,2296 1354,2295 1414,2294 1474,2288 1534,2286"/>
                <TextEquiv>
                    <Unicode>nießt. Sie gaben ein klares Bild von der Eigenart und Per¬</Unicode>
                </TextEquiv>
            </TextLine>
            <TextLine id="tr_1_tl_23" custom="readingOrder {index:22;}">
                <Coords points="334,2361 1534,2347 1535,2298 1436,2292 336,2316"/>
                <Baseline points="343,2352 402,2350 462,2346 522,2346 581,2346 641,2346 701,2346 760,2344 820,2340 880,2343 940,2341 999,2340 1059,2340 1119,2340 1178,2337 1238,2337 1298,2337 1357,2337 1417,2334 1477,2334 1537,2334"/>
                <TextEquiv>
                    <Unicode>sönlichkeit des volkstümlichen Dichters. Volkes Lust und Volkes</Unicode>
                </TextEquiv>
            </TextLine>
            <TextLine id="tr_1_tl_24" custom="readingOrder {index:23;}">
                <Coords points="333,2399 1541,2383 1541,2338 334,2361"/>
                <Baseline points="343,2391 403,2389 463,2388 523,2387 583,2385 643,2385 703,2385 763,2385 823,2385 883,2382 943,2382 1003,2379 1063,2380 1123,2380 1183,2379 1243,2379 1303,2379 1363,2376 1423,2375 1483,2373 1543,2370"/>
                <TextEquiv>
                    <Unicode>Leid werden in ihnen lebendig. Ueberhaupt kommt Marcus dem</Unicode>
                </TextEquiv>
            </TextLine>
            <TextLine id="tr_1_tl_25" custom="readingOrder {index:24;}">
                <Coords points="334,2435 1540,2427 1540,2383 1450,2374 336,2397"/>
                <Baseline points="343,2429 403,2429 463,2426 523,2426 583,2426 643,2423 703,2423 763,2423 823,2423 883,2422 943,2420 1003,2420 1063,2420 1123,2420 1183,2420 1243,2417 1303,2417 1363,2414 1423,2414 1483,2413 1543,2409"/>
                <TextEquiv>
                    <Unicode>Volkston, namentlich dem schalkhaft unterstreichenden, häufig in</Unicode>
                </TextEquiv>
            </TextLine>
            <TextLine id="tr_1_tl_26" custom="readingOrder {index:25;}">
                <Coords points="334,2475 1543,2458 1491,2414 334,2437"/>
                <Baseline points="343,2471 403,2470 463,2468 523,2465 583,2464 643,2465 703,2465 764,2465 824,2462 884,2462 944,2460 1004,2459 1064,2458 1124,2458 1185,2459 1245,2456 1305,2454 1365,2453 1425,2452 1485,2452 1546,2447"/>
                <TextEquiv>
                    <Unicode>köstlicher Weise nahe. Anderswo wieder erwärmt uns herzliche</Unicode>
                </TextEquiv>
            </TextLine>
            <TextLine id="tr_1_tl_27" custom="readingOrder {index:26;}">
                <Coords points="331,2525 1540,2500 1394,2459 333,2473"/>
                <Baseline points="340,2516 400,2510 460,2508 520,2507 580,2506 640,2504 700,2504 761,2502 821,2504 881,2503 941,2501 1001,2501 1061,2500 1121,2498 1182,2498 1242,2495 1302,2495 1362,2495 1422,2493 1482,2493 1543,2492"/>
                <TextEquiv>
                    <Unicode>Innigkeit des Gefühls, Namentlich in den Gedichten „Sunnen¬</Unicode>
                </TextEquiv>
            </TextLine>
            <TextLine id="tr_1_tl_28" custom="readingOrder {index:27;}">
                <Coords points="337,2555 1540,2546 1500,2497 337,2528"/>
                <Baseline points="346,2549 405,2549 465,2552 525,2550 585,2545 645,2543 705,2546 764,2544 824,2543 884,2543 944,2545 1004,2540 1064,2539 1124,2539 1183,2540 1243,2537 1303,2537 1363,2534 1423,2531 1483,2531 1543,2531"/>
                <TextEquiv>
                    <Unicode>riagen", „Int Hei", „Dat Leed", „In de Uhlenflucht" prägte sich</Unicode>
                </TextEquiv>
            </TextLine>
            <TextLine id="tr_1_tl_29" custom="readingOrder {index:28;}">
                <Coords points="340,2602 1511,2589 1538,2544 340,2557"/>
                <Baseline points="349,2591 408,2591 468,2588 527,2588 587,2585 646,2584 706,2584 765,2585 825,2585 884,2583 944,2582 1004,2581 1063,2579 1123,2579 1182,2575 1242,2576 1301,2576 1361,2576 1420,2573 1480,2571 1540,2570"/>
                <TextEquiv>
                    <Unicode>die eigene Art des Dichters glücklich aus. Die münsterländische</Unicode>
                </TextEquiv>
            </TextLine>
            <TextLine id="tr_1_tl_30" custom="readingOrder {index:29;}">
                <Coords points="340,2640 1515,2628 1541,2582 340,2602"/>
                <Baseline points="349,2629 408,2629 468,2626 528,2626 587,2626 647,2626 707,2624 766,2624 826,2623 886,2623 946,2623 1005,2620 1065,2620 1125,2620 1184,2617 1244,2617 1304,2617 1363,2614 1423,2613 1483,2612 1543,2612"/>
                <TextEquiv>
                    <Unicode>Mundart bereitete den Hörern von der Waterkante kaum Schwie¬</Unicode>
                </TextEquiv>
            </TextLine>
            <TextLine id="tr_1_tl_31" custom="readingOrder {index:30;}">
                <Coords points="337,2681 1537,2674 1537,2620 337,2643"/>
                <Baseline points="346,2668 405,2671 465,2671 525,2667 584,2665 644,2665 704,2662 763,2662 823,2662 883,2660 943,2662 1002,2662 1062,2659 1122,2659 1181,2656 1241,2659 1301,2661 1360,2659 1420,2656 1480,2654 1540,2653"/>
                <TextEquiv>
                    <Unicode>rigkeiten, aber dafür sind es schließlich ja auch „Hamborger</Unicode>
                </TextEquiv>
            </TextLine>
            <TextLine id="tr_1_tl_32" custom="readingOrder {index:31;}">
                <Coords points="351,2725 1186,2716 1254,2709 1256,2668 353,2677"/>
                <Baseline points="359,2709 404,2710 449,2707 494,2707 539,2704 584,2704 629,2704 674,2701 719,2704 764,2704 809,2701 854,2701 899,2698 944,2701 989,2701 1034,2701 1079,2698 1124,2698 1169,2698 1214,2698 1259,2698"/>
                <TextEquiv>
                    <Unicode>Jungs", und — Wibbelt auch nicht zu vergessen.</Unicode>
                </TextEquiv>
            </TextLine>
            <TextLine id="tr_1_tl_33" custom="readingOrder {index:32;}">
                <Coords points="415,2756 1532,2751 1544,2695 415,2727"/>
                <Baseline points="423,2749 479,2748 535,2746 591,2744 647,2746 703,2744 759,2745 816,2743 872,2743 928,2742 984,2741 1040,2743 1096,2740 1152,2739 1209,2737 1265,2737 1321,2734 1377,2734 1433,2734 1489,2734 1546,2728"/>
                <TextEquiv>
                    <Unicode>Der Vorlesung voraus ging ein gehaltvoller Vortrag des</Unicode>
                </TextEquiv>
            </TextLine>
            <TextLine id="tr_1_tl_34" custom="readingOrder {index:33;}">
                <Coords points="340,2801 1540,2783 1455,2736 340,2751"/>
                <Baseline points="349,2791 408,2788 468,2788 528,2787 587,2785 647,2785 707,2782 766,2780 826,2782 886,2782 946,2782 1005,2782 1065,2781 1125,2781 1184,2779 1244,2778 1304,2776 1363,2776 1423,2776 1483,2774 1543,2773"/>
                <TextEquiv>
                    <Unicode>Dichters über die westfälischen Sagen und Legenden.</Unicode>
                </TextEquiv>
            </TextLine>
            <TextLine id="tr_1_tl_35" custom="readingOrder {index:34;}">
                <Coords points="337,2836 1546,2826 1546,2783 1442,2776 337,2803"/>
                <Baseline points="346,2823 406,2829 466,2827 526,2826 586,2824 646,2826 706,2825 767,2822 827,2823 887,2820 947,2822 1007,2820 1067,2820 1127,2820 1188,2820 1248,2816 1308,2815 1368,2815 1428,2813 1488,2815 1549,2812"/>
                <TextEquiv>
                    <Unicode>Das Land der roten Erde schmückt ein besonders reicher Kranz</Unicode>
                </TextEquiv>
            </TextLine>
            <TextLine id="tr_1_tl_36" custom="readingOrder {index:35;}">
                <Coords points="337,2886 1544,2861 1502,2820 337,2842"/>
                <Baseline points="346,2871 406,2868 466,2865 526,2867 586,2865 646,2865 706,2865 766,2865 826,2862 886,2862 946,2862 1006,2862 1066,2859 1126,2859 1186,2859 1246,2856 1306,2856 1366,2853 1426,2853 1486,2853 1546,2853"/>
                <TextEquiv>
                    <Unicode>davon, und seine Dichter und Dichterinnen, von der Droste und</Unicode>
                </TextEquiv>
            </TextLine>
            <TextLine id="tr_1_tl_37" custom="readingOrder {index:36;}">
                <Coords points="344,2917 1540,2905 1540,2861 344,2879"/>
                <Baseline points="352,2916 411,2912 471,2910 530,2907 590,2907 649,2907 709,2907 768,2905 828,2904 887,2904 947,2904 1007,2904 1066,2904 1126,2902 1185,2901 1245,2899 1304,2897 1364,2898 1423,2897 1483,2897 1543,2895"/>
                <TextEquiv>
                    <Unicode>Grabbe bis Freiligrath, Weber=Dreizehnlinden, Grimme und</Unicode>
                </TextEquiv>
            </TextLine>
            <TextLine id="tr_1_tl_38" custom="readingOrder {index:37;}">
                <Coords points="344,2962 1543,2947 1515,2902 344,2917"/>
                <Baseline points="352,2943 411,2949 471,2949 531,2946 590,2946 650,2946 710,2946 769,2946 829,2943 889,2943 949,2943 1008,2943 1068,2941 1128,2941 1187,2940 1247,2940 1307,2938 1366,2937 1426,2937 1486,2935 1546,2931"/>
                <TextEquiv>
                    <Unicode>Therese Dahn, haben gewetteifert, sie uns in würdigem Gewande</Unicode>
                </TextEquiv>
            </TextLine>
            <TextLine id="tr_1_tl_39" custom="readingOrder {index:38;}">
                <Coords points="347,2997 1435,2993 1540,2984 1541,2947 347,2961"/>
                <Baseline points="355,2991 414,2988 473,2988 533,2988 592,2986 652,2988 711,2987 770,2985 830,2985 889,2984 949,2984 1008,2982 1067,2982 1127,2980 1186,2979 1246,2979 1305,2977 1364,2976 1424,2975 1483,2975 1543,2970"/>
                <TextEquiv>
                    <Unicode>nahe zu bringen und zu bewahren. So streift das einzige Ge¬</Unicode>
                </TextEquiv>
            </TextLine>
            <TextLine id="tr_1_tl_40" custom="readingOrder {index:39;}">
                <Coords points="347,3037 1543,3022 1543,2984 1479,2976 348,2999"/>
                <Baseline points="355,3029 414,3028 474,3029 533,3026 593,3026 652,3026 712,3025 771,3025 831,3023 890,3022 950,3022 1010,3023 1069,3019 1129,3017 1188,3017 1248,3017 1307,3016 1367,3015 1426,3015 1486,3013 1546,3009"/>
                <TextEquiv>
                    <Unicode>dicht der Droste, „Der Knabe im Moor“, vier verschiedene west¬</Unicode>
                </TextEquiv>
            </TextLine>
            <TextLine id="tr_1_tl_41" custom="readingOrder {index:40;}">
                <Coords points="353,3078 1354,3078 1541,3064 1553,3025 354,3037"/>
                <Baseline points="361,3071 420,3069 480,3065 540,3065 599,3065 659,3065 719,3065 778,3065 838,3062 898,3065 958,3065 1017,3062 1077,3062 1137,3060 1196,3056 1256,3056 1316,3056 1375,3056 1435,3055 1495,3053 1555,3050"/>
                <TextEquiv>
                    <Unicode>fälische Sagen. Bekannt ist auch „Heidekinds Erlösung“ von der</Unicode>
                </TextEquiv>
            </TextLine>
            <TextLine id="tr_1_tl_42" custom="readingOrder {index:41;}">
                <Coords points="347,3119 1347,3116 1550,3101 1552,3064 347,3089"/>
                <Baseline points="355,3113 415,3110 475,3110 535,3107 595,3107 655,3107 715,3106 775,3104 835,3104 895,3104 955,3102 1015,3104 1075,3101 1135,3101 1195,3098 1255,3098 1315,3098 1375,3095 1435,3095 1495,3093 1555,3089"/>
                <TextEquiv>
                    <Unicode>Drostennichte Therese Dahn. Die Sagen von Beckum, dem west¬</Unicode>
                </TextEquiv>
            </TextLine>
            <TextLine id="tr_1_tl_43" custom="readingOrder {index:42;}">
                <Coords points="353,3159 1517,3151 1553,3095 353,3116"/>
                <Baseline points="361,3152 420,3150 480,3149 540,3146 599,3146 659,3146 719,3146 778,3146 838,3146 898,3143 958,3143 1017,3143 1077,3143 1137,3141 1196,3140 1256,3140 1316,3138 1375,3137 1435,3134 1495,3134 1555,3131"/>
                <TextEquiv>
                    <Unicode>fälischen Schilda, von dem Grienkenschmied, von dem Bischof zu</Unicode>
                </TextEquiv>
            </TextLine>
            <TextLine id="tr_1_tl_44" custom="readingOrder {index:43;}">
                <Coords points="344,3197 1552,3190 1553,3148 344,3163"/>
                <Baseline points="352,3188 412,3191 472,3189 532,3188 592,3185 652,3188 712,3184 773,3184 833,3185 893,3183 953,3183 1013,3182 1073,3185 1133,3183 1194,3182 1254,3179 1314,3179 1374,3176 1434,3176 1494,3176 1555,3170"/>
                <TextEquiv>
                    <Unicode>Münster, von dem hockenden Weib zu Dörende, dem zu Stein</Unicode>
                </TextEquiv>
            </TextLine>
            <TextLine id="tr_1_tl_45" custom="readingOrder {index:44;}">
                <Coords points="344,3239 1517,3230 1549,3190 345,3197"/>
                <Baseline points="352,3229 412,3229 472,3229 532,3226 592,3226 652,3226 712,3223 772,3225 832,3223 892,3223 952,3221 1012,3223 1072,3222 1132,3220 1192,3220 1252,3219 1312,3219 1372,3215 1432,3214 1492,3214 1552,3209"/>
                <TextEquiv>
                    <Unicode>erstarrten, von der hartherzigen Schwester, die ihres Geizes we¬</Unicode>
                </TextEquiv>
            </TextLine>
            <TextLine id="tr_1_tl_46" custom="readingOrder {index:45;}">
                <Coords points="344,3277 1552,3273 1538,3216 344,3241"/>
                <Baseline points="352,3271 412,3270 472,3268 532,3268 592,3266 652,3268 712,3265 773,3265 833,3265 893,3265 953,3265 1013,3265 1073,3265 1133,3263 1194,3262 1254,3261 1314,3259 1374,3259 1434,3256 1494,3254 1555,3253"/>
                <TextEquiv>
                    <Unicode>gen spuken muß — sind bei uns mehr oder weniger unbekannt</Unicode>
                </TextEquiv>
            </TextLine>
            <TextLine id="tr_1_tl_47" custom="readingOrder {index:46;}">
                <Coords points="347,3335 388,3323 401,3332 441,3314 477,3312 500,3323 540,3315 541,3277 492,3283 473,3271 444,3283 426,3271 413,3279 406,3274 348,3285"/>
                <Baseline points="355,3316 381,3312 408,3310 435,3308 462,3307 489,3307 516,3307 543,3307"/>
                <TextEquiv>
                    <Unicode>geblieben.</Unicode>
                </TextEquiv>
            </TextLine>
            <TextLine id="tr_1_tl_48" custom="readingOrder {index:47;}">
                <Coords points="424,3356 1535,3349 1550,3273 1239,3315 424,3318"/>
                <Baseline points="432,3346 488,3349 544,3349 600,3349 656,3346 712,3345 768,3344 824,3346 880,3343 936,3345 992,3344 1048,3344 1104,3343 1160,3343 1216,3343 1272,3341 1328,3340 1384,3339 1440,3337 1496,3335 1552,3334"/>
                <TextEquiv>
                    <Unicode>Wir danken dem Abend, daß weitere Fäden zwischen unserer</Unicode>
                </TextEquiv>
            </TextLine>
            <TextLine id="tr_1_tl_49" custom="readingOrder {index:48;}">
                <Coords points="344,3408 1555,3411 1555,3349 1503,3342 344,3355"/>
                <Baseline points="352,3391 412,3390 472,3390 532,3388 593,3388 653,3386 713,3385 774,3385 834,3385 894,3385 955,3385 1015,3385 1075,3385 1135,3383 1196,3382 1256,3382 1316,3380 1377,3379 1437,3378 1497,3376 1558,3379"/>
                <TextEquiv>
                    <Unicode>Wasserkante und dem Münsterlande geknüpft werden konnten,</Unicode>
                </TextEquiv>
            </TextLine>
            <TextLine id="tr_1_tl_50" custom="readingOrder {index:49;}">
                <Coords points="347,3443 1488,3428 1461,3382 347,3403"/>
                <Baseline points="355,3429 411,3432 468,3429 525,3426 582,3424 639,3426 696,3425 752,3423 809,3425 866,3423 923,3424 980,3424 1037,3423 1094,3423 1150,3423 1207,3423 1264,3420 1321,3420 1378,3419 1435,3418 1492,3418"/>
                <TextEquiv>
                    <Unicode>was für unsere niederdeutsche Sache von großem Belang ist.</Unicode>
                </TextEquiv>
            </TextLine>
            <TextLine id="tr_1_tl_51" custom="readingOrder {index:50;}">
                <Coords points="424,3485 1555,3470 1555,3431 1433,3418 424,3441"/>
                <Baseline points="432,3474 488,3468 544,3467 600,3467 657,3465 713,3465 769,3463 826,3463 882,3462 938,3462 995,3462 1051,3462 1107,3465 1163,3464 1220,3462 1276,3460 1332,3459 1389,3459 1445,3458 1501,3458 1558,3459"/>
                <TextEquiv>
                    <Unicode>Zu Beginn des Abends hatte der Vorsitzende eine Anfrage</Unicode>
                </TextEquiv>
            </TextLine>
            <TextLine id="tr_1_tl_52" custom="readingOrder {index:51;}">
                <Coords points="350,3522 1540,3511 1552,3472 351,3484"/>
                <Baseline points="358,3510 417,3512 477,3510 537,3509 597,3507 657,3507 717,3504 776,3504 836,3504 896,3504 956,3502 1016,3504 1076,3501 1136,3501 1195,3501 1255,3501 1315,3501 1375,3498 1435,3500 1495,3498 1555,3492"/>
                <TextEquiv>
                    <Unicode>wegen der geplanten Lustbarkeitssteuer dahin beantwor¬</Unicode>
                </TextEquiv>
            </TextLine>
            <TextLine id="tr_1_tl_53" custom="readingOrder {index:52;}">
                <Coords points="353,3564 1552,3555 1553,3510 1499,3502 354,3520"/>
                <Baseline points="361,3552 420,3552 480,3549 540,3548 599,3546 659,3546 719,3546 778,3544 838,3546 898,3545 958,3543 1017,3543 1077,3543 1137,3543 1196,3543 1256,3542 1316,3540 1375,3540 1435,3538 1495,3538 1555,3537"/>
                <TextEquiv>
                    <Unicode>tet, daß im Falle einer Ausdehnung dieser Steuer auf Vorträge</Unicode>
                </TextEquiv>
            </TextLine>
            <TextLine id="tr_1_tl_54" custom="readingOrder {index:53;}">
                <Coords points="344,3596 1552,3583 1493,3543 344,3566"/>
                <Baseline points="352,3594 412,3591 472,3589 532,3588 592,3586 652,3588 712,3586 773,3588 833,3585 893,3584 953,3584 1013,3582 1073,3582 1133,3582 1194,3582 1254,3582 1314,3580 1374,3579 1434,3579 1494,3579 1555,3573"/>
                <TextEquiv>
                    <Unicode>und Vorlesungen die „großen Vortragsabende im Conventgar¬</Unicode>
                </TextEquiv>
            </TextLine>
            <TextLine id="tr_1_tl_55" custom="readingOrder {index:54;}">
                <Coords points="353,3640 1556,3625 1540,3580 353,3601"/>
                <Baseline points="361,3632 421,3632 481,3629 541,3628 601,3626 661,3623 721,3622 781,3622 841,3623 901,3625 961,3623 1021,3623 1081,3623 1141,3623 1201,3623 1261,3619 1321,3619 1381,3618 1441,3619 1501,3619 1561,3618"/>
                <TextEquiv>
                    <Unicode>ten wahrscheinlich eingehen müßten, da sie schon jetzt in der Regel</Unicode>
                </TextEquiv>
            </TextLine>
            <TextLine id="tr_1_tl_56" custom="readingOrder {index:55;}">
                <Coords points="353,3688 1485,3674 1558,3625 353,3645"/>
                <Baseline points="361,3677 421,3672 481,3668 541,3668 601,3666 661,3665 721,3665 781,3663 841,3662 901,3665 961,3665 1021,3662 1081,3664 1141,3664 1201,3662 1261,3661 1321,3661 1381,3662 1441,3659 1501,3657 1561,3653"/>
                <TextEquiv>
                    <Unicode>Zubußen aus der Kasse erforderten und außerdem das „Abrech¬</Unicode>
                </TextEquiv>
            </TextLine>
            <TextLine id="tr_1_tl_57" custom="readingOrder {index:56;}">
                <Coords points="353,3736 1556,3716 1556,3659 353,3688"/>
                <Baseline points="361,3719 421,3714 481,3713 541,3710 601,3708 661,3707 721,3709 781,3707 841,3707 901,3707 961,3707 1021,3704 1081,3705 1141,3707 1201,3704 1261,3704 1321,3704 1381,3704 1441,3701 1501,3701 1561,3695"/>
                <TextEquiv>
                    <Unicode>nungsverfahren“ eine weitere Belastung einzelner Vorstandsmit¬</Unicode>
                </TextEquiv>
            </TextLine>
            <TextEquiv>
                <Unicode></Unicode>
            </TextEquiv>
        </TextRegion>
        <TextRegion orientation="0.0" id="tr_2" custom="readingOrder {index:1;}">
            <Coords points="1609,836 1609,3711 2832,3711 2832,836"/>
            <TextLine id="tr_2_tl_1" custom="readingOrder {index:0;}">
                <Coords points="1629,880 2362,894 2482,876 2484,774 2231,792 2143,745 2040,803 1876,760 1780,796 1631,760"/>
                <Baseline points="1638,877 1680,874 1722,871 1765,871 1807,871 1850,869 1892,868 1934,866 1977,865 2019,867 2062,868 2104,867 2146,865 2189,865 2231,864 2274,862 2316,861 2358,859 2401,859 2443,859 2486,859"/>
                <TextEquiv>
                    <Unicode>Klaviere, Pianinos</Unicode>
                </TextEquiv>
            </TextLine>
            <TextLine id="tr_2_tl_2" custom="readingOrder {index:1;}">
                <Coords points="1634,974 2455,962 2455,888 2415,882 1636,930"/>
                <Baseline points="1644,952 1684,952 1725,952 1766,950 1807,949 1847,949 1888,949 1929,949 1970,946 2010,946 2051,946 2092,944 2133,945 2173,944 2214,943 2255,943 2296,943 2336,943 2377,943 2418,943 2459,940"/>
                <TextEquiv>
                    <Unicode>Harmoniums, vorzügliche</Unicode>
                </TextEquiv>
            </TextLine>
            <TextLine id="tr_2_tl_3" custom="readingOrder {index:2;}">
                <Coords points="2502,982 2552,958 2592,973 2700,961 2728,971 2730,901 2692,914 2680,904 2646,904 2624,917 2557,883 2540,892 2503,888"/>
                <Baseline points="2510,955 2537,953 2565,952 2592,952 2620,952 2648,952 2675,952 2703,951 2731,949"/>
                <TextEquiv>
                    <Unicode>/</Unicode>
                </TextEquiv>
            </TextLine>
            <TextLine id="tr_2_tl_4" custom="readingOrder {index:3;}">
                <Coords points="1639,1021 1859,1041 1918,1015 2339,1009 2429,1040 2430,965 1640,976"/>
                <Baseline points="1647,1014 1686,1012 1725,1008 1765,1008 1804,1005 1844,1005 1883,1004 1922,1003 1962,1003 2001,1003 2041,1003 2080,1003 2119,1003 2159,1003 2198,1001 2238,1000 2277,1000 2316,1001 2356,1002 2395,1000 2435,1000"/>
                <TextEquiv>
                    <Unicode>Instrumente aus den renommiertesten</Unicode>
                </TextEquiv>
            </TextLine>
            <TextLine id="tr_2_tl_5" custom="readingOrder {index:4;}">
                <Coords points="2499,1084 2534,1078 2564,1096 2589,1084 2698,1090 2719,1072 2756,1078 2757,979 2739,977 2695,1006 2649,980 2611,986 2560,976 2500,1003"/>
                <Baseline points="2507,1068 2532,1062 2557,1062 2582,1062 2607,1062 2632,1062 2657,1062 2682,1062 2707,1062 2732,1063 2758,1065"/>
                <TextEquiv>
                    <Unicode>Solisten!</Unicode>
                </TextEquiv>
            </TextLine>
            <TextLine id="tr_2_tl_6" custom="readingOrder {index:5;}">
                <Coords points="1648,1096 2318,1082 2399,1073 2400,1026 1649,1026"/>
                <Baseline points="1656,1071 1693,1068 1730,1068 1768,1068 1805,1068 1842,1067 1880,1065 1917,1065 1954,1065 1992,1063 2029,1062 2066,1062 2104,1061 2141,1059 2178,1062 2216,1062 2253,1060 2290,1058 2328,1056 2365,1056 2403,1056"/>
                <TextEquiv>
                    <Unicode>Fabriken, kauft man am besten</Unicode>
                </TextEquiv>
            </TextLine>
            <TextLine id="tr_2_tl_7" custom="readingOrder {index:6;}">
                <Coords points="1883,1129 1938,1140 1949,1131 1976,1138 2009,1123 2063,1145 2093,1131 2116,1140 2117,1094 2095,1085 2061,1085 2047,1075 1924,1090 1912,1078 1885,1081"/>
                <Baseline points="1892,1122 1917,1122 1942,1122 1967,1118 1992,1116 2018,1116 2043,1116 2068,1116 2093,1116 2119,1116"/>
                <TextEquiv>
                    <Unicode>nach dem</Unicode>
                </TextEquiv>
            </TextLine>
            <TextLine id="tr_2_tl_8" custom="readingOrder {index:7;}">
                <Coords points="2461,1158 2490,1151 2548,1167 2579,1152 2658,1158 2703,1143 2754,1155 2754,1094 2744,1091 2713,1088 2649,1113 2633,1099 2596,1111 2538,1105 2510,1085 2462,1093"/>
                <Baseline points="2471,1140 2497,1140 2523,1140 2549,1140 2575,1140 2601,1138 2627,1137 2653,1137 2679,1137 2705,1137 2731,1136 2758,1134"/>
                <TextEquiv>
                    <Unicode>Elegantester</Unicode>
                </TextEquiv>
            </TextLine>
            <TextLine id="tr_2_tl_9" custom="readingOrder {index:8;}">
                <Coords points="1743,1187 1848,1213 1947,1184 2244,1208 2245,1119 2180,1113 2119,1145 2012,1128 1953,1157 1927,1138 1903,1154 1868,1135 1743,1143"/>
                <Baseline points="1752,1182 1778,1182 1804,1182 1830,1180 1856,1179 1882,1179 1908,1179 1934,1179 1960,1179 1986,1179 2012,1179 2038,1179 2064,1179 2090,1176 2116,1173 2142,1175 2168,1176 2194,1176 2220,1176 2247,1176"/>
                <TextEquiv>
                    <Unicode>bequemsten</Unicode>
                </TextEquiv>
            </TextLine>
            <TextLine id="tr_2_tl_10" custom="readingOrder {index:9;}">
                <Coords points="2424,1234 2493,1242 2543,1221 2575,1234 2651,1218 2684,1231 2701,1218 2757,1222 2759,1163 2715,1170 2696,1154 2631,1149 2548,1167 2511,1158 2485,1173 2426,1155"/>
                <Baseline points="2432,1217 2457,1216 2482,1215 2507,1214 2533,1214 2558,1214 2583,1214 2609,1212 2634,1211 2659,1211 2685,1211 2710,1211 2735,1209 2761,1206"/>
                <TextEquiv>
                    <Unicode>Konzertsaal</Unicode>
                </TextEquiv>
            </TextLine>
            <TextLine id="tr_2_tl_11" custom="readingOrder {index:10;}">
                <Coords points="1642,1275 1854,1269 1920,1290 1985,1269 2028,1287 2198,1272 2234,1265 2236,1216 2123,1184 1851,1218 1806,1189 1643,1193"/>
                <Baseline points="1650,1265 1679,1262 1708,1262 1738,1260 1767,1259 1797,1259 1826,1259 1855,1259 1885,1259 1914,1259 1944,1258 1973,1256 2002,1256 2032,1256 2061,1256 2091,1256 2120,1255 2149,1253 2179,1253 2208,1252 2238,1250"/>
                <TextEquiv>
                    <Unicode>Zahlungssystem</Unicode>
                </TextEquiv>
            </TextLine>
            <TextLine id="tr_2_tl_12" custom="readingOrder {index:11;}">
                <Coords points="1660,1421 1891,1423 2023,1401 2098,1423 2163,1388 2164,1345 2066,1353 1999,1333 1944,1351 1908,1324 1850,1348 1707,1319 1661,1332"/>
                <Baseline points="1668,1408 1694,1404 1720,1400 1746,1398 1773,1398 1799,1399 1825,1399 1851,1397 1878,1397 1904,1397 1930,1395 1956,1394 1983,1394 2009,1394 2035,1394 2061,1392 2088,1391 2114,1391 2140,1391 2167,1391"/>
                <TextEquiv>
                    <Unicode>Musica.</Unicode>
                </TextEquiv>
            </TextLine>
            <TextLine id="tr_2_tl_13" custom="readingOrder {index:12;}">
                <Coords points="2266,1427 2409,1436 2493,1414 2631,1421 2666,1441 2744,1418 2745,1347 2696,1332 2564,1377 2505,1338 2409,1330 2268,1379"/>
                <Baseline points="2274,1406 2299,1403 2324,1401 2349,1400 2374,1400 2399,1399 2424,1398 2449,1397 2474,1397 2499,1396 2524,1394 2549,1394 2574,1394 2599,1394 2624,1393 2649,1392 2674,1393 2699,1396 2724,1394 2749,1391"/>
                <TextEquiv>
                    <Unicode>ERASAR</Unicode>
                </TextEquiv>
            </TextLine>
            <TextLine id="tr_2_tl_14" custom="readingOrder {index:13;}">
                <Coords points="1737,1479 1783,1477 1818,1490 1833,1480 1886,1493 1950,1474 1981,1488 2032,1479 2034,1435 1974,1432 1953,1442 1894,1424 1857,1438 1838,1423 1812,1435 1791,1421 1739,1436"/>
                <Baseline points="1746,1465 1772,1467 1798,1468 1824,1468 1851,1468 1877,1468 1903,1468 1929,1468 1956,1466 1982,1465 2008,1465 2035,1468"/>
                <TextEquiv>
                    <Unicode>Wien I.</Unicode>
                </TextEquiv>
            </TextLine>
            <TextLine id="tr_2_tl_15" custom="readingOrder {index:14;}">
                <Coords points="2142,1508 2759,1488 2760,1433 2713,1423 2655,1446 2534,1418 2143,1465"/>
                <Baseline points="2152,1486 2182,1486 2213,1486 2243,1486 2274,1486 2305,1484 2335,1483 2366,1483 2396,1481 2427,1479 2458,1477 2488,1477 2519,1475 2549,1474 2580,1474 2611,1472 2641,1471 2672,1471 2702,1469 2733,1467 2764,1465"/>
                <TextEquiv>
                    <Unicode>Wien, IV., Mühlgasse 28</Unicode>
                </TextEquiv>
            </TextLine>
            <TextLine id="tr_2_tl_16" custom="readingOrder {index:15;}">
                <Coords points="2078,1578 2628,1547 2741,1572 2759,1496 2190,1509 2079,1546"/>
                <Baseline points="2086,1567 2119,1562 2153,1560 2187,1557 2221,1555 2254,1553 2288,1552 2322,1551 2356,1549 2389,1549 2423,1548 2457,1545 2491,1543 2524,1543 2558,1542 2592,1540 2626,1540 2659,1538 2693,1537 2727,1536 2761,1531"/>
                <TextEquiv>
                    <Unicode>(nächst dem Zentrum der Stadt</Unicode>
                </TextEquiv>
            </TextLine>
            <TextLine id="tr_2_tl_17" custom="readingOrder {index:16;}">
                <Coords points="1654,1598 1719,1610 1797,1594 1829,1607 1864,1588 1915,1610 1958,1608 1959,1546 1909,1528 1865,1543 1813,1509 1769,1518 1730,1509 1710,1522 1692,1508 1655,1512"/>
                <Baseline points="1662,1579 1689,1582 1716,1582 1743,1582 1770,1580 1797,1579 1825,1579 1852,1579 1879,1578 1906,1577 1933,1576 1961,1576"/>
                <TextEquiv>
                    <Unicode>Graben /</Unicode>
                </TextEquiv>
            </TextLine>
            <TextLine id="tr_2_tl_18" custom="readingOrder {index:17;}">
                <Coords points="2019,1634 2724,1613 2753,1569 2285,1564 2084,1575 2020,1608"/>
                <Baseline points="2029,1623 2065,1622 2101,1619 2137,1617 2174,1617 2210,1614 2246,1612 2283,1610 2319,1608 2355,1606 2392,1606 2428,1604 2464,1601 2500,1599 2537,1597 2573,1597 2609,1595 2646,1592 2682,1592 2718,1594 2755,1594"/>
                <TextEquiv>
                    <Unicode>gelegen). Fassungsraum 550 Per¬</Unicode>
                </TextEquiv>
            </TextLine>
            <TextLine id="tr_2_tl_19" custom="readingOrder {index:18;}">
                <Coords points="2035,1702 2519,1666 2742,1681 2760,1605 2037,1640"/>
                <Baseline points="2044,1680 2079,1680 2115,1678 2151,1676 2187,1673 2223,1668 2259,1668 2294,1665 2330,1663 2366,1664 2402,1662 2438,1660 2474,1659 2510,1659 2545,1658 2581,1656 2617,1654 2653,1653 2689,1653 2725,1653 2761,1653"/>
                <TextEquiv>
                    <Unicode>sonen. Verbindungen nach allen</Unicode>
                </TextEquiv>
            </TextLine>
            <TextLine id="tr_2_tl_20" custom="readingOrder {index:19;}">
                <Coords points="2292,1742 2316,1736 2345,1750 2356,1740 2382,1745 2400,1733 2424,1742 2470,1727 2505,1739 2579,1736 2579,1698 2514,1680 2494,1686 2473,1672 2423,1693 2383,1681 2359,1695 2332,1681 2292,1683"/>
                <Baseline points="2301,1722 2326,1721 2352,1719 2377,1719 2403,1719 2428,1717 2454,1716 2479,1716 2505,1716 2530,1716 2556,1716 2582,1716"/>
                <TextEquiv>
                    <Unicode>Richtungen.</Unicode>
                </TextEquiv>
            </TextLine>
            <TextLine id="tr_2_tl_21" custom="readingOrder {index:20;}">
                <Coords points="1835,1830 1982,1795 2712,1780 2763,1774 2765,1734 2719,1710 2054,1762 1926,1686 1839,1731"/>
                <Baseline points="1844,1800 1890,1794 1936,1791 1982,1790 2028,1788 2074,1786 2120,1783 2167,1780 2213,1777 2259,1776 2305,1776 2351,1774 2397,1771 2443,1770 2490,1768 2536,1767 2582,1764 2628,1764 2674,1761 2720,1761 2767,1764"/>
                <TextEquiv>
                    <Unicode>Die Konzertreden arrange Veranstaltungen</Unicode>
                </TextEquiv>
            </TextLine>
            <TextLine id="tr_2_tl_22" custom="readingOrder {index:21;}">
                <Coords points="1918,1851 2485,1821 2677,1844 2759,1824 2762,1772 1920,1807"/>
                <Baseline points="1928,1838 1969,1838 2011,1837 2053,1835 2095,1835 2137,1832 2178,1829 2220,1826 2262,1826 2304,1824 2346,1823 2387,1820 2429,1817 2471,1816 2513,1813 2555,1810 2596,1810 2638,1811 2680,1809 2722,1809 2764,1809"/>
                <TextEquiv>
                    <Unicode>und Tourneen in- und ausländischer Künstler.</Unicode>
                </TextEquiv>
            </TextLine>
            <TextLine id="tr_2_tl_23" custom="readingOrder {index:22;}">
                <Coords points="1932,1923 2657,1891 2660,1835 1933,1860"/>
                <Baseline points="1940,1907 1976,1902 2012,1901 2048,1900 2084,1898 2120,1895 2156,1895 2192,1894 2228,1892 2264,1892 2301,1889 2337,1889 2373,1886 2409,1882 2445,1880 2481,1877 2517,1877 2553,1875 2589,1874 2625,1874 2662,1874"/>
                <TextEquiv>
                    <Unicode>Auskunfts- und Kartenverkaufsstelle bei der</Unicode>
                </TextEquiv>
            </TextLine>
            <TextLine id="tr_2_tl_24" custom="readingOrder {index:23;}">
                <Coords points="1824,2037 2253,1990 2576,2014 2769,1976 2774,1917 2111,1897 1830,1929"/>
                <Baseline points="1832,2023 1879,2011 1926,2005 1973,2000 2020,2000 2067,1999 2114,1993 2161,1990 2208,1988 2255,1985 2302,1981 2349,1977 2396,1972 2443,1970 2490,1968 2537,1967 2584,1967 2631,1964 2678,1964 2725,1964 2773,1964"/>
                <TextEquiv>
                    <Unicode>„Musica" A.-G., Graben 17, Hochparterre.</Unicode>
                </TextEquiv>
            </TextLine>
            <TextLine id="tr_2_tl_25" custom="readingOrder {index:24;}">
                <Coords points="1645,2181 2809,2175 2809,2120 2731,2110 1645,2140"/>
                <Baseline points="1653,2173 1714,2172 1775,2170 1836,2170 1897,2170 1958,2170 2019,2170 2080,2168 2141,2170 2202,2167 2263,2167 2324,2167 2385,2164 2446,2164 2507,2164 2568,2164 2629,2164 2690,2164 2751,2164 2812,2164"/>
                <TextEquiv>
                    <Unicode>ge, da er mit dieser Rolle innerlich noch</Unicode>
                </TextEquiv>
            </TextLine>
            <TextLine id="tr_2_tl_26" custom="readingOrder {index:25;}">
                <Coords points="1602,2221 2806,2212 2806,2177 2713,2166 1602,2181"/>
                <Baseline points="1611,2212 1670,2212 1730,2209 1790,2208 1850,2208 1910,2206 1970,2206 2030,2208 2090,2209 2150,2207 2210,2209 2269,2209 2329,2208 2389,2206 2449,2206 2509,2206 2569,2204 2629,2203 2689,2203 2749,2203 2809,2200"/>
                <TextEquiv>
                    <Unicode>lange nicht fertig ist. Auch die vielen anderen Darsteller haben</Unicode>
                </TextEquiv>
            </TextLine>
            <TextLine id="tr_2_tl_27" custom="readingOrder {index:26;}">
                <Coords points="1602,2265 2803,2256 2789,2209 1602,2219"/>
                <Baseline points="1611,2250 1670,2249 1730,2250 1790,2249 1850,2247 1909,2247 1969,2247 2029,2245 2089,2247 2148,2247 2208,2247 2268,2247 2328,2247 2387,2247 2447,2247 2507,2244 2567,2246 2626,2244 2686,2244 2746,2244 2806,2241"/>
                <TextEquiv>
                    <Unicode>sich noch nicht mit der Seele der Komödie recht vertraut gemacht.</Unicode>
                </TextEquiv>
            </TextLine>
            <TextLine id="tr_2_tl_28" custom="readingOrder {index:27;}">
                <Coords points="1605,2306 2809,2303 2797,2250 1605,2265"/>
                <Baseline points="1614,2292 1673,2289 1733,2289 1793,2289 1853,2289 1913,2286 1973,2287 2033,2287 2093,2289 2153,2288 2213,2286 2272,2289 2332,2288 2392,2286 2452,2286 2512,2284 2572,2288 2632,2286 2692,2286 2752,2288 2812,2286"/>
                <TextEquiv>
                    <Unicode>Vielleicht werden uns spätere Aufführungen jenen Figaro so</Unicode>
                </TextEquiv>
            </TextLine>
            <TextLine id="tr_2_tl_29" custom="readingOrder {index:28;}">
                <Coords points="1601,2348 2543,2335 2543,2298 2476,2292 1601,2304"/>
                <Baseline points="1609,2337 1655,2334 1702,2331 1749,2328 1796,2328 1843,2327 1890,2326 1936,2328 1983,2328 2030,2328 2077,2328 2124,2328 2171,2328 2218,2328 2264,2328 2311,2328 2358,2328 2405,2328 2452,2325 2499,2328 2546,2328"/>
                <TextEquiv>
                    <Unicode>zeigen, wie sich ihn Kainz wohl gedacht haben mag.</Unicode>
                </TextEquiv>
            </TextLine>
            <TextLine id="tr_2_tl_30" custom="readingOrder {index:29;}">
                <Coords points="2573,2358 2604,2379 2645,2365 2690,2379 2725,2367 2760,2367 2769,2376 2809,2371 2810,2320 2798,2315 2760,2323 2736,2310 2680,2326 2660,2316 2639,2329 2627,2318 2575,2321"/>
                <Baseline points="2582,2364 2607,2364 2633,2364 2658,2362 2684,2361 2709,2361 2735,2361 2760,2361 2786,2361 2812,2361"/>
                <TextEquiv>
                    <Unicode>so ist für</Unicode>
                </TextEquiv>
            </TextLine>
            <TextLine id="tr_2_tl_31" custom="readingOrder {index:30;}">
                <Coords points="1681,2377 2546,2374 2546,2338 2490,2330 1681,2338"/>
                <Baseline points="1689,2370 1732,2370 1775,2370 1818,2370 1861,2370 1904,2370 1947,2370 1990,2370 2033,2370 2076,2370 2119,2370 2162,2369 2205,2367 2248,2367 2291,2367 2334,2367 2377,2367 2420,2364 2463,2364 2506,2364 2549,2367"/>
                <TextEquiv>
                    <Unicode>Wenn Millionäre unter die Dramatiker gehen</Unicode>
                </TextEquiv>
            </TextLine>
            <TextLine id="tr_2_tl_32" custom="readingOrder {index:31;}">
                <Coords points="1605,2426 2806,2411 2806,2370 2579,2356 1743,2386 1605,2353"/>
                <Baseline points="1614,2412 1673,2411 1733,2409 1793,2409 1853,2409 1912,2406 1972,2409 2032,2409 2092,2409 2151,2411 2211,2409 2271,2409 2331,2408 2390,2406 2450,2406 2510,2406 2570,2406 2629,2403 2689,2403 2749,2403 2809,2400"/>
                <TextEquiv>
                    <Unicode>Kritiker Vorsicht geboten. Henri de Rothschild hat schon manches</Unicode>
                </TextEquiv>
            </TextLine>
            <TextLine id="tr_2_tl_33" custom="readingOrder {index:32;}">
                <Coords points="1602,2459 2809,2455 2779,2409 1602,2424"/>
                <Baseline points="1611,2444 1671,2450 1731,2450 1791,2447 1851,2447 1911,2449 1971,2447 2031,2447 2091,2449 2151,2447 2211,2449 2271,2447 2331,2447 2391,2446 2451,2446 2511,2441 2571,2443 2631,2444 2691,2444 2751,2444 2812,2444"/>
                <TextEquiv>
                    <Unicode>Stück für die Bühne verfaßt, doch wir sind in Wien damit stets</Unicode>
                </TextEquiv>
            </TextLine>
            <TextLine id="tr_2_tl_34" custom="readingOrder {index:33;}">
                <Coords points="1605,2503 2809,2491 2809,2455 2724,2447 1605,2459"/>
                <Baseline points="1614,2495 1673,2490 1733,2489 1793,2488 1853,2486 1913,2489 1973,2486 2033,2488 2093,2489 2153,2489 2213,2487 2272,2486 2332,2486 2392,2484 2452,2483 2512,2485 2572,2483 2632,2483 2692,2483 2752,2483 2812,2480"/>
                <TextEquiv>
                    <Unicode>verschont geblieben. Diesmal ging man uns rücksichtslos zu Leibe</Unicode>
                </TextEquiv>
            </TextLine>
            <TextLine id="tr_2_tl_35" custom="readingOrder {index:34;}">
                <Coords points="1602,2543 2810,2529 2810,2496 2698,2488 1602,2506"/>
                <Baseline points="1611,2531 1671,2531 1731,2529 1791,2528 1851,2529 1912,2528 1972,2528 2032,2528 2092,2528 2152,2528 2213,2528 2273,2528 2333,2525 2393,2525 2453,2525 2514,2525 2574,2523 2634,2525 2694,2525 2754,2525 2815,2522"/>
                <TextEquiv>
                    <Unicode>und machte uns im Deutschen Volkstheater mit seinem</Unicode>
                </TextEquiv>
            </TextLine>
            <TextLine id="tr_2_tl_36" custom="readingOrder {index:35;}">
                <Coords points="1602,2581 2810,2579 2812,2531 1604,2541"/>
                <Baseline points="1611,2570 1671,2570 1731,2570 1791,2570 1851,2569 1912,2570 1972,2568 2032,2570 2092,2570 2152,2570 2213,2568 2273,2564 2333,2565 2393,2567 2453,2567 2514,2564 2574,2564 2634,2564 2694,2564 2754,2564 2815,2561"/>
                <TextEquiv>
                    <Unicode>vieraktigen Schauspiel „Die Rampe“ bekannt. Die ersten zwei</Unicode>
                </TextEquiv>
            </TextLine>
            <TextLine id="tr_2_tl_37" custom="readingOrder {index:36;}">
                <Coords points="1608,2622 2810,2617 2780,2572 1608,2581"/>
                <Baseline points="1617,2612 1676,2609 1736,2612 1796,2611 1856,2609 1916,2609 1976,2609 2036,2611 2096,2612 2156,2612 2216,2610 2275,2609 2335,2609 2395,2609 2455,2606 2515,2606 2575,2606 2635,2606 2695,2603 2755,2605 2815,2600"/>
                <TextEquiv>
                    <Unicode>Akte der Komödie sind langweilig. Im dritten Akt gibt es eine</Unicode>
                </TextEquiv>
            </TextLine>
            <TextLine id="tr_2_tl_38" custom="readingOrder {index:37;}">
                <Coords points="1617,2660 2814,2651 2814,2616 2725,2605 1617,2620"/>
                <Baseline points="1626,2653 1685,2650 1745,2650 1804,2650 1864,2650 1923,2647 1983,2648 2042,2650 2102,2650 2161,2650 2221,2650 2281,2650 2340,2647 2400,2647 2459,2647 2519,2644 2578,2644 2638,2644 2697,2644 2757,2642 2817,2644"/>
                <TextEquiv>
                    <Unicode>sogenannte starke Szene, um die mancher Bühnenroutinier den</Unicode>
                </TextEquiv>
            </TextLine>
            <TextLine id="tr_2_tl_39" custom="readingOrder {index:38;}">
                <Coords points="1608,2707 2810,2695 2810,2652 2731,2645 1608,2663"/>
                <Baseline points="1617,2692 1676,2690 1736,2689 1796,2689 1856,2691 1916,2692 1976,2689 2036,2689 2096,2692 2156,2689 2216,2691 2275,2689 2335,2688 2395,2688 2455,2686 2515,2688 2575,2686 2635,2686 2695,2684 2755,2684 2815,2683"/>
                <TextEquiv>
                    <Unicode>schriftstellernden Herrn Baron beneiden darf. Der Schlußakt ist</Unicode>
                </TextEquiv>
            </TextLine>
            <TextLine id="tr_2_tl_40" custom="readingOrder {index:39;}">
                <Coords points="1605,2741 2812,2734 2812,2693 2762,2689 1605,2713"/>
                <Baseline points="1614,2731 1674,2731 1734,2731 1794,2730 1854,2730 1914,2731 1974,2731 2034,2731 2094,2731 2154,2731 2214,2731 2274,2728 2334,2728 2394,2728 2454,2725 2514,2725 2574,2725 2634,2725 2694,2725 2754,2725 2815,2725"/>
                <TextEquiv>
                    <Unicode>aber wieder in Banalitäten getaucht, die erst mit dem Fallen des</Unicode>
                </TextEquiv>
            </TextLine>
            <TextLine id="tr_2_tl_41" custom="readingOrder {index:40;}">
                <Coords points="1608,2782 2810,2774 2771,2731 1608,2741"/>
                <Baseline points="1617,2773 1676,2773 1736,2773 1796,2772 1856,2770 1916,2770 1976,2770 2036,2770 2096,2770 2156,2770 2216,2770 2275,2767 2335,2769 2395,2767 2455,2767 2515,2767 2575,2767 2635,2767 2695,2764 2755,2766 2815,2764"/>
                <TextEquiv>
                    <Unicode>Vorhanges ihr Ende nehmen. Elsa Galafres, die länger als ein</Unicode>
                </TextEquiv>
            </TextLine>
            <TextLine id="tr_2_tl_42" custom="readingOrder {index:41;}">
                <Coords points="1608,2830 2744,2826 2810,2820 2812,2780 1610,2782"/>
                <Baseline points="1617,2812 1676,2812 1736,2812 1796,2812 1856,2812 1916,2812 1976,2812 2036,2812 2096,2809 2156,2809 2216,2809 2275,2809 2335,2809 2395,2809 2455,2806 2515,2808 2575,2806 2635,2809 2695,2806 2755,2806 2815,2803"/>
                <TextEquiv>
                    <Unicode>halbes Jahr der Bühne fern gehalten war, sah als Madelaine</Unicode>
                </TextEquiv>
            </TextLine>
            <TextLine id="tr_2_tl_43" custom="readingOrder {index:42;}">
                <Coords points="1611,2861 2818,2861 2818,2817 2772,2812 1611,2830"/>
                <Baseline points="1620,2853 1680,2853 1740,2853 1800,2850 1860,2852 1920,2853 1980,2853 2040,2851 2100,2850 2160,2850 2220,2850 2280,2850 2340,2849 2400,2847 2460,2844 2520,2844 2580,2846 2640,2844 2700,2847 2760,2845 2820,2844"/>
                <TextEquiv>
                    <Unicode>Grandier so vornehm und aristokratisch aus, als ob sie aus der</Unicode>
                </TextEquiv>
            </TextLine>
            <TextLine id="tr_2_tl_44" custom="readingOrder {index:43;}">
                <Coords points="1611,2903 2814,2899 2741,2845 1611,2861"/>
                <Baseline points="1620,2895 1679,2892 1739,2892 1799,2892 1859,2890 1919,2889 1979,2889 2038,2889 2098,2892 2158,2890 2218,2890 2278,2889 2338,2889 2398,2887 2457,2883 2517,2886 2577,2886 2637,2883 2697,2883 2757,2885 2817,2883"/>
                <TextEquiv>
                    <Unicode>Welt der Rothschilds käme. Nicht nur ihr Spiel war blendend,</Unicode>
                </TextEquiv>
            </TextLine>
            <TextLine id="tr_2_tl_45" custom="readingOrder {index:44;}">
                <Coords points="1623,2943 2809,2940 2751,2891 1623,2915"/>
                <Baseline points="1632,2934 1691,2934 1750,2934 1809,2932 1868,2934 1927,2931 1986,2931 2045,2931 2104,2931 2163,2931 2222,2931 2281,2931 2340,2928 2399,2925 2458,2928 2517,2925 2576,2927 2635,2925 2694,2925 2753,2927 2812,2928"/>
                <TextEquiv>
                    <Unicode>ondern auch die vier hocheleganten und geschmackvollen Toiletten,</Unicode>
                </TextEquiv>
            </TextLine>
            <TextLine id="tr_2_tl_46" custom="readingOrder {index:45;}">
                <Coords points="1608,2985 2815,2973 2760,2932 1608,2941"/>
                <Baseline points="1617,2976 1677,2974 1737,2973 1797,2972 1857,2972 1917,2973 1977,2971 2037,2971 2097,2970 2157,2970 2217,2970 2277,2970 2337,2969 2397,2967 2457,2967 2517,2965 2577,2967 2637,2964 2697,2964 2757,2966 2817,2967"/>
                <TextEquiv>
                    <Unicode>die sie zur Schau trug. Kramer war als Theaterdirektor eine</Unicode>
                </TextEquiv>
            </TextLine>
            <TextLine id="tr_2_tl_47" custom="readingOrder {index:46;}">
                <Coords points="1608,3028 2820,3017 2782,2970 1610,2985"/>
                <Baseline points="1617,3012 1677,3015 1737,3015 1797,3015 1858,3012 1918,3010 1978,3009 2039,3010 2099,3010 2159,3012 2220,3010 2280,3009 2340,3009 2400,3007 2461,3006 2521,3006 2581,3006 2642,3006 2702,3004 2762,3006 2823,3006"/>
                <TextEquiv>
                    <Unicode>prächtige Figur. Die Aufnahme der Komödie war gerade nicht</Unicode>
                </TextEquiv>
            </TextLine>
            <TextLine id="tr_2_tl_48" custom="readingOrder {index:47;}">
                <Coords points="1611,3064 2820,3063 2820,3019 2730,3011 1611,3026"/>
                <Baseline points="1620,3059 1680,3054 1740,3054 1800,3053 1860,3053 1920,3051 1980,3050 2041,3050 2101,3050 2161,3050 2221,3048 2281,3050 2341,3047 2401,3047 2462,3044 2522,3046 2582,3046 2642,3044 2702,3047 2762,3047 2823,3047"/>
                <TextEquiv>
                    <Unicode>übermäßig freundlich. Es wurde sogar auch ein wenig gezischt.</Unicode>
                </TextEquiv>
            </TextLine>
            <TextLine id="tr_2_tl_49" custom="readingOrder {index:48;}">
                <Coords points="1611,3104 2814,3114 2814,3061 2756,3054 1611,3064"/>
                <Baseline points="1620,3098 1679,3095 1739,3095 1799,3095 1859,3093 1919,3092 1979,3089 2038,3089 2098,3089 2158,3089 2218,3089 2278,3089 2338,3087 2398,3089 2457,3089 2517,3086 2577,3086 2637,3089 2697,3088 2757,3086 2817,3086"/>
                <TextEquiv>
                    <Unicode>Vielleicht aber bloß von denen, die es den Rothschilds nicht ver¬</Unicode>
                </TextEquiv>
            </TextLine>
            <TextLine id="tr_2_tl_50" custom="readingOrder {index:49;}">
                <Coords points="1614,3166 2064,3134 2324,3148 2365,3139 2367,3096 1614,3107"/>
                <Baseline points="1623,3143 1660,3139 1697,3137 1734,3137 1771,3137 1809,3135 1846,3134 1883,3134 1920,3134 1957,3131 1995,3131 2032,3131 2069,3130 2106,3128 2143,3128 2181,3128 2218,3130 2255,3131 2292,3130 2329,3128 2367,3128"/>
                <TextEquiv>
                    <Unicode>zeihen können, daß sie so viel Geld besitzen.</Unicode>
                </TextEquiv>
            </TextLine>
            <TextLine id="tr_2_tl_51" custom="readingOrder {index:50;}">
                <Coords points="1680,3189 2817,3172 2804,3113 2709,3148 1681,3145"/>
                <Baseline points="1689,3182 1745,3179 1802,3177 1858,3179 1915,3179 1971,3179 2028,3178 2084,3176 2141,3176 2197,3176 2254,3176 2311,3176 2367,3176 2424,3176 2480,3173 2537,3173 2593,3173 2650,3171 2706,3172 2763,3170 2820,3164"/>
                <TextEquiv>
                    <Unicode>An der Neuen Wiener Bühne wollte sich in der dies¬</Unicode>
                </TextEquiv>
            </TextLine>
            <TextLine id="tr_2_tl_52" custom="readingOrder {index:51;}">
                <Coords points="1623,3235 2817,3221 2817,3172 1623,3186"/>
                <Baseline points="1632,3223 1691,3222 1750,3220 1810,3220 1869,3218 1929,3220 1988,3218 2047,3218 2107,3218 2166,3218 2226,3218 2285,3218 2344,3216 2404,3212 2463,3212 2523,3214 2582,3212 2641,3213 2701,3213 2760,3214 2820,3209"/>
                <TextEquiv>
                    <Unicode>jährigen Saison gar kein literarischer Erfolg einstellen. Seit</Unicode>
                </TextEquiv>
            </TextLine>
            <TextLine id="tr_2_tl_53" custom="readingOrder {index:52;}">
                <Coords points="1611,3285 2725,3273 2818,3263 2820,3222 1613,3239"/>
                <Baseline points="1620,3265 1680,3265 1740,3265 1800,3262 1860,3259 1920,3259 1980,3256 2041,3259 2101,3256 2161,3256 2221,3256 2281,3256 2341,3255 2401,3253 2462,3253 2522,3253 2582,3253 2642,3250 2702,3251 2762,3253 2823,3253"/>
                <TextEquiv>
                    <Unicode>Otto Anthes an dieser jungen Bühne entdeckt wurde, gab es keinen</Unicode>
                </TextEquiv>
            </TextLine>
            <TextLine id="tr_2_tl_54" custom="readingOrder {index:53;}">
                <Coords points="1617,3320 2829,3308 2817,3257 1617,3282"/>
                <Baseline points="1626,3310 1686,3306 1746,3304 1806,3301 1867,3301 1927,3301 1987,3301 2048,3300 2108,3298 2168,3298 2229,3298 2289,3298 2349,3295 2409,3293 2470,3292 2530,3293 2590,3293 2651,3292 2711,3293 2771,3293 2832,3289"/>
                <TextEquiv>
                    <Unicode>großen und unbestrittenen Erfolg mehr. Jetzt brachte diese Bühne eine</Unicode>
                </TextEquiv>
            </TextLine>
            <TextLine id="tr_2_tl_55" custom="readingOrder {index:54;}">
                <Coords points="1607,3356 2823,3352 2823,3304 2748,3295 1608,3323"/>
                <Baseline points="1617,3346 1677,3346 1737,3344 1798,3343 1858,3342 1919,3340 1979,3340 2040,3339 2100,3337 2161,3337 2221,3337 2281,3337 2342,3334 2402,3334 2463,3334 2523,3334 2584,3332 2644,3331 2705,3329 2765,3331 2826,3325"/>
                <TextEquiv>
                    <Unicode>wohlabgerundete, literarisch wertvolle Vorstellung, die Erstauf¬</Unicode>
                </TextEquiv>
            </TextLine>
            <TextLine id="tr_2_tl_56" custom="readingOrder {index:55;}">
                <Coords points="1620,3396 2823,3377 2683,3330 1622,3353"/>
                <Baseline points="1629,3382 1688,3385 1748,3382 1808,3381 1868,3381 1928,3379 1988,3379 2047,3379 2107,3376 2167,3376 2227,3376 2287,3376 2347,3373 2407,3373 2466,3370 2526,3373 2586,3369 2646,3370 2706,3372 2766,3370 2826,3370"/>
                <TextEquiv>
                    <Unicode>führung von Gustav Wieds Schauspiel Die alte Gnädige.</Unicode>
                </TextEquiv>
            </TextLine>
            <TextLine id="tr_2_tl_57" custom="readingOrder {index:56;}">
                <Coords points="1616,3434 2824,3422 2804,3376 1617,3397"/>
                <Baseline points="1626,3423 1686,3423 1746,3423 1806,3422 1866,3420 1926,3418 1986,3418 2046,3418 2106,3415 2166,3417 2226,3415 2286,3415 2346,3414 2406,3412 2466,3412 2526,3412 2586,3412 2646,3409 2706,3412 2766,3412 2826,3409"/>
                <TextEquiv>
                    <Unicode>Eine alte Baronin ist da, die einen Alkoholiker zum Sohn hat.</Unicode>
                </TextEquiv>
            </TextLine>
            <TextLine id="tr_2_tl_58" custom="readingOrder {index:57;}">
                <Coords points="1617,3473 2824,3463 2824,3422 2744,3415 1617,3432"/>
                <Baseline points="1626,3465 1686,3462 1746,3459 1806,3461 1866,3459 1926,3456 1986,3458 2046,3456 2106,3453 2166,3455 2226,3453 2286,3453 2346,3453 2406,3451 2466,3450 2526,3452 2586,3450 2646,3450 2706,3450 2766,3452 2826,3450"/>
                <TextEquiv>
                    <Unicode>Dieser Sohn hat nun eine Frau, die ihn mit ihrem Vetter betrügt.</Unicode>
                </TextEquiv>
            </TextLine>
            <TextLine id="tr_2_tl_59" custom="readingOrder {index:58;}">
                <Coords points="1614,3520 2821,3498 2754,3455 1614,3473"/>
                <Baseline points="1623,3504 1683,3502 1743,3501 1803,3500 1863,3496 1923,3495 1983,3497 2043,3495 2103,3495 2163,3494 2223,3492 2283,3495 2343,3493 2403,3493 2463,3489 2523,3492 2583,3490 2643,3489 2703,3492 2763,3492 2823,3492"/>
                <TextEquiv>
                    <Unicode>Er erwischt die beiden in einer Strohhütte bei einem Stelldichein</Unicode>
                </TextEquiv>
            </TextLine>
            <TextLine id="tr_2_tl_60" custom="readingOrder {index:59;}">
                <Coords points="1614,3546 2826,3539 2815,3496 1614,3520"/>
                <Baseline points="1623,3543 1683,3542 1743,3540 1803,3540 1864,3537 1924,3537 1984,3534 2045,3536 2105,3534 2165,3534 2226,3534 2286,3534 2346,3534 2406,3534 2467,3534 2527,3531 2587,3531 2648,3528 2708,3531 2768,3529 2829,3528"/>
                <TextEquiv>
                    <Unicode>und steckt die Hütte in Brand, nachdem er sie zuvor fest verriegelt</Unicode>
                </TextEquiv>
            </TextLine>
            <TextLine id="tr_2_tl_61" custom="readingOrder {index:60;}">
                <Coords points="1617,3593 2820,3583 2821,3543 2657,3532 1619,3551"/>
                <Baseline points="1626,3579 1685,3582 1745,3582 1805,3579 1865,3577 1925,3576 1985,3576 2044,3574 2104,3573 2164,3574 2224,3574 2284,3573 2344,3573 2404,3573 2463,3573 2523,3570 2583,3570 2643,3570 2703,3570 2763,3570 2823,3567"/>
                <TextEquiv>
                    <Unicode>hat. Der Liebhaber und die Frau finden einen gräßlichen Tod. Der</Unicode>
                </TextEquiv>
            </TextLine>
            <TextLine id="tr_2_tl_62" custom="readingOrder {index:61;}">
                <Coords points="1626,3630 2823,3618 2823,3583 2754,3574 1626,3590"/>
                <Baseline points="1635,3620 1694,3620 1754,3620 1813,3619 1873,3619 1932,3615 1992,3618 2051,3616 2111,3615 2170,3614 2230,3614 2290,3615 2349,3614 2409,3612 2468,3612 2528,3612 2587,3612 2647,3612 2706,3611 2766,3609 2826,3609"/>
                <TextEquiv>
                    <Unicode>Sohn der alten Baronin will sich nun dem Gericht stellen, aber seine</Unicode>
                </TextEquiv>
            </TextLine>
            <TextLine id="tr_2_tl_63" custom="readingOrder {index:62;}">
                <Coords points="1617,3668 2824,3653 2792,3613 1617,3627"/>
                <Baseline points="1626,3656 1686,3659 1746,3659 1806,3659 1866,3657 1926,3656 1986,3654 2046,3654 2106,3653 2166,3653 2226,3653 2286,3653 2346,3653 2406,3653 2466,3650 2526,3650 2586,3650 2646,3650 2706,3649 2766,3647 2826,3641"/>
                <TextEquiv>
                    <Unicode>Mutter vereitelt diese Absicht. Diese gedrückte und peinliche Hand¬</Unicode>
                </TextEquiv>
            </TextLine>
            <TextLine id="tr_2_tl_64" custom="readingOrder {index:63;}">
                <Coords points="1608,3724 2806,3729 2827,3654 1608,3671"/>
                <Baseline points="1617,3701 1677,3701 1738,3701 1798,3701 1859,3700 1920,3698 1980,3698 2041,3698 2101,3698 2162,3695 2223,3695 2283,3695 2344,3695 2404,3694 2465,3695 2526,3692 2586,3692 2647,3689 2707,3692 2768,3692 2829,3689"/>
                <TextEquiv>
                    <Unicode>lung wird durch ein paar ganz köstliche Figuren angenehm bereichert.</Unicode>
                </TextEquiv>
            </TextLine>
            <TextEquiv>
                <Unicode></Unicode>
            </TextEquiv>
        </TextRegion>
    </Page>
</PcGts>
