3436 4256
840 188 1177 282 Zyklus
232 179 760 268 4.9. Anatol
262 2101 921 2237 Klose & Seidel
311 2228 883 2298 Bureau für Zeitungsausschnitte
257 2301 933 2378 Berlin NO. 43, Georgenkirchplatz 21
229 2413 917 2523 leitung des
238 2506 340 2582 Ort:
526 2551 815 2650 Berlin
231 2572 401 2651 Datum:
454 2823 1020 2918 Berliner Leben
299 2904 1232 2972 Schnitzlers Anatolzyklus, aus der Vergan¬
240 2950 1232 3015 genheit einer literarisch anders eingestellten Epoche im
247 2990 1232 3060 Dämmerlicht der Kammerspiele, ist zu neuem Leben
240 3031 1232 3088 erwacht, Liebenswerte Schwarz-Weiß-Kunst, die uns
241 3076 1229 3145 das Leben des Genusses von der Kehrseite zeigt, ohne
232 3116 1229 3172 aufzuwühlen, nur mit zarten Händen Silhouetten
240 3160 1232 3228 schneidet: Episoden! Die klingende, schmerzlich¬
240 3201 1233 3261 süße Melodik Straußscher Walzer schwingt in den
251 3252 1235 3304 Worten. Die Freude steigt purpurn auf, und Frauen
243 3281 1232 3343 tragen die Lebensschalen. — Anatol leidet an der nie
240 3332 1230 3386 gestillten Erfüllung, aber er zerbricht nicht, weil sein
240 3363 1229 3422 Blut sofort eine neue Symphonie des Rausches kom¬
245 3410 1232 3469 poniert. Er grübelt über die Treue und Untreue der
243 3445 1239 3521 Frauen, die ihn lieben, aber er zerquält sich nicht bis
243 3491 1241 3552 zur Verneinung des Lebens. Diese Trauer streift uns
248 3528 1239 3589 wie ein herbstlicher Hauch, aber die Melancholie
245 3573 1242 3632 schwillt zurück zu der Quelle, die alle Menschen
245 3619 1238 3681 speist: zur Liebe. Selbst sein Gegenspieler, sein
248 3657 1239 3716 Freund Max, hat bei aller gegensätzlichen Lebensaus¬
245 3698 1242 3753 fassung noch Poesie, sein Verständnis für die Eigen¬
248 3741 1247 3794 art des Freundes erklärt sich zuletzt aus dem warmen
245 3780 1245 3851 Mitempfinden für den „leichtsinnigen Melancholiker,
1343 180 1706 275 box 9/3
2181 321 2758 463 Klose & Seidel
2186 444 2756 522 Bureau für Zeitungsausschnitte
2131 498 2818 569 Berlin NO. 43, Georgenkirchplatz 2
2113 676 2847 756 Zeitung: Hamburger Nachrichten
2122 745 2221 815 Ort:
2118 809 2650 901 Datum: Nr. 10
2277 841 2711 936 USA
2163 932 2848 1041 leise Vater
2197 982 2724 1137 den
2125 1148 3227 1254 Die meisten Brettermonarchen sehen freilich das Heil noch
2054 1239 3225 1292 immer der Importware, obwohl es ein Irrtum ist. Als in den
2051 1275 3227 1341 Kammerspielen, wo früher der Hühnerhof gegeben wurde,
2002 1344 3176 1421 Schnitzlers Anatol über die Bühne ging, merkte man erst, wie¬
1996 1392 3173 1471 viel seiner und vornehmer das Schnitzlersche Lustspiel ist, als das
1993 1427 3175 1507 des überdeutlich-sexuellen Franzosen. Rudolf Lothar, selber einer
1989 1462 3173 1541 der ärgsten Importeure Pariser Grisettenschwänke, hat da neulich
1993 1513 3166 1572 einmal einen Witz gemacht, wie man ihn vergebens in seinen
1993 1533 3169 1621 Stücken suchen dürfte: er hat seine Komödie „Der Werwolf,
1989 1579 3175 1656 die ganz vom seelischen Hautgout lateria Parisiorum und des
1995 1613 3173 1695 Verfassers erfüllt ist, einem Spanier zugeschrieben; so hatte er
1992 1661 3169 1730 am Lustspielhause einen Erfolg, der ihm schwerlich sonst zuteil ge¬
1986 1687 3166 1777 worden wäre. Dagegen sollen die Verfasser von „Der große
1982 1727 3159 1816 Bariton", den Direktor Robert in sein pomphaften und orts¬
1982 1777 3162 1856 gemäßen „Theater am Kurfürstendamm herausbrachte, zwei orts¬
1986 1813 3165 1888 tige Amerikaner sein. Das ist nicht unwahrscheinlich, denn deutsche
1987 1851 3147 1927 Autoren hätten sicherlich mehr von Wedekinds „Kammersänger
1983 1888 3169 1973 und Bahrs „Konzert" gelernt, die den gleichen Stoff unvergleichlich
1976 1945 3156 2007 witziger und bühnenmäßiger behandeln. Aber Herr Robert hatte
1974 1980 3153 2061 Albert Bassermann als Bariton gewonnen und das genügte
1977 2007 3157 2098 ihm, das Stück, einen glatten Reißer, einer hohen Kurfürsten¬
1976 2058 3147 2129 dämmlichkeit vorzuführe. Natürlich war Bassermann ausge¬
1977 2095 3160 2183 zeichnet, woran ihn auch seine Frau obwohl sie mitspielte, nicht
1980 2132 3159 2206 hindern konnte. Es bleibt aber doch traurig, daß unsere Pro¬
1974 2172 3153 2257 minenten so wurzellos umhergastieren und auf das Höchstgebot
1970 2217 3156 2296 wie die Zugvögel auf Futterplätze einfallen. Sie finden keinen
1973 2254 3147 2325 Geschmack mehr an Kunststätten und Zusammenarbeit, sie ver¬
1968 2298 3151 2373 pflichten sich nur noch für einzelne Rollen. Bassermann, Wegener,
1967 2332 3144 2407 Steinrück, Palle berg, Winterstein, Jannings, die Höflich,
1967 2366 3141 2446 Dorsch, Durieux, Triesch, Bertens, Grüning — sie alle und
1962 2412 3147 2496 viele andere filmen und gastieren, gastieren und filmen. Nirgends
1967 2453 3151 2526 mehr bemerkt man künstlerischen Ernst, nirgends große Ziele und
1956 2486 2149 2555 Aufgaben.
2311 2765 3298 2848 seelisch, seine herzgewinnende Art sichern ihm seit
1313 2784 2274 2857 - Und dann die Frauen selbst, die eigentlichen Ak¬
2316 2833 3292 2888 langem eine Sonderstellung unter den Berliner Kunst
1284 2844 2273 2897 teure der Handlung: Das Mädel aus der Vorstadt,
2322 2884 3298 2928 lern. — Mary Christians, das Vorstadtmädel, da¬
1276 2884 2264 2949 die bei Sekt und Austern mit übermütigen Kinder¬
2322 2913 3305 2975 Schampus-selige G'spusi, das seine Jugend vertollt,
1284 2928 2274 2990 augen in die neue Welt blickt, und die reife Frau,
2325 2966 3128 3008 weil nachher die faschingslose Ehe droht.
1281 2968 2255 3020 aus eben dieser Welt, die das einfache Mädel be
2325 2987 3308 3049 Köstlich, köstlich! — Und dann die Lossen! Ich
1287 3024 2277 3073 neidet um die ungebrochene Kraft ihres Empfindens,
2316 3033 3314 3088 kenne die Duse nicht, aber so und nicht anders muß
1287 3051 2268 3105 die wirbelige Tänzerin, die sich so leicht mit dem
2322 3085 3002 3151 sie in ihrer Glanzzeit gewesen sein:
1284 3094 2265 3148 anderen tröstet . . . . . sind sie nicht alle durch unser
2436 3122 3126 3185 Und wo man immer ihr begegnet...
1287 3133 2268 3190 Leben geschritten, haben wir nicht alle so ein Bündel
2430 3173 3132 3252 Stunden, die man erst später segnet.
1287 3179 2267 3243 vergilbter Briefe mit verwelkten Blumen, aus denen
1287 3221 2271 3281 an dämmernden Winterabenden am Kamin die Jugend
1287 3267 2277 3326 und der goldene Leichtsinn aufsteigt? . . . . . . Wir
1292 3301 2279 3360 waren wieder einmal 20 Jahre jünger, wußten nichts
1289 3349 2277 3400 von Krieg, Revolution, Menschheitsproblemen. Dem
1281 3388 2270 3444 Dichter sei Dank dafür. — Es gibt eigentlich nur
1287 3443 2267 3481 einen Berliner Schauspieler, der die lässige Non¬
1284 3462 2265 3539 chalance, die versonnenen Augen für die Verkörpe
1284 3511 2002 3567 rung des „Anatol" hat: Alfred Abel.
1344 3539 2276 3610 Nun ist Herrn Edthofer die Rolle anvertraut
1289 3599 2271 3655 und er gestaltet zwar nicht den Schnitzlerschen „Ana¬
1292 3642 2279 3697 tol, aber doch einen Menschen, der aus der Donau¬
1292 3684 2279 3734 stadt der Träume kommt und dem man gern glaubt,
1298 3723 2285 3781 daß die Frauen in ihn vernarrt sind. — Herr Thimig
1295 3769 2285 3836 ist Max. Seine gesunde Frische, körperlich und
