3436 4352
267 148 797 243 4.9. Anatol
919 150 1023 260 y
1382 169 1732 254 box 9/4
1853 72 2506 141 S
1880 121 3184 221 sion Hoping to Approximate the Original
2551 202 3212 281 righteousness its due, he wrote that
1942 212 2522 305 FTER nearly twenty years. Ar¬
1968 264 3215 323 thur Schnitzler's graceful pie- he himself and some of his acquain¬
1853 271 3191 390 ture of a Viennese idler and tances had enjoyed seeing "Anatol.
2572 347 3214 397 In its own country Anatolis
1968 361 2534 407 his love affairs, "Anatol," is
1851 378 3219 459 to be performed again in New York not without honor. Appreciating it
1858 431 3221 492 this time in a straight, un-British as an expression of the spirit of their
1856 469 3226 535 version. That is, it may be called city in the period of its most graceful
1858 511 3219 581 un-British because it will lack the charm, the Viennese have cherished
1861 561 3217 623 "Oh, I says" and "Really, old the play as something peculiarly
2560 604 2741 657 their own.
1861 607 2522 656 chaps and rightfully sorres¬
2598 621 3227 695 Anatol" is the first piece of sus¬
1861 647 2536 707 and other specimens of Londonese
1861 674 3224 731 which made the John Barrymore tained writing that Arthur Schnitzler
1868 718 3231 788 production of 1912 anything but attempted. And it still remains the
1861 759 3234 821 reminiscent of the coffee-houses and work most typical of his attitude and
1863 800 3234 864 parks and romances of Alt Wien- manner-which are the quintessence
2558 840 3234 883 of what is called Wienerblut. The
1860 850 2222 919 old Vienna, to you.
1892 883 3226 944 Winthrop Ames was the sponsor of son of a renowned Jewish physician,
1865 933 3224 992 this first American production of Schnitzler studied medicine and re¬
1868 961 3231 1033 Anatol." But when he presented it ceived a degree in 1885. While ser¬
1856 999 3231 1090 at the Little Theatre on Oct. 14, ving in a hospital and later while
1860 1054 3238 1120 1912, the playor series of plays, engaged in private practice, he wrote
1870 1092 3233 1156 rather was called "The Affairs of poems and skits for the literary pub¬
1868 1121 3240 1201 Anatol," for no presently discover- lications. During this time he was
2565 1161 3240 1220 slowly preparing the sequence of
1861 1182 2536 1233 able reason except, perhaps, for the
1865 1204 3133 1276 same reason that the words of playlets concerned with Anatol.
2594 1237 3241 1294 The first performance of any of
1870 1270 2543 1320 Broadway were added to the title
1865 1289 3238 1368 The Royal Family when that play these playlets was on July 14, 1893,
1868 1323 3243 1390 was made into a talking picture: the when the "Farewell Supper scene
2572 1370 3236 1420 was performed privately. A few
1877 1397 2543 1447 title was more explicit and therefore
2569 1409 3248 1463 weeks later the hypnotism scene was
1868 1442 2205 1497 more show many.
2565 1451 3240 1509 also privately acted in Berlin, Eman¬
1906 1470 2544 1546 Anatole was the name Schnitzler
2570 1490 3243 1546 uel Reicher playing Anatol. The
1868 1516 2541 1573 gave to the sequence of episodes
1873 1534 3241 1603 Anatol was the name under which play was published that year and at¬
1873 1575 3233 1663 Granville-Barker brought out his tracted considerable attention, ai-
2572 1613 3234 1677 though it came a long way from se¬
1875 1637 2541 1703 English paraphrase of it, and "Ana
2574 1659 3017 1734 ting the Danube on fire.
1873 1690 2546 1746 tol" is the title by which the sequence
2589 1716 3246 1780 The young medico-literary man
1873 1728 2555 1778 will be presented by Bela Blau on
1875 1756 3238 1828 Friday evening at the Lyceum. The met a reverse in December, 1883,
1877 1803 3245 1870 longer title was alliterative and came when "Das Märchen," the first of
2574 1837 3240 1898 his plays to be given public presenta¬
1882 1849 2546 1903 tripping off the tongue, but, like the
1882 1873 3246 1949 play as a whole (as then presented), tion, proved to be a complete failure
1873 1922 3246 1979 it was not quite justified by the and was withdrawn after two per¬
2577 1954 3253 2020 formances. But, after the success of
1882 1980 2046 2036 original.
1910 2010 3243 2075 In several instances, the hand of Liebele" in 1895, Schnitzler was es¬
1880 2042 3250 2115 a Nice Nellie was evident in the ver¬tablished firmly as a favorite play¬
1880 2082 3250 2155 sion which New Yorkers first saw wright of Vienna, and "Anatol was
2577 2134 3253 2206 later produced in its entirety with
1877 2132 2550 2201 on that remote Autumn evening
1885 2172 2826 2234 Despite the glossing over of cer¬ high success.
2605 2179 3252 2258 Joseph Schildkraut is playing the
1880 2211 2556 2282 tain passages a bit of a teacup tem¬
2584 2251 3248 2313 title rôle in the more or less un¬
1889 2255 2553 2318 pest was aroused by "Anatolin 1912
1882 2286 3246 2353 People said as they have said so abridged production that now im¬
2584 2330 3243 2387 pends. Perhaps there is some sig¬
1882 2339 2551 2399 many times before and since that
1885 2370 3248 2434 such things should not be allowed on nificance in the fact that he has come
1885 2413 3255 2481 the stage because they were nicht fur from the talkies to act the part first
2586 2458 3248 2512 performed here by John Barrymore,
1889 2460 2558 2520 kinder. Maybe not, retorted the ad
1885 2505 3253 2556 herents of the play, but what about who since that time has gone over to
2579 2536 3260 2589 the pictures and remains there. And
1891 2555 2103 2610 the adulta?
1925 2577 3255 2641 When John Barrymore played Ana¬ then again, perhaps there is no sig¬
1894 2622 2884 2684 toi THE NEW YORK TIMES called it nificance at all.
2617 2639 3259 2710 When Mr. Barrymore played Anatol
1894 2667 2565 2727 a very smart entertainment and
1892 2700 3264 2774 explained that the affairs of the title his friend and confidant, Max, was
1898 2757 3262 2810 were affairs of the heart, or what played by Oswald Yorke. That rôle
2593 2782 3260 2836 is now in the capable hands of Walter
1901 2791 2560 2855 passes for it in the peculiarly sensi¬
1901 2827 3264 2896 tive organism of this highly bred, Connolly. Doris Keane was the rav¬
1892 2870 3267 2927 idle, rich young man. For to have enous Mimi, in which oyster-eating
1898 2908 3269 2970 had such affairs, amid such surround part Miram Hopins will now ap¬
1892 2946 3276 3008 ings, Anatol must have been one of pear. Isabelle Le was the Lona of
1901 3003 3272 3058 the aristocracy of wealth, if not of the original New York production.
1892 3031 3269 3086 brains. And a bit of a blackguard, This lady who so nearly interferes
1892 3074 3271 3141 too, this same Anatol-the sort of with Anatols wedding is now to be
1896 3115 3260 3203 chap who will kiss and tell and run impersonated by Ruthelma Stevens,
2594 3158 3267 3222 Katharine Emmet played the rôle
1898 3167 2041 3233 away."
1927 3198 3264 3264 The following Sunday the then of the respectably married lady,
2598 3240 3276 3288 Gabrielle, which is to be the part of
1901 3241 2569 3307 critic of THE TIMES, Adolph Klauber,
2598 3276 3269 3326 Patricia Collinge. Anne Forrest is the
1898 3284 2569 3345 noted in his column of reconsidera¬
1903 3321 3276 3388 tions of the weeks plays that he new Emily. There was no Emily in
1903 3364 3265 3428 had been called to task by several of 1912, for her scene, the "Keepsakes
1903 3403 3267 3472 his readers for having neglected to interlude, was abridged. (See above
1903 3447 3269 3521 inject some moral indignation into remarks about the changes in the
1903 3491 2853 3554 his review. Brought back in this 1912 version.)
2629 3497 3274 3581 While not a little of the spirit of
1906 3541 2575 3590 manner to the temper of his time,
1910 3566 3269 3636 Mr. Klauber refully admitted that the fragrant, charming Vienna that
2605 3609 3267 3657 created and produced "Anatol die
1913 3624 2574 3683 perhaps the play was not precisely
1903 3638 3274 3712 suited to the tenderest of young with the war, the play remains to do
1910 3695 3272 3754 minds and went on to discuss the its bit in keeping alive some mem¬
1910 3729 3281 3814 ethics of presenting such plays as ories of a glorious city. And that,
1913 3779 3046 3873 a general thing. Having thus given assuredly, is something.
