<?xml version="1.0" encoding="UTF-8" standalone="yes"?>
<PcGts xmlns="http://schema.primaresearch.org/PAGE/gts/pagecontent/2013-07-15" xmlns:xsi="http://www.w3.org/2001/XMLSchema-instance" xsi:schemaLocation="http://schema.primaresearch.org/PAGE/gts/pagecontent/2013-07-15 http://schema.primaresearch.org/PAGE/gts/pagecontent/2013-07-15/pagecontent.xsd">
    <Metadata>
        <Creator>prov=READ-COOP:name=PyLaia@TranskribusPlatform:version=2.12.1:model_id=39995:lm=provided:date=29_03_2024_01:47</Creator>
        <Created>2019-10-07T11:50:56.054+02:00</Created>
        <LastChange>2024-03-29T01:47:30.994+01:00</LastChange>
        <TranskribusMetadata docId="223994" pageId="9505417" pageNr="328" tsid="156430381" status="IN_PROGRESS" userId="40391" imgUrl="https://files.transkribus.eu/Get?id=JEVKRHZLZZMTVFZWRCXIDWWY&amp;fileType=view" xmlUrl="https://files.transkribus.eu/Get?id=USZGDZVFUXAZHQLMOFLRVHJP" imageId="6195631"/>
    </Metadata>
    <Page imageFilename="223994_0328.jpeg" imageWidth="3436" imageHeight="4320">
        <ReadingOrder>
            <OrderedGroup id="ro_1712662534712" caption="Regions reading order">
                <RegionRefIndexed index="0" regionRef="tr_1"/>
                <RegionRefIndexed index="1" regionRef="tr_2"/>
            </OrderedGroup>
        </ReadingOrder>
        <TextRegion orientation="0.0" id="tr_1" custom="readingOrder {index:0;}">
            <Coords points="253,191 253,4164 2594,4164 2594,191"/>
            <TextLine id="tr_1_tl_1" custom="readingOrder {index:0;}">
                <Coords points="757,236 1251,224 1295,255 1351,218 1401,234 1403,161 757,195"/>
                <Baseline points="767,223 800,222 834,219 867,217 901,217 935,217 968,216 1002,214 1036,214 1069,214 1103,213 1136,211 1170,211 1204,211 1237,211 1271,211 1305,211 1338,211 1372,211 1406,211"/>
                <TextEquiv>
                    <Unicode>kom, St. Petersburg.</Unicode>
                </TextEquiv>
            </TextLine>
            <TextLine id="tr_1_tl_2" custom="readingOrder {index:1;}">
                <Coords points="2338,251 2378,255 2388,247 2397,255 2441,245 2478,255 2487,247 2570,253 2570,153 2531,159 2514,144 2451,155 2436,148 2338,171"/>
                <Baseline points="2349,229 2374,226 2399,223 2424,221 2449,221 2474,222 2499,224 2524,226 2549,225 2575,224"/>
                <TextEquiv>
                    <Unicode>Zykle</Unicode>
                </TextEquiv>
            </TextLine>
            <TextLine id="tr_1_tl_3" custom="readingOrder {index:2;}">
                <Coords points="1690,238 2209,228 2209,169 2117,186 2089,167 2029,194 1951,165 1876,184 1690,176"/>
                <Baseline points="1701,223 1726,225 1752,226 1778,226 1803,227 1829,229 1855,229 1880,229 1906,229 1932,229 1958,227 1983,228 2009,230 2035,223 2060,223 2086,223 2112,223 2137,222 2163,220 2189,221 2215,223"/>
                <TextEquiv>
                    <Unicode>4.9. Anatol</Unicode>
                </TextEquiv>
            </TextLine>
            <TextLine id="tr_1_tl_4" custom="readingOrder {index:3;}">
                <Coords points="1995,264 2029,270 2045,263 2062,268 2073,259 2102,266 2110,259 2121,268 2150,268 2158,259 2179,261 2177,226 2047,228 1991,205"/>
                <Baseline points="2003,231 2028,236 2054,241 2079,241 2105,241 2130,241 2156,241 2182,241"/>
                <TextEquiv>
                    <Unicode></Unicode>
                </TextEquiv>
            </TextLine>
            <TextLine id="tr_1_tl_5" custom="readingOrder {index:4;}">
                <Coords points="724,270 778,263 805,284 841,263 897,286 927,270 956,282 989,266 1119,268 1121,224 726,230"/>
                <Baseline points="737,256 762,256 788,257 814,259 840,257 866,256 892,256 918,255 943,253 969,251 995,250 1021,250 1047,249 1073,247 1099,246 1125,244"/>
                <TextEquiv>
                    <Unicode>(Quellenangabe eine Gewähr).</Unicode>
                </TextEquiv>
            </TextLine>
            <TextLine id="tr_1_tl_6" custom="readingOrder {index:5;}">
                <Coords points="372,356 941,328 1050,376 1196,318 1200,261 895,286 841,261 772,312 722,287 376,284"/>
                <Baseline points="385,340 425,340 466,340 507,338 548,337 588,336 629,333 670,330 711,328 751,325 792,325 833,323 874,322 914,322 955,320 996,318 1037,315 1077,313 1118,312 1159,307 1200,307"/>
                <TextEquiv>
                    <Unicode>und</Unicode>
                </TextEquiv>
            </TextLine>
            <TextLine id="tr_1_tl_7" custom="readingOrder {index:6;}">
                <Coords points="1046,441 1065,431 1087,448 1157,439 1184,452 1332,427 1351,443 1380,425 1382,326 1282,343 1249,333 1219,347 1150,326 1046,378"/>
                <Baseline points="1056,423 1081,423 1106,423 1131,425 1157,426 1182,426 1207,425 1233,423 1258,421 1283,420 1309,420 1334,421 1359,422 1385,429"/>
                <TextEquiv>
                    <Unicode></Unicode>
                </TextEquiv>
            </TextLine>
            <TextLine id="tr_1_tl_8" custom="readingOrder {index:7;}">
                <Coords points="404,473 715,492 745,475 835,498 904,441 995,439 996,383 962,376 655,400 630,381 533,420 406,414"/>
                <Baseline points="414,456 440,448 469,447 499,447 528,446 558,443 587,439 617,438 646,437 676,433 705,432 734,432 764,430 793,429 823,429 852,429 882,430 911,432 941,430 970,430 1000,432"/>
                <TextEquiv>
                    <Unicode></Unicode>
                </TextEquiv>
            </TextLine>
            <TextLine id="tr_1_tl_9" custom="readingOrder {index:8;}">
                <Coords points="1111,761 2533,759 2558,663 2405,684 2303,611 1989,588 1671,640 1516,613 1401,663 1272,611 1113,625"/>
                <Baseline points="1122,752 1197,751 1273,752 1349,754 1424,754 1500,752 1576,752 1652,752 1727,749 1803,749 1879,746 1955,746 2030,743 2106,740 2182,738 2258,738 2333,743 2409,742 2485,740 2561,740"/>
                <TextEquiv>
                    <Unicode>The Shaw of Vienna</Unicode>
                </TextEquiv>
            </TextLine>
            <TextLine id="tr_1_tl_10" custom="readingOrder {index:9;}">
                <Coords points="249,786 588,793 686,768 972,791 973,690 845,675 765,625 602,701 531,699 433,632 251,617"/>
                <Baseline points="262,767 297,767 333,765 369,764 405,763 441,761 477,761 512,761 548,761 584,761 620,761 656,759 692,758 728,758 763,758 799,758 835,758 871,758 907,758 943,759 979,761"/>
                <TextEquiv>
                    <Unicode>Schnitzer:</Unicode>
                </TextEquiv>
            </TextLine>
            <TextLine id="tr_1_tl_11" custom="readingOrder {index:10;}">
                <Coords points="1813,1002 2531,1000 2560,996 2562,950 1912,966 1815,937"/>
                <Baseline points="1824,988 1861,991 1898,991 1935,994 1972,992 2009,991 2046,990 2083,989 2120,991 2157,988 2194,988 2231,988 2268,988 2305,988 2342,988 2379,988 2416,986 2453,985 2490,986 2527,987 2564,985"/>
                <TextEquiv>
                    <Unicode>artists young son. It sounds like a stern</Unicode>
                </TextEquiv>
            </TextLine>
            <TextLine id="tr_1_tl_12" custom="readingOrder {index:11;}">
                <Coords points="1021,987 1073,1008 1780,1000 1780,956 1686,947 1422,975 1368,947 1146,966 1021,941"/>
                <Baseline points="1032,991 1069,994 1107,994 1144,994 1182,994 1220,994 1257,994 1295,994 1333,994 1370,994 1408,994 1446,994 1483,994 1521,994 1559,991 1596,993 1634,994 1672,993 1709,992 1747,993 1785,988"/>
                <TextEquiv>
                    <Unicode>women but still he glorifies them. Day</Unicode>
                </TextEquiv>
            </TextLine>
            <TextLine id="tr_1_tl_13" custom="readingOrder {index:12;}">
                <Coords points="309,1039 374,1054 560,1031 611,1052 722,1027 811,1054 860,1029 931,1037 933,964 747,983 629,968 565,989 537,966 310,958"/>
                <Baseline points="319,1027 349,1024 380,1024 411,1023 442,1021 473,1021 504,1022 535,1024 566,1024 597,1024 628,1024 658,1024 689,1024 720,1024 751,1021 782,1019 813,1018 844,1018 875,1016 906,1014 937,1012"/>
                <TextEquiv>
                    <Unicode>The Strange Author of</Unicode>
                </TextEquiv>
            </TextLine>
            <TextLine id="tr_1_tl_14" custom="readingOrder {index:13;}">
                <Coords points="1813,1031 2558,1029 2545,993 1813,1002"/>
                <Baseline points="1824,1024 1860,1025 1897,1027 1934,1027 1971,1027 2008,1025 2045,1024 2081,1024 2118,1024 2155,1024 2192,1024 2229,1024 2266,1024 2303,1024 2339,1024 2376,1021 2413,1021 2450,1021 2487,1021 2524,1020 2561,1018"/>
                <TextEquiv>
                    <Unicode>judgment of the tired generation to which</Unicode>
                </TextEquiv>
            </TextLine>
            <TextLine id="tr_1_tl_15" custom="readingOrder {index:14;}">
                <Coords points="1025,1039 1780,1039 1780,1000 1025,995"/>
                <Baseline points="1035,1027 1072,1029 1110,1027 1147,1029 1185,1029 1222,1029 1260,1029 1297,1029 1335,1029 1372,1027 1410,1027 1447,1027 1485,1028 1522,1029 1560,1027 1597,1027 1635,1027 1672,1027 1710,1027 1747,1027 1785,1024"/>
                <TextEquiv>
                    <Unicode>and night he tortures himself with the</Unicode>
                </TextEquiv>
            </TextLine>
            <TextLine id="tr_1_tl_16" custom="readingOrder {index:15;}">
                <Coords points="1031,1065 2562,1060 2562,1025 2455,1019 1031,1035"/>
                <Baseline points="1041,1062 1117,1065 1193,1062 1269,1065 1345,1063 1421,1062 1497,1062 1574,1064 1650,1062 1726,1060 1802,1058 1878,1061 1954,1062 2030,1059 2107,1057 2183,1056 2259,1056 2335,1056 2411,1056 2487,1053 2564,1053"/>
                <TextEquiv>
                    <Unicode>question whether his Cora is faithful to Schnitzler himself belongs. Altogether it</Unicode>
                </TextEquiv>
            </TextLine>
            <TextLine id="tr_1_tl_17" custom="readingOrder {index:16;}">
                <Coords points="517,1100 558,1098 586,1111 629,1106 640,1094 730,1104 728,1042 705,1033 676,1042 667,1033 657,1039 638,1031 613,1052 558,1031 535,1048 517,1046"/>
                <Baseline points="528,1083 553,1085 579,1086 605,1088 631,1089 656,1089 682,1088 708,1086 734,1086"/>
                <TextEquiv>
                    <Unicode>Anatol¬</Unicode>
                </TextEquiv>
            </TextLine>
            <TextLine id="tr_1_tl_18" custom="readingOrder {index:17;}">
                <Coords points="1025,1110 2556,1096 2541,1060 1025,1073"/>
                <Baseline points="1035,1095 1111,1098 1187,1096 1263,1098 1340,1098 1416,1098 1492,1098 1569,1098 1645,1097 1721,1096 1798,1093 1874,1094 1950,1095 2026,1095 2103,1092 2179,1092 2255,1092 2332,1089 2408,1089 2484,1089 2561,1083"/>
                <TextEquiv>
                    <Unicode>hin, yet when he could hear the truth seems to me that now a better generation is</Unicode>
                </TextEquiv>
            </TextLine>
            <TextLine id="tr_1_tl_19" custom="readingOrder {index:18;}">
                <Coords points="1817,1140 2552,1125 2552,1096 1817,1108"/>
                <Baseline points="1827,1131 1863,1130 1900,1129 1936,1131 1973,1128 2009,1128 2046,1126 2082,1126 2119,1127 2155,1125 2192,1125 2229,1125 2265,1125 2302,1125 2338,1125 2375,1125 2411,1123 2448,1122 2484,1122 2521,1121 2558,1119"/>
                <TextEquiv>
                    <Unicode>growing up with more steadiness, mor¬</Unicode>
                </TextEquiv>
            </TextLine>
            <TextLine id="tr_1_tl_20" custom="readingOrder {index:19;}">
                <Coords points="1031,1138 1740,1138 1780,1159 1780,1110 1750,1102 1031,1110"/>
                <Baseline points="1041,1131 1078,1131 1115,1133 1152,1133 1189,1131 1227,1131 1264,1131 1301,1133 1338,1134 1375,1133 1413,1132 1450,1134 1487,1131 1524,1133 1561,1134 1599,1133 1636,1131 1673,1131 1710,1134 1747,1134 1785,1134"/>
                <TextEquiv>
                    <Unicode>frei her while she is in a hypnotic sleep,</Unicode>
                </TextEquiv>
            </TextLine>
            <TextLine id="tr_1_tl_21" custom="readingOrder {index:20;}">
                <Coords points="1813,1169 2560,1161 2560,1129 1813,1146"/>
                <Baseline points="1824,1164 1861,1164 1898,1164 1935,1167 1972,1165 2009,1164 2046,1164 2083,1164 2120,1164 2157,1164 2194,1162 2231,1159 2268,1157 2305,1155 2342,1155 2379,1158 2416,1158 2453,1158 2490,1157 2527,1154 2564,1152"/>
                <TextEquiv>
                    <Unicode>stability and less intellect. This is a re¬</Unicode>
                </TextEquiv>
            </TextLine>
            <TextLine id="tr_1_tl_22" custom="readingOrder {index:21;}">
                <Coords points="345,1182 949,1182 1000,1175 1002,1125 939,1110 839,1146 590,1146 525,1142 473,1104 408,1142 347,1131"/>
                <Baseline points="355,1173 387,1170 420,1170 452,1170 485,1169 517,1167 550,1167 582,1169 615,1169 647,1167 680,1167 713,1166 745,1164 778,1164 810,1164 843,1164 875,1164 908,1162 940,1161 973,1161 1006,1161"/>
                <TextEquiv>
                    <Unicode>RTHUR Schnitzler, whose sequence</Unicode>
                </TextEquiv>
            </TextLine>
            <TextLine id="tr_1_tl_23" custom="readingOrder {index:22;}">
                <Coords points="1031,1171 1776,1175 1776,1138 1031,1136"/>
                <Baseline points="1041,1167 1077,1167 1114,1167 1151,1167 1188,1167 1225,1167 1262,1167 1299,1167 1336,1167 1373,1167 1410,1167 1446,1167 1483,1167 1520,1167 1557,1167 1594,1166 1631,1164 1668,1164 1705,1166 1742,1167 1779,1167"/>
                <TextEquiv>
                    <Unicode>he does not put the question to fate.</Unicode>
                </TextEquiv>
            </TextLine>
            <TextLine id="tr_1_tl_24" custom="readingOrder {index:23;}">
                <Coords points="1031,1226 2556,1223 2556,1167 2505,1155 1031,1171"/>
                <Baseline points="1041,1203 1117,1203 1193,1203 1269,1203 1345,1206 1421,1204 1497,1204 1573,1203 1649,1201 1725,1203 1801,1203 1877,1202 1953,1203 2029,1200 2105,1200 2181,1197 2257,1197 2333,1194 2409,1194 2485,1193 2561,1194"/>
                <TextEquiv>
                    <Unicode>because, after all, the illusion is dearer mark that can reconcile another age, too,</Unicode>
                </TextEquiv>
            </TextLine>
            <TextLine id="tr_1_tl_25" custom="readingOrder {index:24;}">
                <Coords points="422,1228 1000,1213 1000,1175 422,1182"/>
                <Baseline points="432,1209 460,1209 489,1209 518,1209 546,1209 575,1209 604,1209 632,1207 661,1207 690,1209 719,1207 747,1205 776,1203 805,1205 833,1206 862,1204 891,1203 919,1203 948,1203 977,1202 1006,1200"/>
                <TextEquiv>
                    <Unicode>of dialogues called "Anatole are</Unicode>
                </TextEquiv>
            </TextLine>
            <TextLine id="tr_1_tl_26" custom="readingOrder {index:25;}">
                <Coords points="427,1272 546,1253 621,1270 1000,1253 1000,1215 899,1209 427,1230"/>
                <Baseline points="438,1250 466,1250 494,1250 522,1250 551,1250 579,1248 607,1247 635,1247 664,1247 692,1247 720,1247 748,1246 777,1244 805,1244 833,1244 861,1244 890,1244 918,1244 946,1244 974,1243 1003,1241"/>
                <TextEquiv>
                    <Unicode>to be acted at the To Theatre</Unicode>
                </TextEquiv>
            </TextLine>
            <TextLine id="tr_1_tl_27" custom="readingOrder {index:26;}">
                <Coords points="1075,1274 1205,1276 1226,1295 1407,1282 1451,1295 1477,1276 1520,1282 1520,1221 1420,1211 1366,1228 1297,1205 1201,1228 1155,1217 1134,1234 1073,1213"/>
                <Baseline points="1086,1262 1111,1262 1137,1266 1163,1272 1189,1265 1215,1259 1240,1261 1266,1263 1292,1267 1318,1269 1344,1271 1370,1273 1395,1267 1421,1266 1447,1268 1473,1268 1499,1268 1525,1265"/>
                <TextEquiv>
                    <Unicode></Unicode>
                </TextEquiv>
            </TextLine>
            <TextLine id="tr_1_tl_28" custom="readingOrder {index:27;}">
                <Coords points="431,1305 782,1288 998,1301 998,1261 975,1251 431,1270"/>
                <Baseline points="441,1292 469,1292 497,1290 525,1288 553,1286 581,1288 609,1289 637,1289 665,1289 693,1289 722,1287 750,1286 778,1286 806,1286 834,1286 862,1286 890,1285 918,1283 946,1283 974,1282 1003,1280"/>
                <TextEquiv>
                    <Unicode>next weck, das figures that</Unicode>
                </TextEquiv>
            </TextLine>
            <TextLine id="tr_1_tl_29" custom="readingOrder {index:28;}">
                <Coords points="249,1341 995,1332 970,1292 489,1309 404,1284 333,1307 249,1270"/>
                <Baseline points="259,1325 296,1325 333,1325 370,1325 407,1325 444,1329 481,1331 518,1330 555,1328 592,1331 629,1331 666,1331 703,1330 740,1328 777,1328 814,1328 851,1326 888,1325 925,1325 962,1325 1000,1322"/>
                <TextEquiv>
                    <Unicode>are carming jumble of soit-</Unicode>
                </TextEquiv>
            </TextLine>
            <TextLine id="tr_1_tl_30" custom="readingOrder {index:29;}">
                <Coords points="249,1389 998,1382 998,1330 249,1343"/>
                <Baseline points="259,1376 296,1375 333,1373 370,1376 407,1374 445,1375 482,1375 519,1373 556,1373 593,1373 631,1371 668,1370 705,1370 742,1369 779,1367 817,1367 854,1367 891,1367 928,1367 965,1367 1003,1367"/>
                <TextEquiv>
                    <Unicode>ness and elegante, tenderness and irony,</Unicode>
                </TextEquiv>
            </TextLine>
            <TextLine id="tr_1_tl_31" custom="readingOrder {index:30;}">
                <Coords points="243,1428 995,1418 996,1384 960,1372 515,1401 245,1387"/>
                <Baseline points="253,1418 290,1418 327,1418 365,1418 402,1416 439,1415 477,1415 514,1415 551,1412 589,1412 626,1412 663,1412 701,1412 738,1412 775,1409 813,1409 850,1409 887,1409 925,1409 962,1409 1000,1409"/>
                <TextEquiv>
                    <Unicode>simplicity and raffinement, pain and play,</Unicode>
                </TextEquiv>
            </TextLine>
            <TextLine id="tr_1_tl_32" custom="readingOrder {index:31;}">
                <Coords points="243,1472 903,1472 1008,1462 1010,1424 245,1428"/>
                <Baseline points="253,1456 292,1459 332,1459 372,1457 412,1456 452,1456 492,1456 532,1456 572,1455 612,1453 652,1453 692,1453 732,1451 772,1450 812,1450 852,1450 892,1449 932,1447 972,1447 1012,1447"/>
                <TextEquiv>
                    <Unicode>life and dreaminess. Lightly woven lyricism</Unicode>
                </TextEquiv>
            </TextLine>
            <TextLine id="tr_1_tl_33" custom="readingOrder {index:32;}">
                <Coords points="245,1510 973,1510 998,1464 247,1472"/>
                <Baseline points="256,1498 293,1498 330,1498 368,1498 405,1498 442,1498 480,1497 517,1495 554,1495 592,1495 629,1495 666,1494 704,1492 741,1492 778,1492 816,1492 853,1492 890,1491 928,1489 965,1489 1003,1486"/>
                <TextEquiv>
                    <Unicode>stands side by side with brutal realism. To</Unicode>
                </TextEquiv>
            </TextLine>
            <TextLine id="tr_1_tl_34" custom="readingOrder {index:33;}">
                <Coords points="243,1550 1004,1546 989,1495 243,1512"/>
                <Baseline points="253,1537 290,1540 328,1540 366,1540 404,1540 442,1539 479,1537 517,1537 555,1534 593,1534 631,1534 668,1534 706,1534 744,1534 782,1534 820,1534 857,1532 895,1531 933,1531 971,1531 1009,1528"/>
                <TextEquiv>
                    <Unicode>love, to play and to die, that is the painful¬</Unicode>
                </TextEquiv>
            </TextLine>
            <TextLine id="tr_1_tl_35" custom="readingOrder {index:34;}">
                <Coords points="243,1589 1008,1589 1010,1543 243,1552"/>
                <Baseline points="253,1582 292,1579 332,1579 372,1581 412,1580 452,1579 492,1579 532,1579 572,1578 612,1576 652,1573 692,1573 732,1575 772,1576 812,1574 852,1573 892,1573 932,1572 972,1570 1012,1570"/>
                <TextEquiv>
                    <Unicode>ly sweet, sady merry world of this most</Unicode>
                </TextEquiv>
            </TextLine>
            <TextLine id="tr_1_tl_36" custom="readingOrder {index:35;}">
                <Coords points="257,1631 1004,1631 1004,1583 973,1579 257,1594"/>
                <Baseline points="268,1618 305,1621 342,1621 379,1621 416,1619 453,1620 490,1620 527,1619 564,1621 601,1616 638,1617 675,1618 712,1618 749,1618 786,1618 823,1615 860,1615 897,1615 934,1614 971,1612 1009,1612"/>
                <TextEquiv>
                    <Unicode>Viennese of all Viennese poets. His</Unicode>
                </TextEquiv>
            </TextLine>
            <TextLine id="tr_1_tl_37" custom="readingOrder {index:36;}">
                <Coords points="249,1679 1008,1669 1008,1625 920,1613 839,1636 249,1629"/>
                <Baseline points="259,1659 296,1662 334,1662 371,1662 409,1660 447,1659 484,1660 522,1662 560,1659 597,1659 635,1657 673,1656 710,1656 748,1656 786,1656 823,1656 861,1656 899,1656 936,1655 974,1653 1012,1656"/>
                <TextEquiv>
                    <Unicode>works are wrapped in dulcet music, gentle</Unicode>
                </TextEquiv>
            </TextLine>
            <TextLine id="tr_1_tl_38" custom="readingOrder {index:37;}">
                <Coords points="243,1707 998,1713 998,1671 947,1661 243,1671"/>
                <Baseline points="253,1704 290,1704 328,1704 365,1704 403,1702 440,1702 478,1703 515,1701 553,1701 590,1701 628,1701 665,1700 703,1698 740,1698 778,1698 815,1698 853,1696 890,1695 928,1695 965,1695 1003,1695"/>
                <TextEquiv>
                    <Unicode>melodies which we have all carried in our</Unicode>
                </TextEquiv>
            </TextLine>
            <TextLine id="tr_1_tl_39" custom="readingOrder {index:38;}">
                <Coords points="245,1761 1004,1750 1004,1719 949,1702 245,1711"/>
                <Baseline points="256,1746 293,1746 331,1743 368,1745 406,1744 444,1743 481,1743 519,1743 557,1743 594,1743 632,1743 670,1742 707,1740 745,1740 783,1740 820,1740 858,1738 896,1737 933,1736 971,1734 1009,1734"/>
                <TextEquiv>
                    <Unicode>hears at some time. "Stimmung" is every¬</Unicode>
                </TextEquiv>
            </TextLine>
            <TextLine id="tr_1_tl_40" custom="readingOrder {index:39;}">
                <Coords points="249,1797 998,1790 998,1750 972,1746 249,1763"/>
                <Baseline points="259,1782 296,1785 333,1785 370,1785 407,1785 445,1785 482,1785 519,1785 556,1785 593,1785 631,1783 668,1782 705,1782 742,1782 779,1782 817,1779 854,1779 891,1779 928,1779 965,1779 1003,1776"/>
                <TextEquiv>
                    <Unicode>where. "Stimmung!" And involuntarily</Unicode>
                </TextEquiv>
            </TextLine>
            <TextLine id="tr_1_tl_41" custom="readingOrder {index:40;}">
                <Coords points="249,1836 1006,1830 973,1788 251,1807"/>
                <Baseline points="262,1827 299,1827 336,1827 374,1827 411,1827 448,1827 486,1827 523,1827 560,1827 598,1827 635,1825 672,1824 710,1824 747,1824 784,1824 822,1824 859,1822 896,1821 934,1821 971,1821 1009,1818"/>
                <TextEquiv>
                    <Unicode>we think of some of Schumann's melodies</Unicode>
                </TextEquiv>
            </TextLine>
            <TextLine id="tr_1_tl_42" custom="readingOrder {index:41;}">
                <Coords points="243,1880 1008,1876 1008,1830 970,1826 243,1836"/>
                <Baseline points="253,1868 292,1868 332,1866 372,1867 412,1868 452,1868 492,1868 532,1868 572,1868 612,1868 652,1865 692,1865 732,1865 772,1863 812,1862 852,1862 892,1862 932,1862 972,1862 1012,1865"/>
                <TextEquiv>
                    <Unicode>for Heine's songs, or of Schuberts gentle</Unicode>
                </TextEquiv>
            </TextLine>
            <TextLine id="tr_1_tl_43" custom="readingOrder {index:42;}">
                <Coords points="251,1922 1006,1912 991,1872 251,1878"/>
                <Baseline points="262,1913 299,1910 336,1910 374,1910 411,1910 448,1910 486,1910 523,1910 560,1910 598,1908 635,1907 672,1907 710,1907 747,1907 784,1904 822,1904 859,1904 896,1905 934,1906 971,1904 1009,1904"/>
                <TextEquiv>
                    <Unicode>heaviness of heart; sometimes of Chopin's</Unicode>
                </TextEquiv>
            </TextLine>
            <TextLine id="tr_1_tl_44" custom="readingOrder {index:43;}">
                <Coords points="251,1964 1006,1968 989,1912 251,1933"/>
                <Baseline points="262,1952 299,1952 336,1952 374,1950 411,1951 448,1951 486,1949 523,1949 560,1949 598,1949 635,1949 672,1948 710,1947 747,1949 784,1946 822,1946 859,1946 896,1946 934,1946 971,1946 1009,1946"/>
                <TextEquiv>
                    <Unicode>sensitively melancholy rhythms. Like</Unicode>
                </TextEquiv>
            </TextLine>
            <TextLine id="tr_1_tl_45" custom="readingOrder {index:44;}">
                <Coords points="249,2001 998,1995 977,1958 903,1953 249,1964"/>
                <Baseline points="259,1991 296,1994 333,1994 370,1994 407,1992 445,1991 482,1991 519,1991 556,1991 593,1988 631,1990 668,1991 705,1990 742,1988 779,1988 817,1988 854,1988 891,1986 928,1986 965,1988 1003,1985"/>
                <TextEquiv>
                    <Unicode>Chopin, he, too, is easily excited and ex¬</Unicode>
                </TextEquiv>
            </TextLine>
            <TextLine id="tr_1_tl_46" custom="readingOrder {index:45;}">
                <Coords points="249,2043 1004,2048 1006,1989 956,2010 251,2004"/>
                <Baseline points="259,2033 296,2033 334,2033 371,2035 409,2034 446,2033 484,2033 521,2033 559,2033 596,2033 634,2033 671,2032 709,2030 746,2030 784,2030 821,2030 859,2030 896,2030 934,2030 971,2030 1009,2027"/>
                <TextEquiv>
                    <Unicode>ceedingly susceptible, above all he shares</Unicode>
                </TextEquiv>
            </TextLine>
            <TextLine id="tr_1_tl_47" custom="readingOrder {index:46;}">
                <Coords points="251,2089 1008,2081 1008,2048 958,2035 251,2047"/>
                <Baseline points="262,2071 299,2073 337,2074 374,2074 412,2074 449,2074 487,2074 524,2074 562,2074 599,2074 637,2073 674,2071 712,2071 749,2071 787,2071 824,2071 862,2071 899,2070 937,2068 974,2071 1012,2071"/>
                <TextEquiv>
                    <Unicode>with him that peculiar melancholy lyricism</Unicode>
                </TextEquiv>
            </TextLine>
            <TextLine id="tr_1_tl_48" custom="readingOrder {index:47;}">
                <Coords points="249,2129 1008,2127 989,2079 249,2087"/>
                <Baseline points="259,2113 296,2115 334,2116 371,2116 409,2116 447,2116 484,2116 522,2116 560,2114 597,2115 635,2116 673,2115 710,2113 748,2113 786,2113 823,2113 861,2113 899,2113 936,2113 974,2113 1012,2113"/>
                <TextEquiv>
                    <Unicode>that is nothing but the subtlest egotism,</Unicode>
                </TextEquiv>
            </TextLine>
            <TextLine id="tr_1_tl_49" custom="readingOrder {index:48;}">
                <Coords points="255,2169 1010,2171 1010,2131 950,2119 255,2133"/>
                <Baseline points="265,2155 302,2157 339,2156 377,2155 414,2156 451,2158 489,2155 526,2155 563,2155 601,2155 638,2155 675,2155 713,2155 750,2155 787,2155 825,2155 862,2155 899,2155 937,2155 974,2155 1012,2155"/>
                <TextEquiv>
                    <Unicode>which relates everything to itself and puts</Unicode>
                </TextEquiv>
            </TextLine>
            <TextLine id="tr_1_tl_50" custom="readingOrder {index:49;}">
                <Coords points="249,2206 1004,2219 1004,2171 954,2163 740,2160 667,2185 249,2169"/>
                <Baseline points="259,2200 296,2197 334,2197 371,2199 409,2198 446,2197 484,2197 521,2197 559,2197 596,2197 634,2197 671,2197 709,2197 746,2197 784,2197 821,2197 859,2197 896,2197 934,2197 971,2197 1009,2197"/>
                <TextEquiv>
                    <Unicode>forward the conditions of its own self as</Unicode>
                </TextEquiv>
            </TextLine>
            <TextLine id="tr_1_tl_51" custom="readingOrder {index:50;}">
                <Coords points="251,2255 776,2254 776,2211 759,2208 251,2217"/>
                <Baseline points="262,2242 287,2239 313,2239 339,2239 365,2239 391,2240 417,2242 442,2241 468,2239 494,2239 520,2239 546,2239 572,2239 598,2239 623,2239 649,2239 675,2239 701,2239 727,2239 753,2239 779,2239"/>
                <TextEquiv>
                    <Unicode>the sole and highest standard.</Unicode>
                </TextEquiv>
            </TextLine>
            <TextLine id="tr_1_tl_52" custom="readingOrder {index:51;}">
                <Coords points="287,2294 1004,2294 1004,2240 949,2232 866,2254 799,2229 707,2265 287,2259"/>
                <Baseline points="298,2280 333,2280 369,2280 404,2280 440,2280 475,2280 511,2280 546,2280 582,2280 617,2280 653,2280 689,2280 724,2280 760,2280 795,2280 831,2280 866,2280 902,2280 937,2280 973,2279 1009,2277"/>
                <TextEquiv>
                    <Unicode>Often Schnitzler deals with an den so</Unicode>
                </TextEquiv>
            </TextLine>
            <TextLine id="tr_1_tl_53" custom="readingOrder {index:52;}">
                <Coords points="249,2336 1004,2340 1004,2292 249,2296"/>
                <Baseline points="259,2322 296,2325 334,2322 371,2322 409,2322 446,2322 484,2322 521,2322 559,2322 596,2322 634,2322 671,2322 709,2322 746,2322 784,2322 821,2322 859,2320 896,2320 934,2321 971,2319 1009,2319"/>
                <TextEquiv>
                    <Unicode>slight that it would just suffice for one of</Unicode>
                </TextEquiv>
            </TextLine>
            <TextLine id="tr_1_tl_54" custom="readingOrder {index:53;}">
                <Coords points="249,2374 1004,2382 1004,2340 956,2328 249,2334"/>
                <Baseline points="259,2364 296,2364 334,2367 371,2367 409,2365 446,2364 484,2364 521,2364 559,2364 596,2364 634,2364 671,2364 709,2364 746,2364 784,2364 821,2364 859,2364 896,2364 934,2364 971,2363 1009,2358"/>
                <TextEquiv>
                    <Unicode>de Maupassants or Tschechoff's short sto¬</Unicode>
                </TextEquiv>
            </TextLine>
            <TextLine id="tr_1_tl_55" custom="readingOrder {index:54;}">
                <Coords points="249,2422 1004,2411 1004,2382 868,2370 249,2376"/>
                <Baseline points="259,2403 296,2405 334,2406 371,2406 409,2406 446,2406 484,2406 521,2406 559,2404 596,2405 634,2406 671,2406 709,2406 746,2406 784,2406 821,2406 859,2405 896,2403 934,2403 971,2403 1009,2403"/>
                <TextEquiv>
                    <Unicode>ries. But when we look closer they are</Unicode>
                </TextEquiv>
            </TextLine>
            <TextLine id="tr_1_tl_56" custom="readingOrder {index:55;}">
                <Coords points="249,2455 922,2445 1004,2470 993,2411 249,2422"/>
                <Baseline points="259,2445 296,2445 334,2445 371,2445 409,2445 446,2445 484,2445 521,2445 559,2445 596,2447 634,2448 671,2447 709,2445 746,2445 784,2445 821,2445 859,2446 896,2447 934,2445 971,2445 1009,2448"/>
                <TextEquiv>
                    <Unicode>typical. The truth is more deeply and</Unicode>
                </TextEquiv>
            </TextLine>
            <TextLine id="tr_1_tl_57" custom="readingOrder {index:56;}">
                <Coords points="243,2495 1008,2489 939,2451 243,2451"/>
                <Baseline points="253,2486 292,2486 332,2486 372,2486 412,2486 452,2486 492,2486 532,2486 572,2486 612,2486 652,2486 692,2486 732,2486 772,2486 812,2486 852,2486 892,2486 932,2486 972,2486 1012,2483"/>
                <TextEquiv>
                    <Unicode>diversely reflected in them, wider perspec¬</Unicode>
                </TextEquiv>
            </TextLine>
            <TextLine id="tr_1_tl_58" custom="readingOrder {index:57;}">
                <Coords points="255,2529 1004,2533 987,2493 255,2493"/>
                <Baseline points="265,2522 302,2522 339,2522 376,2522 413,2522 451,2522 488,2522 525,2522 562,2522 599,2522 637,2522 674,2522 711,2522 748,2522 785,2522 823,2522 860,2522 897,2522 934,2522 971,2521 1009,2516"/>
                <TextEquiv>
                    <Unicode>tives are opened than in many a grandly</Unicode>
                </TextEquiv>
            </TextLine>
            <TextLine id="tr_1_tl_59" custom="readingOrder {index:58;}">
                <Coords points="249,2560 1004,2570 1006,2533 952,2529 251,2533"/>
                <Baseline points="259,2555 296,2558 334,2558 371,2558 409,2558 446,2558 484,2557 521,2555 559,2555 596,2555 634,2557 671,2557 709,2555 746,2555 784,2555 821,2555 859,2555 896,2555 934,2555 971,2555 1009,2552"/>
                <TextEquiv>
                    <Unicode>conceived, harrowing dramatic structure</Unicode>
                </TextEquiv>
            </TextLine>
            <TextLine id="tr_1_tl_60" custom="readingOrder {index:59;}">
                <Coords points="255,2598 1000,2604 987,2560 255,2562"/>
                <Baseline points="265,2594 302,2594 339,2594 376,2591 413,2591 450,2591 487,2591 524,2591 561,2591 598,2591 635,2591 672,2591 709,2591 746,2591 783,2591 820,2591 857,2591 894,2591 931,2591 968,2591 1006,2588"/>
                <TextEquiv>
                    <Unicode>built with the stones of first causes. He</Unicode>
                </TextEquiv>
            </TextLine>
            <TextLine id="tr_1_tl_61" custom="readingOrder {index:60;}">
                <Coords points="249,2643 1000,2639 1000,2604 950,2595 249,2600"/>
                <Baseline points="259,2627 296,2627 333,2627 371,2627 408,2627 445,2627 483,2627 520,2627 557,2627 595,2627 632,2627 669,2627 707,2627 744,2627 781,2624 819,2627 856,2627 893,2627 931,2627 968,2627 1006,2624"/>
                <TextEquiv>
                    <Unicode>knows how to snatch out of the tumultu</Unicode>
                </TextEquiv>
            </TextLine>
            <TextLine id="tr_1_tl_62" custom="readingOrder {index:61;}">
                <Coords points="249,2673 1004,2666 977,2633 249,2644"/>
                <Baseline points="259,2663 296,2663 334,2663 371,2663 409,2663 446,2663 484,2663 521,2663 559,2663 596,2663 634,2662 671,2661 709,2663 746,2660 784,2660 821,2660 859,2660 896,2660 934,2660 971,2663 1009,2663"/>
                <TextEquiv>
                    <Unicode>ous, on-rushing stream of life a delicate,</Unicode>
                </TextEquiv>
            </TextLine>
            <TextLine id="tr_1_tl_63" custom="readingOrder {index:62;}">
                <Coords points="257,2711 1002,2708 1002,2677 929,2667 257,2673"/>
                <Baseline points="268,2698 304,2698 341,2698 378,2698 415,2698 452,2698 489,2698 526,2697 563,2695 600,2695 637,2697 673,2696 710,2695 747,2695 784,2695 821,2695 858,2695 895,2695 932,2695 969,2695 1006,2695"/>
                <TextEquiv>
                    <Unicode>thoughtful picture which would escape</Unicode>
                </TextEquiv>
            </TextLine>
            <TextLine id="tr_1_tl_64" custom="readingOrder {index:63;}">
                <Coords points="249,2733 1010,2740 1010,2710 864,2692 249,2710"/>
                <Baseline points="259,2731 296,2731 334,2731 372,2731 410,2731 448,2731 485,2731 523,2731 561,2731 599,2731 637,2732 674,2733 712,2731 750,2731 788,2731 826,2731 863,2731 901,2731 939,2731 977,2731 1015,2731"/>
                <TextEquiv>
                    <Unicode>every eye but that of a poet, which only a</Unicode>
                </TextEquiv>
            </TextLine>
            <TextLine id="tr_1_tl_65" custom="readingOrder {index:64;}">
                <Coords points="255,2792 389,2773 450,2790 517,2775 600,2788 657,2773 657,2754 602,2733 531,2748 510,2734 443,2738 427,2752 364,2734 337,2746 255,2738"/>
                <Baseline points="265,2770 291,2770 317,2770 344,2770 370,2769 397,2767 423,2767 450,2767 476,2767 503,2767 529,2767 556,2767 582,2767 609,2767 635,2768 662,2770"/>
                <TextEquiv>
                    <Unicode>real poet could retain.</Unicode>
                </TextEquiv>
            </TextLine>
            <TextLine id="tr_1_tl_66" custom="readingOrder {index:65;}">
                <Coords points="249,2851 368,2865 406,2848 492,2863 742,2849 780,2867 780,2809 747,2803 596,2815 535,2788 448,2788 347,2821 249,2800"/>
                <Baseline points="259,2842 285,2840 311,2840 337,2842 364,2842 390,2842 416,2842 443,2842 469,2842 495,2842 522,2842 548,2842 574,2842 600,2842 627,2842 653,2842 679,2842 706,2842 732,2842 758,2841 785,2839"/>
                <TextEquiv>
                    <Unicode>Love, a Delightful Diversion</Unicode>
                </TextEquiv>
            </TextLine>
            <TextLine id="tr_1_tl_67" custom="readingOrder {index:66;}">
                <Coords points="291,2888 1010,2899 1010,2863 964,2855 291,2853"/>
                <Baseline points="301,2880 336,2882 372,2885 408,2886 443,2886 479,2886 515,2884 550,2883 586,2883 622,2883 658,2883 693,2883 729,2883 765,2883 800,2883 836,2883 872,2885 907,2886 943,2886 979,2886 1015,2886"/>
                <TextEquiv>
                    <Unicode>"Love, play and death." These three</Unicode>
                </TextEquiv>
            </TextLine>
            <TextLine id="tr_1_tl_68" custom="readingOrder {index:67;}">
                <Coords points="249,2940 1014,2932 1014,2899 766,2884 249,2899"/>
                <Baseline points="259,2922 298,2919 338,2919 378,2919 418,2919 458,2919 498,2919 538,2919 578,2919 618,2919 658,2919 698,2919 738,2919 778,2919 818,2919 858,2919 898,2919 938,2919 978,2919 1018,2919"/>
                <TextEquiv>
                    <Unicode>problems run all through his works, are</Unicode>
                </TextEquiv>
            </TextLine>
            <TextLine id="tr_1_tl_69" custom="readingOrder {index:68;}">
                <Coords points="251,2957 968,2974 1012,2964 1010,2930 249,2940"/>
                <Baseline points="259,2955 296,2955 334,2953 372,2954 410,2954 448,2952 485,2952 523,2952 561,2952 599,2952 637,2954 674,2955 712,2955 750,2955 788,2955 826,2953 863,2954 901,2955 939,2955 977,2955 1015,2952"/>
                <TextEquiv>
                    <Unicode>their possibility of being, their beginning</Unicode>
                </TextEquiv>
            </TextLine>
            <TextLine id="tr_1_tl_70" custom="readingOrder {index:69;}">
                <Coords points="249,2995 1014,3003 1014,2968 985,2961 249,2957"/>
                <Baseline points="259,2988 298,2988 338,2988 378,2988 418,2988 458,2988 498,2987 538,2986 578,2988 618,2988 658,2988 698,2988 738,2988 778,2988 818,2988 858,2988 898,2988 938,2988 978,2988 1018,2988"/>
                <TextEquiv>
                    <Unicode>and their end. To be sure, love to him is</Unicode>
                </TextEquiv>
            </TextLine>
            <TextLine id="tr_1_tl_71" custom="readingOrder {index:70;}">
                <Coords points="251,3041 1008,3037 975,2987 251,2995"/>
                <Baseline points="262,3021 299,3023 337,3024 374,3024 412,3024 449,3024 487,3024 524,3024 562,3024 599,3024 637,3024 674,3024 712,3024 749,3021 787,3023 824,3024 862,3024 899,3024 937,3024 974,3024 1012,3024"/>
                <TextEquiv>
                    <Unicode>not the dream of the sole complement, the</Unicode>
                </TextEquiv>
            </TextLine>
            <TextLine id="tr_1_tl_72" custom="readingOrder {index:71;}">
                <Coords points="257,3072 1004,3064 1004,3033 972,3030 257,3035"/>
                <Baseline points="268,3060 305,3060 342,3060 379,3060 416,3058 453,3057 490,3058 527,3059 564,3057 601,3060 638,3060 675,3060 712,3060 749,3059 786,3057 823,3057 860,3057 897,3057 934,3057 971,3057 1009,3054"/>
                <TextEquiv>
                    <Unicode>finding of oneself again, nor the mad un¬</Unicode>
                </TextEquiv>
            </TextLine>
            <TextLine id="tr_1_tl_73" custom="readingOrder {index:72;}">
                <Coords points="249,3095 1010,3102 1010,3070 851,3056 249,3072"/>
                <Baseline points="259,3092 296,3092 334,3092 372,3094 410,3094 448,3092 485,3092 523,3095 561,3093 599,3092 637,3092 674,3092 712,3092 750,3092 788,3092 826,3092 863,3092 901,3092 939,3092 977,3092 1015,3092"/>
                <TextEquiv>
                    <Unicode>controllable longing for union that seeks</Unicode>
                </TextEquiv>
            </TextLine>
            <TextLine id="tr_1_tl_74" custom="readingOrder {index:73;}">
                <Coords points="255,3135 1004,3141 981,3100 255,3102"/>
                <Baseline points="265,3128 302,3128 339,3128 376,3128 413,3128 451,3128 488,3128 525,3128 562,3128 599,3128 637,3127 674,3125 711,3128 748,3128 785,3128 823,3128 860,3128 897,3128 934,3128 971,3128 1009,3128"/>
                <TextEquiv>
                    <Unicode>annihilation and ends with a death rattle.</Unicode>
                </TextEquiv>
            </TextLine>
            <TextLine id="tr_1_tl_75" custom="readingOrder {index:74;}">
                <Coords points="257,3175 1012,3175 1012,3139 922,3131 257,3139"/>
                <Baseline points="268,3164 305,3164 342,3164 380,3164 417,3164 454,3164 492,3164 529,3164 566,3161 604,3163 641,3162 678,3161 716,3161 753,3161 790,3164 828,3161 865,3163 902,3163 940,3161 977,3161 1015,3161"/>
                <TextEquiv>
                    <Unicode>It is not the cord with which Satan draws</Unicode>
                </TextEquiv>
            </TextLine>
            <TextLine id="tr_1_tl_76" custom="readingOrder {index:75;}">
                <Coords points="255,3206 1004,3206 991,3168 255,3175"/>
                <Baseline points="265,3200 302,3200 339,3200 376,3200 413,3200 451,3198 488,3198 525,3199 562,3197 599,3197 637,3197 674,3197 711,3197 748,3197 785,3197 823,3197 860,3197 897,3197 934,3197 971,3197 1009,3194"/>
                <TextEquiv>
                    <Unicode>the chidren of men into hell, not the un¬</Unicode>
                </TextEquiv>
            </TextLine>
            <TextLine id="tr_1_tl_77" custom="readingOrder {index:76;}">
                <Coords points="249,3238 1004,3242 1004,3206 949,3198 249,3214"/>
                <Baseline points="259,3233 296,3235 334,3234 371,3233 409,3233 446,3233 484,3233 521,3233 559,3233 596,3231 634,3230 671,3230 709,3230 746,3233 784,3233 821,3233 859,3233 896,3233 934,3233 971,3233 1009,3233"/>
                <TextEquiv>
                    <Unicode>fathomable mystery whose flickering light</Unicode>
                </TextEquiv>
            </TextLine>
            <TextLine id="tr_1_tl_78" custom="readingOrder {index:77;}">
                <Coords points="1575,3279 1648,3294 2043,3284 2043,3214 1924,3214 1905,3231 1874,3214 1751,3231 1700,3214 1575,3225"/>
                <Baseline points="1585,3266 1610,3266 1636,3266 1661,3266 1687,3266 1712,3266 1738,3266 1763,3266 1789,3266 1815,3266 1840,3266 1866,3266 1891,3266 1917,3267 1942,3269 1968,3267 1993,3266 2019,3266 2045,3266"/>
                <TextEquiv>
                    <Unicode>Arthur Schnitzler</Unicode>
                </TextEquiv>
            </TextLine>
            <TextLine id="tr_1_tl_79" custom="readingOrder {index:78;}">
                <Coords points="257,3273 1004,3275 1004,3244 922,3238 257,3242"/>
                <Baseline points="268,3269 305,3269 342,3269 379,3269 416,3269 453,3269 490,3268 527,3266 564,3266 601,3266 638,3266 675,3266 712,3266 749,3267 786,3269 823,3266 860,3266 897,3266 934,3266 971,3266 1009,3266"/>
                <TextEquiv>
                    <Unicode>illumines or scorches the very existence</Unicode>
                </TextEquiv>
            </TextLine>
            <TextLine id="tr_1_tl_80" custom="readingOrder {index:79;}">
                <Coords points="257,3311 1008,3304 1008,3277 970,3271 257,3273"/>
                <Baseline points="268,3304 305,3303 342,3301 379,3301 416,3301 454,3301 491,3301 528,3301 565,3301 602,3301 640,3301 677,3301 714,3301 751,3301 788,3301 826,3301 863,3301 900,3301 937,3301 974,3301 1012,3298"/>
                <TextEquiv>
                    <Unicode>He knows, indeed, no extravagant rap¬</Unicode>
                </TextEquiv>
            </TextLine>
            <TextLine id="tr_1_tl_81" custom="readingOrder {index:80;}">
                <Coords points="1048,3355 2574,3350 2558,3296 2208,3283 1048,3313"/>
                <Baseline points="1059,3340 1135,3343 1211,3340 1287,3340 1363,3337 1439,3337 1515,3338 1591,3337 1667,3337 1743,3335 1819,3333 1895,3331 1971,3333 2047,3333 2123,3333 2199,3331 2275,3334 2351,3334 2427,3334 2503,3334 2579,3334"/>
                <TextEquiv>
                    <Unicode>to him than the truth. The actor who with this work of quiet sadness in all</Unicode>
                </TextEquiv>
            </TextLine>
            <TextLine id="tr_1_tl_82" custom="readingOrder {index:81;}">
                <Coords points="251,3342 1008,3350 1010,3304 253,3317"/>
                <Baseline points="262,3337 299,3337 337,3337 374,3337 412,3337 449,3337 487,3337 524,3337 562,3337 599,3337 637,3336 674,3334 712,3334 749,3334 787,3336 824,3335 862,3335 899,3337 937,3337 974,3337 1012,3337"/>
                <TextEquiv>
                    <Unicode>tures in love, no grand pathos. To him it</Unicode>
                </TextEquiv>
            </TextLine>
            <TextLine id="tr_1_tl_83" custom="readingOrder {index:82;}">
                <Coords points="1828,3376 1855,3382 1863,3376 1866,3380 1874,3376 1907,3376 1918,3382 1930,3376 1937,3382 1953,3380 1953,3338 1924,3342 1909,3352 1901,3344 1893,3348 1886,3342 1859,3338 1853,3342 1842,3334 1828,3334"/>
                <Baseline points="1839,3370 1868,3367 1898,3369 1928,3369 1958,3367"/>
                <TextEquiv>
                    <Unicode>things.</Unicode>
                </TextEquiv>
            </TextLine>
            <TextLine id="tr_1_tl_84" custom="readingOrder {index:83;}">
                <Coords points="255,3386 1010,3380 1010,3348 895,3336 255,3344"/>
                <Baseline points="265,3373 302,3373 340,3370 377,3372 415,3373 452,3373 490,3373 527,3373 565,3370 602,3372 640,3371 677,3370 715,3370 752,3370 790,3370 827,3370 865,3370 902,3370 940,3370 977,3370 1015,3370"/>
                <TextEquiv>
                    <Unicode>is often nothing but a fleeting intoxication</Unicode>
                </TextEquiv>
            </TextLine>
            <TextLine id="tr_1_tl_85" custom="readingOrder {index:84;}">
                <Coords points="1048,3390 1796,3376 1796,3346 1719,3340 1048,3355"/>
                <Baseline points="1059,3379 1096,3378 1133,3376 1170,3376 1207,3376 1244,3376 1281,3375 1318,3373 1355,3373 1392,3373 1429,3373 1466,3373 1503,3373 1540,3373 1577,3373 1614,3373 1651,3373 1688,3373 1725,3373 1762,3373 1800,3370"/>
                <TextEquiv>
                    <Unicode>plays him must never forget that Anato</Unicode>
                </TextEquiv>
            </TextLine>
            <TextLine id="tr_1_tl_86" custom="readingOrder {index:85;}">
                <Coords points="1866,3411 2579,3413 2579,3380 2493,3365 1866,3378"/>
                <Baseline points="1877,3400 1912,3403 1947,3403 1983,3401 2018,3401 2054,3403 2089,3403 2124,3403 2160,3401 2195,3400 2231,3400 2266,3403 2301,3401 2337,3401 2372,3402 2408,3400 2443,3400 2478,3400 2514,3400 2549,3399 2585,3397"/>
                <TextEquiv>
                    <Unicode>The next drama certainly means recovery</Unicode>
                </TextEquiv>
            </TextLine>
            <TextLine id="tr_1_tl_87" custom="readingOrder {index:86;}">
                <Coords points="257,3413 1014,3415 998,3378 257,3384"/>
                <Baseline points="268,3409 305,3406 343,3406 380,3406 418,3406 455,3406 493,3406 530,3406 568,3406 605,3406 643,3406 680,3406 718,3406 755,3406 793,3406 830,3406 868,3404 905,3404 943,3405 980,3403 1018,3406"/>
                <TextEquiv>
                    <Unicode>from which one awakes again. So it is at</Unicode>
                </TextEquiv>
            </TextLine>
            <TextLine id="tr_1_tl_88" custom="readingOrder {index:87;}">
                <Coords points="1042,3417 1792,3415 1794,3380 1044,3388"/>
                <Baseline points="1053,3412 1090,3412 1127,3412 1164,3412 1201,3412 1239,3410 1276,3409 1313,3410 1350,3412 1387,3409 1425,3409 1462,3407 1499,3407 1536,3409 1573,3409 1611,3409 1648,3409 1685,3407 1722,3406 1759,3406 1797,3406"/>
                <TextEquiv>
                    <Unicode>is not only a delightful, very elegant lover</Unicode>
                </TextEquiv>
            </TextLine>
            <TextLine id="tr_1_tl_89" custom="readingOrder {index:88;}">
                <Coords points="1042,3453 2574,3449 2547,3407 1042,3415"/>
                <Baseline points="1053,3442 1129,3445 1205,3445 1281,3444 1358,3442 1434,3445 1510,3445 1587,3445 1663,3443 1739,3442 1816,3438 1892,3438 1968,3438 2044,3436 2121,3436 2197,3436 2273,3437 2350,3436 2426,3436 2502,3436 2579,3433"/>
                <TextEquiv>
                    <Unicode>and charmeur," but in the free hours from this sadness and is characteristically</Unicode>
                </TextEquiv>
            </TextLine>
            <TextLine id="tr_1_tl_90" custom="readingOrder {index:89;}">
                <Coords points="257,3455 1012,3451 1012,3411 257,3413"/>
                <Baseline points="268,3442 305,3442 342,3442 380,3442 417,3442 454,3442 492,3442 529,3442 566,3442 604,3442 641,3442 678,3442 716,3442 753,3442 790,3442 828,3442 865,3440 902,3439 940,3440 977,3442 1015,3439"/>
                <TextEquiv>
                    <Unicode>least in his first dramas like "Anatol" and</Unicode>
                </TextEquiv>
            </TextLine>
            <TextLine id="tr_1_tl_91" custom="readingOrder {index:90;}">
                <Coords points="1832,3480 2579,3478 2579,3447 2514,3444 1832,3447"/>
                <Baseline points="1842,3469 1879,3472 1916,3472 1953,3471 1990,3470 2027,3472 2064,3472 2102,3472 2139,3472 2176,3471 2213,3470 2250,3472 2287,3472 2324,3470 2362,3469 2399,3469 2436,3469 2473,3469 2510,3472 2547,3470 2585,3469"/>
                <TextEquiv>
                    <Unicode>called "Der Ruf des Lebens ("The Call of</Unicode>
                </TextEquiv>
            </TextLine>
            <TextLine id="tr_1_tl_92" custom="readingOrder {index:91;}">
                <Coords points="257,3482 1012,3484 1012,3453 964,3447 257,3451"/>
                <Baseline points="268,3466 305,3473 342,3475 380,3475 417,3475 454,3475 492,3475 529,3473 566,3474 604,3475 641,3475 678,3475 716,3475 753,3475 790,3475 828,3476 865,3477 902,3475 940,3475 977,3475 1015,3475"/>
                <TextEquiv>
                    <Unicode>Die Liebelet where love appears as</Unicode>
                </TextEquiv>
            </TextLine>
            <TextLine id="tr_1_tl_93" custom="readingOrder {index:92;}">
                <Coords points="1042,3489 1797,3484 1782,3447 1042,3453"/>
                <Baseline points="1053,3481 1090,3481 1128,3481 1165,3479 1203,3480 1240,3481 1278,3480 1315,3478 1353,3478 1390,3478 1428,3478 1465,3478 1503,3478 1540,3478 1578,3478 1615,3478 1653,3478 1690,3478 1728,3478 1765,3478 1803,3475"/>
                <TextEquiv>
                    <Unicode>allowed him by his strenuous occupation</Unicode>
                </TextEquiv>
            </TextLine>
            <TextLine id="tr_1_tl_94" custom="readingOrder {index:93;}">
                <Coords points="1832,3518 2574,3514 2574,3478 2537,3474 1832,3480"/>
                <Baseline points="1842,3504 1878,3504 1915,3504 1952,3504 1989,3504 2026,3504 2063,3504 2099,3504 2136,3504 2173,3504 2210,3504 2247,3502 2284,3502 2321,3504 2357,3504 2394,3504 2431,3504 2468,3504 2505,3504 2542,3503 2579,3501"/>
                <TextEquiv>
                    <Unicode>Life.") Here Schnitzler tries to master his</Unicode>
                </TextEquiv>
            </TextLine>
            <TextLine id="tr_1_tl_95" custom="readingOrder {index:94;}">
                <Coords points="257,3518 1012,3522 995,3482 257,3484"/>
                <Baseline points="268,3510 305,3510 342,3510 380,3510 417,3510 454,3510 492,3510 529,3510 566,3510 604,3510 641,3510 678,3510 716,3507 753,3507 790,3507 828,3508 865,3510 902,3510 940,3510 977,3510 1015,3510"/>
                <TextEquiv>
                    <Unicode>a beautiful, delightful diversion, play,</Unicode>
                </TextEquiv>
            </TextLine>
            <TextLine id="tr_1_tl_96" custom="readingOrder {index:95;}">
                <Coords points="1042,3522 1801,3518 1776,3482 1042,3489"/>
                <Baseline points="1053,3516 1090,3516 1128,3516 1165,3516 1203,3516 1241,3516 1278,3516 1316,3516 1354,3516 1391,3516 1429,3514 1467,3513 1504,3513 1542,3513 1580,3513 1617,3513 1655,3513 1693,3513 1730,3512 1768,3510 1806,3513"/>
                <TextEquiv>
                    <Unicode>as an unceasing purger of love, also a</Unicode>
                </TextEquiv>
            </TextLine>
            <TextLine id="tr_1_tl_97" custom="readingOrder {index:96;}">
                <Coords points="1042,3564 2579,3547 2543,3511 1042,3524"/>
                <Baseline points="1053,3552 1129,3552 1206,3552 1282,3549 1359,3549 1436,3544 1512,3547 1589,3549 1665,3549 1742,3547 1819,3542 1895,3539 1972,3540 2048,3540 2125,3540 2202,3540 2278,3540 2355,3540 2431,3539 2508,3537 2585,3534"/>
                <TextEquiv>
                    <Unicode>poet. It should be the actors task to oftness, but unfortunately he only suc¬</Unicode>
                </TextEquiv>
            </TextLine>
            <TextLine id="tr_1_tl_98" custom="readingOrder {index:97;}">
                <Coords points="257,3549 1008,3553 1008,3520 975,3516 257,3518"/>
                <Baseline points="268,3543 305,3545 342,3544 379,3544 416,3546 454,3546 491,3543 528,3543 565,3543 602,3543 640,3543 677,3543 714,3543 751,3543 788,3545 826,3545 863,3543 900,3543 937,3543 974,3545 1012,3546"/>
                <TextEquiv>
                    <Unicode>that ruins him who takes it seriously.</Unicode>
                </TextEquiv>
            </TextLine>
            <TextLine id="tr_1_tl_99" custom="readingOrder {index:98;}">
                <Coords points="1838,3578 2579,3583 2568,3543 1838,3553"/>
                <Baseline points="1848,3573 1884,3573 1921,3573 1958,3573 1995,3573 2032,3573 2069,3573 2105,3575 2142,3574 2179,3573 2216,3573 2253,3573 2290,3573 2327,3573 2363,3573 2400,3572 2437,3570 2474,3573 2511,3573 2548,3571 2585,3573"/>
                <TextEquiv>
                    <Unicode>ceeds by writing with theatrical violence</Unicode>
                </TextEquiv>
            </TextLine>
            <TextLine id="tr_1_tl_100" custom="readingOrder {index:99;}">
                <Coords points="257,3589 1797,3591 1759,3549 257,3549"/>
                <Baseline points="268,3576 344,3579 421,3579 497,3579 574,3579 651,3579 727,3576 804,3576 880,3577 957,3577 1034,3581 1110,3586 1187,3585 1263,3585 1340,3585 1417,3585 1493,3582 1570,3585 1646,3582 1723,3585 1800,3585"/>
                <TextEquiv>
                    <Unicode>Two people meet, learn to know each bring out this poetic side of his personality,</Unicode>
                </TextEquiv>
            </TextLine>
            <TextLine id="tr_1_tl_101" custom="readingOrder {index:100;}">
                <Coords points="261,3622 1016,3620 996,3581 261,3593"/>
                <Baseline points="271,3612 308,3614 345,3615 383,3615 420,3614 457,3612 495,3612 532,3612 569,3614 607,3614 644,3612 681,3612 719,3612 756,3612 793,3612 831,3612 868,3612 905,3612 943,3612 980,3612 1018,3612"/>
                <TextEquiv>
                    <Unicode>other, kiss and pass on, or die. But all</Unicode>
                </TextEquiv>
            </TextLine>
            <TextLine id="tr_1_tl_102" custom="readingOrder {index:101;}">
                <Coords points="1048,3622 2434,3622 2579,3614 2581,3580 1048,3595"/>
                <Baseline points="1059,3621 1135,3621 1211,3621 1287,3621 1364,3621 1440,3616 1516,3618 1593,3618 1669,3618 1745,3619 1822,3610 1898,3608 1974,3609 2050,3608 2127,3609 2203,3606 2279,3606 2356,3607 2432,3606 2508,3606 2585,3606"/>
                <TextEquiv>
                    <Unicode>which alone can prevent our seeing in and thus denying his own self. Schnitzler</Unicode>
                </TextEquiv>
            </TextLine>
            <TextLine id="tr_1_tl_103" custom="readingOrder {index:102;}">
                <Coords points="1828,3650 2579,3649 2568,3612 1828,3618"/>
                <Baseline points="1839,3642 1876,3642 1913,3642 1950,3642 1988,3642 2025,3642 2062,3642 2100,3642 2137,3642 2174,3642 2212,3642 2249,3642 2286,3642 2323,3642 2361,3642 2398,3641 2435,3639 2473,3639 2510,3642 2547,3640 2585,3642"/>
                <TextEquiv>
                    <Unicode>is the son of a Jewish physician who, in</Unicode>
                </TextEquiv>
            </TextLine>
            <TextLine id="tr_1_tl_104" custom="readingOrder {index:103;}">
                <Coords points="261,3656 1010,3666 996,3618 261,3622"/>
                <Baseline points="271,3648 308,3650 345,3651 382,3650 419,3648 457,3648 494,3648 531,3648 568,3648 605,3648 643,3648 680,3648 717,3648 754,3648 791,3648 829,3648 866,3647 903,3645 940,3648 977,3648 1015,3648"/>
                <TextEquiv>
                    <Unicode>that lies between is tragedy. For behind</Unicode>
                </TextEquiv>
            </TextLine>
            <TextLine id="tr_1_tl_105" custom="readingOrder {index:104;}">
                <Coords points="1048,3660 1782,3689 1797,3626 1048,3637"/>
                <Baseline points="1059,3657 1096,3657 1133,3657 1170,3660 1207,3658 1245,3657 1282,3657 1319,3657 1356,3657 1393,3657 1431,3653 1468,3653 1505,3654 1542,3654 1579,3654 1617,3654 1654,3654 1691,3654 1728,3654 1765,3654 1803,3651"/>
                <TextEquiv>
                    <Unicode>Anatol nothing but a "viveur gifted with</Unicode>
                </TextEquiv>
            </TextLine>
            <TextLine id="tr_1_tl_106" custom="readingOrder {index:105;}">
                <Coords points="1826,3683 2581,3689 2581,3649 1826,3649"/>
                <Baseline points="1836,3675 1873,3678 1910,3678 1948,3676 1985,3675 2023,3675 2060,3675 2098,3675 2135,3675 2173,3675 2210,3675 2247,3676 2285,3678 2322,3678 2360,3676 2397,3675 2435,3675 2472,3675 2510,3675 2547,3675 2585,3675"/>
                <TextEquiv>
                    <Unicode>his day, was famous throughout Europe,</Unicode>
                </TextEquiv>
            </TextLine>
            <TextLine id="tr_1_tl_107" custom="readingOrder {index:106;}">
                <Coords points="257,3696 1012,3691 970,3654 257,3656"/>
                <Baseline points="268,3684 305,3681 342,3684 380,3684 417,3684 454,3684 492,3683 529,3681 566,3681 604,3683 641,3684 678,3683 716,3681 753,3681 790,3681 828,3681 865,3681 902,3681 940,3681 977,3681 1015,3681"/>
                <TextEquiv>
                    <Unicode>love crouches death and waits for his vic¬</Unicode>
                </TextEquiv>
            </TextLine>
            <TextLine id="tr_1_tl_108" custom="readingOrder {index:107;}">
                <Coords points="1052,3718 1062,3718 1083,3700 1113,3712 1121,3710 1134,3721 1155,3712 1169,3716 1184,3708 1180,3664 1167,3666 1159,3660 1152,3668 1142,3662 1104,3672 1096,3664 1046,3664"/>
                <Baseline points="1059,3684 1084,3687 1110,3690 1136,3692 1162,3694 1188,3696"/>
                <TextEquiv>
                    <Unicode>esprit.</Unicode>
                </TextEquiv>
            </TextLine>
            <TextLine id="tr_1_tl_109" custom="readingOrder {index:108;}">
                <Coords points="1828,3733 2512,3723 2583,3710 2585,3685 1830,3687"/>
                <Baseline points="1839,3710 1876,3710 1913,3710 1951,3710 1988,3710 2026,3710 2063,3710 2101,3710 2138,3707 2176,3707 2213,3707 2250,3708 2288,3709 2325,3707 2363,3707 2400,3707 2438,3707 2475,3707 2513,3707 2550,3707 2588,3707"/>
                <TextEquiv>
                    <Unicode>and he himself was a doctor before he be¬</Unicode>
                </TextEquiv>
            </TextLine>
            <TextLine id="tr_1_tl_110" custom="readingOrder {index:109;}">
                <Coords points="257,3727 1008,3731 1008,3689 257,3693"/>
                <Baseline points="268,3716 305,3718 342,3717 379,3717 416,3718 454,3716 491,3719 528,3717 565,3716 602,3716 640,3716 677,3716 714,3716 751,3716 788,3716 826,3716 863,3716 900,3716 937,3716 974,3718 1012,3719"/>
                <TextEquiv>
                    <Unicode>tim. The dark curtain before which all</Unicode>
                </TextEquiv>
            </TextLine>
            <TextLine id="tr_1_tl_111" custom="readingOrder {index:110;}">
                <Coords points="1832,3752 2572,3752 2572,3716 2466,3708 1832,3729"/>
                <Baseline points="1842,3743 1878,3744 1915,3746 1952,3746 1988,3743 2025,3743 2062,3743 2098,3743 2135,3743 2172,3743 2209,3743 2245,3743 2282,3742 2319,3741 2355,3743 2392,3743 2429,3743 2465,3743 2502,3743 2539,3742 2576,3740"/>
                <TextEquiv>
                    <Unicode>came altogether a writer. Many of his ad</Unicode>
                </TextEquiv>
            </TextLine>
            <TextLine id="tr_1_tl_112" custom="readingOrder {index:111;}">
                <Coords points="249,3758 1010,3760 985,3725 249,3729"/>
                <Baseline points="259,3749 296,3749 334,3751 372,3752 410,3752 448,3752 485,3752 523,3752 561,3752 599,3752 637,3752 674,3752 712,3752 750,3752 788,3752 826,3752 863,3752 901,3752 939,3752 977,3752 1015,3749"/>
                <TextEquiv>
                    <Unicode>hase great and little love stories play, the</Unicode>
                </TextEquiv>
            </TextLine>
            <TextLine id="tr_1_tl_113" custom="readingOrder {index:112;}">
                <Coords points="1046,3781 1290,3765 1403,3785 1441,3765 1508,3783 1508,3729 1466,3719 1372,3737 1280,3704 1175,3735 1110,3706 1046,3721"/>
                <Baseline points="1056,3758 1081,3758 1106,3758 1132,3758 1157,3758 1182,3758 1208,3758 1233,3758 1259,3758 1284,3758 1309,3758 1335,3758 1360,3758 1386,3758 1411,3758 1436,3758 1462,3758 1487,3757 1513,3755"/>
                <TextEquiv>
                    <Unicode>Schnitzler's First Success</Unicode>
                </TextEquiv>
            </TextLine>
            <TextLine id="tr_1_tl_114" custom="readingOrder {index:113;}">
                <Coords points="1834,3783 2579,3785 2579,3748 2459,3742 1834,3754"/>
                <Baseline points="1845,3779 1882,3779 1919,3779 1956,3779 1993,3779 2030,3779 2067,3779 2104,3778 2141,3776 2178,3776 2215,3776 2252,3778 2289,3778 2326,3776 2363,3776 2400,3776 2437,3776 2474,3776 2511,3776 2548,3776 2585,3776"/>
                <TextEquiv>
                    <Unicode>mirers think they see in his scepticism, in</Unicode>
                </TextEquiv>
            </TextLine>
            <TextLine id="tr_1_tl_115" custom="readingOrder {index:114;}">
                <Coords points="263,3796 1010,3798 996,3758 263,3758"/>
                <Baseline points="274,3791 311,3788 348,3788 385,3785 422,3787 459,3788 496,3788 533,3788 570,3788 607,3788 644,3786 681,3787 718,3788 755,3788 792,3788 829,3785 866,3785 903,3785 940,3785 977,3785 1015,3785"/>
                <TextEquiv>
                    <Unicode>mighty mystery, the nearness of which</Unicode>
                </TextEquiv>
            </TextLine>
            <TextLine id="tr_1_tl_116" custom="readingOrder {index:115;}">
                <Coords points="1073,3815 1307,3825 1385,3802 1696,3829 1799,3806 1799,3769 1742,3752 1642,3783 1073,3773"/>
                <Baseline points="1083,3803 1119,3803 1155,3803 1191,3802 1227,3800 1263,3800 1299,3802 1335,3803 1371,3802 1407,3800 1443,3803 1479,3803 1515,3805 1551,3805 1587,3803 1623,3803 1659,3803 1695,3803 1731,3802 1767,3799 1803,3797"/>
                <TextEquiv>
                    <Unicode>Schnitzler's first real stage success, ho¬</Unicode>
                </TextEquiv>
            </TextLine>
            <TextLine id="tr_1_tl_117" custom="readingOrder {index:116;}">
                <Coords points="1826,3821 2577,3815 2547,3779 1826,3783"/>
                <Baseline points="1836,3812 1873,3813 1910,3815 1947,3815 1985,3813 2022,3812 2059,3812 2097,3812 2134,3812 2171,3812 2209,3812 2246,3812 2283,3812 2320,3812 2358,3812 2395,3810 2432,3809 2470,3809 2507,3809 2544,3809 2582,3809"/>
                <TextEquiv>
                    <Unicode>his quiet, objective manner, the doctor who</Unicode>
                </TextEquiv>
            </TextLine>
            <TextLine id="tr_1_tl_118" custom="readingOrder {index:117;}">
                <Coords points="263,3832 1010,3831 1010,3798 912,3788 263,3796"/>
                <Baseline points="274,3824 311,3824 348,3824 385,3821 422,3821 459,3821 496,3822 533,3823 570,3821 607,3821 644,3821 681,3821 718,3821 755,3821 792,3821 829,3821 866,3819 903,3818 940,3819 977,3821 1015,3818"/>
                <TextEquiv>
                    <Unicode>Schnitzler always makes us feel even in</Unicode>
                </TextEquiv>
            </TextLine>
            <TextLine id="tr_1_tl_119" custom="readingOrder {index:118;}">
                <Coords points="1042,3842 1797,3846 1797,3806 1042,3815"/>
                <Baseline points="1053,3836 1090,3836 1128,3839 1165,3839 1203,3839 1240,3839 1278,3838 1315,3836 1353,3839 1390,3837 1428,3836 1465,3835 1503,3834 1540,3836 1578,3836 1615,3838 1653,3839 1690,3839 1728,3838 1765,3836 1803,3833"/>
                <TextEquiv>
                    <Unicode>ever, was the Liebele." The first act is</Unicode>
                </TextEquiv>
            </TextLine>
            <TextLine id="tr_1_tl_120" custom="readingOrder {index:119;}">
                <Coords points="1832,3854 2574,3852 2574,3815 1832,3825"/>
                <Baseline points="1842,3848 1878,3848 1915,3848 1952,3848 1989,3846 2026,3845 2063,3845 2099,3846 2136,3848 2173,3848 2210,3846 2247,3845 2284,3845 2321,3845 2357,3845 2394,3845 2431,3845 2468,3843 2505,3843 2542,3844 2579,3842"/>
                <TextEquiv>
                    <Unicode>does not feel with pain but only observes it</Unicode>
                </TextEquiv>
            </TextLine>
            <TextLine id="tr_1_tl_121" custom="readingOrder {index:120;}">
                <Coords points="255,3859 1010,3871 1010,3834 979,3829 255,3834"/>
                <Baseline points="265,3857 302,3857 340,3857 377,3857 415,3857 452,3857 490,3857 527,3857 565,3857 602,3857 640,3855 677,3854 715,3855 752,3857 790,3857 827,3857 865,3857 902,3857 940,3857 977,3857 1015,3854"/>
                <TextEquiv>
                    <Unicode>the most humorous scenes, transfigures</Unicode>
                </TextEquiv>
            </TextLine>
            <TextLine id="tr_1_tl_122" custom="readingOrder {index:121;}">
                <Coords points="1052,3884 1797,3882 1780,3844 1052,3850"/>
                <Baseline points="1062,3869 1099,3871 1136,3872 1173,3872 1210,3872 1247,3872 1284,3872 1321,3872 1358,3874 1395,3875 1432,3874 1469,3872 1506,3872 1543,3874 1580,3873 1617,3872 1654,3872 1691,3872 1728,3872 1765,3872 1803,3869"/>
                <TextEquiv>
                    <Unicode>Anatol over again, but then follows the</Unicode>
                </TextEquiv>
            </TextLine>
            <TextLine id="tr_1_tl_123" custom="readingOrder {index:122;}">
                <Coords points="1838,3892 1955,3884 1981,3911 2025,3888 2574,3886 2568,3850 1838,3857"/>
                <Baseline points="1848,3881 1884,3882 1921,3884 1957,3884 1994,3881 2030,3881 2067,3881 2103,3881 2140,3881 2176,3881 2213,3881 2250,3879 2286,3879 2323,3881 2359,3881 2396,3881 2432,3879 2469,3878 2505,3878 2542,3878 2579,3878"/>
                <TextEquiv>
                    <Unicode>When the poet tries to do that, however</Unicode>
                </TextEquiv>
            </TextLine>
            <TextLine id="tr_1_tl_124" custom="readingOrder {index:123;}">
                <Coords points="255,3909 751,3901 751,3863 653,3855 615,3873 481,3873 458,3857 387,3873 255,3867"/>
                <Baseline points="265,3893 290,3893 316,3893 342,3893 368,3893 393,3893 419,3893 445,3893 471,3893 497,3892 522,3891 548,3890 574,3890 600,3892 626,3893 651,3891 677,3890 703,3890 729,3890 755,3890"/>
                <TextEquiv>
                    <Unicode>them and makes them holy</Unicode>
                </TextEquiv>
            </TextLine>
            <TextLine id="tr_1_tl_125" custom="readingOrder {index:124;}">
                <Coords points="1052,3917 1801,3915 1801,3878 1052,3884"/>
                <Baseline points="1062,3908 1099,3908 1136,3908 1173,3908 1210,3908 1248,3908 1285,3908 1322,3908 1359,3908 1396,3908 1434,3908 1471,3908 1508,3908 1545,3908 1582,3908 1620,3908 1657,3906 1694,3907 1731,3908 1768,3908 1806,3905"/>
                <TextEquiv>
                    <Unicode>simple tragedy of a young girl's heart</Unicode>
                </TextEquiv>
            </TextLine>
            <TextLine id="tr_1_tl_126" custom="readingOrder {index:125;}">
                <Coords points="1832,3936 2587,3932 2570,3886 1834,3894"/>
                <Baseline points="1845,3916 1882,3919 1919,3919 1957,3919 1994,3917 2032,3916 2069,3917 2107,3919 2144,3919 2182,3917 2219,3916 2256,3916 2294,3916 2331,3916 2369,3916 2406,3914 2444,3913 2481,3913 2519,3913 2556,3913 2594,3913"/>
                <TextEquiv>
                    <Unicode>and he does so seldom enough, he loses</Unicode>
                </TextEquiv>
            </TextLine>
            <TextLine id="tr_1_tl_127" custom="readingOrder {index:126;}">
                <Coords points="297,3932 1008,3936 1008,3900 903,3875 678,3909 297,3898"/>
                <Baseline points="307,3916 342,3923 377,3925 412,3925 448,3925 483,3925 518,3925 553,3925 589,3924 624,3922 659,3922 694,3922 730,3923 765,3924 800,3922 835,3922 871,3922 906,3922 941,3922 976,3922 1012,3922"/>
                <TextEquiv>
                    <Unicode>Playing a comed that is the other</Unicode>
                </TextEquiv>
            </TextLine>
            <TextLine id="tr_1_tl_128" custom="readingOrder {index:127;}">
                <Coords points="1042,3955 1797,3953 1782,3913 1042,3917"/>
                <Baseline points="1053,3943 1090,3943 1128,3943 1165,3943 1203,3941 1240,3941 1278,3943 1315,3943 1353,3943 1390,3943 1428,3941 1465,3941 1503,3943 1540,3943 1578,3943 1615,3941 1653,3940 1690,3940 1728,3941 1765,3942 1803,3937"/>
                <TextEquiv>
                    <Unicode>as it may occur today or at any time until</Unicode>
                </TextEquiv>
            </TextLine>
            <TextLine id="tr_1_tl_129" custom="readingOrder {index:128;}">
                <Coords points="257,3970 1008,3967 991,3930 257,3934"/>
                <Baseline points="268,3961 305,3961 342,3961 379,3961 416,3959 454,3960 491,3960 528,3959 565,3961 602,3961 640,3961 677,3959 714,3958 751,3958 788,3958 826,3958 863,3958 900,3958 937,3958 974,3958 1012,3955"/>
                <TextEquiv>
                    <Unicode>idea on which the poet ever dwells, fond¬</Unicode>
                </TextEquiv>
            </TextLine>
            <TextLine id="tr_1_tl_130" custom="readingOrder {index:129;}">
                <Coords points="1046,3993 1796,3993 1796,3951 1719,3946 1046,3951"/>
                <Baseline points="1056,3979 1093,3978 1130,3976 1167,3976 1204,3978 1242,3977 1279,3976 1316,3977 1353,3979 1390,3979 1428,3977 1465,3976 1502,3976 1539,3977 1576,3979 1614,3979 1651,3977 1688,3976 1725,3976 1762,3976 1800,3973"/>
                <TextEquiv>
                    <Unicode>all womanhood shall be emancipated. Her</Unicode>
                </TextEquiv>
            </TextLine>
            <TextLine id="tr_1_tl_131" custom="readingOrder {index:130;}">
                <Coords points="255,4018 341,3997 1004,4003 1004,3965 255,3970"/>
                <Baseline points="265,3994 302,3997 339,3997 376,3997 413,3995 451,3994 488,3994 525,3994 562,3994 599,3994 637,3994 674,3994 711,3993 748,3991 785,3991 823,3994 860,3994 897,3992 934,3992 971,3994 1009,3991"/>
                <TextEquiv>
                    <Unicode>ling it, sounding it in every possible key</Unicode>
                </TextEquiv>
            </TextLine>
            <TextLine id="tr_1_tl_132" custom="readingOrder {index:131;}">
                <Coords points="1048,4026 1786,4024 1786,3986 1759,3982 1048,3992"/>
                <Baseline points="1059,4012 1095,4012 1132,4012 1168,4012 1205,4012 1242,4012 1278,4012 1315,4012 1351,4012 1388,4012 1425,4012 1461,4012 1498,4012 1534,4012 1571,4012 1608,4012 1644,4010 1681,4011 1717,4012 1754,4011 1791,4009"/>
                <TextEquiv>
                    <Unicode>for the first time, das süsse Mädel</Unicode>
                </TextEquiv>
            </TextLine>
            <TextLine id="tr_1_tl_133" custom="readingOrder {index:132;}">
                <Coords points="255,4047 1010,4045 987,3999 491,4016 341,3997 255,4018"/>
                <Baseline points="265,4030 302,4030 340,4030 377,4030 415,4030 452,4030 490,4029 527,4027 565,4030 602,4028 640,4027 677,4028 715,4029 752,4027 790,4027 827,4027 865,4027 902,4027 940,4027 977,4027 1015,4024"/>
                <TextEquiv>
                    <Unicode>and manner. But he takes the words in</Unicode>
                </TextEquiv>
            </TextLine>
            <TextLine id="tr_1_tl_134" custom="readingOrder {index:133;}">
                <Coords points="1048,4053 1794,4055 1794,4026 1753,4020 1048,4024"/>
                <Baseline points="1059,4045 1095,4050 1132,4049 1169,4048 1206,4048 1243,4048 1280,4048 1317,4048 1354,4048 1391,4048 1428,4048 1464,4048 1501,4048 1538,4048 1575,4048 1612,4048 1649,4048 1686,4048 1723,4048 1760,4048 1797,4045"/>
                <TextEquiv>
                    <Unicode>stopped upon the stage, thoroughly naive</Unicode>
                </TextEquiv>
            </TextLine>
            <TextLine id="tr_1_tl_135" custom="readingOrder {index:134;}">
                <Coords points="261,4066 1006,4072 989,4039 855,4030 261,4043"/>
                <Baseline points="271,4066 307,4065 344,4063 381,4066 418,4064 455,4063 492,4063 529,4063 566,4063 603,4063 640,4063 676,4063 713,4062 750,4061 787,4063 824,4063 861,4061 898,4062 935,4063 972,4062 1009,4060"/>
                <TextEquiv>
                    <Unicode>their idest sense, not only with the mean-</Unicode>
                </TextEquiv>
            </TextLine>
            <TextLine id="tr_1_tl_136" custom="readingOrder {index:135;}">
                <Coords points="1048,4095 1805,4091 1805,4057 1774,4049 1048,4053"/>
                <Baseline points="1059,4081 1096,4083 1134,4084 1171,4083 1209,4082 1246,4084 1284,4084 1321,4084 1359,4084 1396,4084 1434,4084 1471,4083 1509,4081 1546,4081 1584,4081 1621,4081 1659,4082 1696,4084 1734,4084 1771,4084 1809,4084"/>
                <TextEquiv>
                    <Unicode>tender, restrained, joyless and yet blissful</Unicode>
                </TextEquiv>
            </TextLine>
            <TextLine id="tr_1_tl_137" custom="readingOrder {index:136;}">
                <Coords points="255,4103 1004,4105 1004,4076 958,4066 257,4066"/>
                <Baseline points="265,4102 302,4102 339,4102 376,4099 413,4101 451,4102 488,4101 525,4099 562,4099 599,4099 637,4099 674,4097 711,4097 748,4099 785,4099 823,4096 860,4096 897,4096 934,4096 971,4096 1009,4096"/>
                <TextEquiv>
                    <Unicode>ing that they have in the Grüne Kakadu,</Unicode>
                </TextEquiv>
            </TextLine>
            <TextLine id="tr_1_tl_138" custom="readingOrder {index:137;}">
                <Coords points="1054,4128 1809,4130 1807,4095 1755,4087 1052,4093"/>
                <Baseline points="1062,4116 1099,4118 1137,4117 1174,4116 1212,4116 1249,4116 1287,4116 1324,4119 1362,4117 1399,4116 1437,4115 1474,4114 1512,4116 1549,4116 1587,4116 1624,4116 1662,4117 1699,4119 1737,4119 1774,4116 1812,4116"/>
                <TextEquiv>
                    <Unicode>in her dumb surrender. She never appears</Unicode>
                </TextEquiv>
            </TextLine>
            <TextLine id="tr_1_tl_139" custom="readingOrder {index:138;}">
                <Coords points="270,4151 1008,4139 1008,4105 270,4108"/>
                <Baseline points="280,4137 316,4134 353,4133 389,4131 426,4134 463,4134 499,4132 536,4132 572,4134 609,4134 646,4131 682,4131 719,4131 755,4132 792,4134 829,4131 865,4131 902,4131 938,4131 975,4131 1012,4131"/>
                <TextEquiv>
                    <Unicode>where comedy and reality fall into each</Unicode>
                </TextEquiv>
            </TextLine>
            <TextLine id="tr_1_tl_140" custom="readingOrder {index:139;}">
                <Coords points="1054,4156 1811,4156 1786,4120 1054,4124"/>
                <Baseline points="1065,4152 1102,4152 1140,4152 1177,4152 1215,4150 1252,4150 1290,4153 1327,4154 1365,4149 1402,4151 1440,4150 1477,4149 1515,4149 1552,4149 1590,4152 1627,4152 1665,4152 1702,4152 1740,4152 1777,4152 1815,4149"/>
                <TextEquiv>
                    <Unicode>again so pure in type is in this play. Once</Unicode>
                </TextEquiv>
            </TextLine>
            <TextEquiv>
                <Unicode></Unicode>
            </TextEquiv>
        </TextRegion>
        <TextRegion orientation="0.0" id="tr_2" custom="readingOrder {index:1;}">
            <Coords points="2594,191 2594,3923 3370,3923 3370,191"/>
            <TextLine id="tr_2_tl_1" custom="readingOrder {index:0;}">
                <Coords points="2811,217 2903,232 2963,226 2987,209 3051,234 3150,228 3150,138 3077,157 3037,140 2984,180 2869,176 2811,148"/>
                <Baseline points="2821,214 2846,214 2872,212 2898,212 2923,213 2949,213 2975,211 3000,211 3026,211 3052,211 3077,211 3103,211 3129,211 3155,211"/>
                <TextEquiv>
                    <Unicode>box 9/1</Unicode>
                </TextEquiv>
            </TextLine>
            <TextLine id="tr_2_tl_2" custom="readingOrder {index:1;}">
                <Coords points="2589,573 3334,556 3319,515 2589,535"/>
                <Baseline points="2600,558 2636,558 2673,558 2710,558 2747,558 2784,558 2821,558 2857,558 2894,558 2931,558 2968,556 3005,555 3042,555 3079,555 3115,555 3152,555 3189,555 3226,555 3263,554 3300,552 3337,552"/>
                <TextEquiv>
                    <Unicode>touch with the public, loses all sympathy.</Unicode>
                </TextEquiv>
            </TextLine>
            <TextLine id="tr_2_tl_3" custom="readingOrder {index:2;}">
                <Coords points="2598,604 3344,594 3323,558 2598,567"/>
                <Baseline points="2609,591 2646,591 2683,591 2720,594 2757,592 2794,589 2831,589 2868,591 2905,591 2942,591 2979,591 3016,589 3053,588 3090,588 3127,588 3164,588 3201,586 3238,585 3275,585 3312,585 3349,585"/>
                <TextEquiv>
                    <Unicode>We admire his wonderful technique, his</Unicode>
                </TextEquiv>
            </TextLine>
            <TextLine id="tr_2_tl_4" custom="readingOrder {index:3;}">
                <Coords points="2587,636 3344,627 3329,588 2589,606"/>
                <Baseline points="2600,626 2637,626 2674,626 2712,626 2749,626 2787,626 2824,626 2862,626 2899,626 2937,624 2974,623 3011,623 3049,623 3086,623 3124,623 3161,621 3199,620 3236,621 3274,622 3311,620 3349,617"/>
                <TextEquiv>
                    <Unicode>mind, but inwardly we rebel at being led</Unicode>
                </TextEquiv>
            </TextLine>
            <TextLine id="tr_2_tl_5" custom="readingOrder {index:4;}">
                <Coords points="2595,667 3141,686 3313,669 3336,634 2597,634"/>
                <Baseline points="2606,659 2642,659 2679,660 2716,662 2752,662 2789,662 2826,662 2862,662 2899,662 2936,662 2973,662 3009,660 3046,660 3083,661 3119,659 3156,659 3193,657 3229,656 3266,656 3303,656 3340,656"/>
                <TextEquiv>
                    <Unicode>with force to an operating table in the</Unicode>
                </TextEquiv>
            </TextLine>
            <TextLine id="tr_2_tl_6" custom="readingOrder {index:5;}">
                <Coords points="2598,707 2654,701 2692,703 2711,715 2733,713 2733,671 2698,676 2685,667 2671,675 2641,676 2631,667 2598,669"/>
                <Baseline points="2609,698 2634,696 2660,695 2685,695 2711,695 2737,695"/>
                <TextEquiv>
                    <Unicode>theatre.</Unicode>
                </TextEquiv>
            </TextLine>
            <TextLine id="tr_2_tl_7" custom="readingOrder {index:6;}">
                <Coords points="2631,742 3342,732 3344,675 3252,669 2899,688 2838,717 2633,703"/>
                <Baseline points="2642,731 2677,731 2712,731 2748,731 2783,730 2818,728 2854,731 2889,729 2924,728 2960,728 2995,728 3030,728 3066,726 3101,725 3136,724 3172,719 3207,719 3242,721 3278,722 3313,722 3349,722"/>
                <TextEquiv>
                    <Unicode>His next, and except for Professor</Unicode>
                </TextEquiv>
            </TextLine>
            <TextLine id="tr_2_tl_8" custom="readingOrder {index:7;}">
                <Coords points="2593,768 3338,765 3325,730 3076,724 3005,749 2593,728"/>
                <Baseline points="2603,761 2640,763 2677,767 2714,767 2751,765 2788,762 2825,762 2862,764 2899,764 2936,764 2973,762 3010,761 3047,761 3084,760 3121,758 3158,755 3195,757 3232,758 3269,758 3306,757 3343,755"/>
                <TextEquiv>
                    <Unicode>Bernhard his latest effort, „Der junge</Unicode>
                </TextEquiv>
            </TextLine>
            <TextLine id="tr_2_tl_9" custom="readingOrder {index:8;}">
                <Coords points="2589,803 3344,803 3346,763 2591,772"/>
                <Baseline points="2600,800 2637,800 2674,800 2712,800 2749,800 2787,799 2824,797 2862,797 2899,797 2937,797 2974,797 3011,796 3049,794 3086,794 3124,794 3161,794 3199,792 3236,791 3274,791 3311,790 3349,785"/>
                <TextEquiv>
                    <Unicode>Medardus is generally recognized, if not</Unicode>
                </TextEquiv>
            </TextLine>
            <TextLine id="tr_2_tl_10" custom="readingOrder {index:9;}">
                <Coords points="2589,839 3334,834 3334,801 3300,797 2589,805"/>
                <Baseline points="2600,832 2637,833 2674,835 2711,832 2748,832 2785,832 2822,832 2859,832 2896,832 2933,832 2970,830 3007,829 3044,829 3081,829 3118,829 3155,826 3192,826 3229,826 3266,825 3303,823 3340,821"/>
                <TextEquiv>
                    <Unicode>as his most important work, yet as his</Unicode>
                </TextEquiv>
            </TextLine>
            <TextLine id="tr_2_tl_11" custom="readingOrder {index:10;}">
                <Coords points="2593,880 3342,868 3342,832 3279,826 2593,841"/>
                <Baseline points="2603,862 2640,865 2677,865 2714,868 2751,866 2788,865 2825,865 2863,865 2900,865 2937,865 2974,863 3011,862 3048,862 3085,862 3123,862 3160,862 3197,860 3234,859 3271,859 3308,859 3346,856"/>
                <TextEquiv>
                    <Unicode>most effective drama. As a matter of fact</Unicode>
                </TextEquiv>
            </TextLine>
            <TextLine id="tr_2_tl_12" custom="readingOrder {index:11;}">
                <Coords points="2598,908 3338,899 3311,862 2598,876"/>
                <Baseline points="2609,901 2645,901 2682,901 2719,901 2755,901 2792,901 2829,901 2865,900 2902,898 2939,898 2976,898 3012,898 3049,897 3086,895 3122,895 3159,895 3196,895 3232,893 3269,892 3306,892 3343,892"/>
                <TextEquiv>
                    <Unicode>Schnitzler never before aimed so high. The</Unicode>
                </TextEquiv>
            </TextLine>
            <TextLine id="tr_2_tl_13" custom="readingOrder {index:12;}">
                <Coords points="2589,949 3348,937 3329,897 2591,904"/>
                <Baseline points="2600,934 2637,934 2675,934 2712,934 2750,934 2788,934 2825,933 2863,931 2900,931 2938,931 2976,931 3013,930 3051,928 3088,928 3126,928 3164,928 3201,926 3239,925 3276,925 3314,925 3352,922"/>
                <TextEquiv>
                    <Unicode>play is composed of three tragedies which</Unicode>
                </TextEquiv>
            </TextLine>
            <TextLine id="tr_2_tl_14" custom="readingOrder {index:13;}">
                <Coords points="2595,973 3334,970 3307,933 2595,952"/>
                <Baseline points="2606,964 2642,967 2679,967 2716,967 2752,967 2789,965 2826,966 2862,966 2899,964 2936,964 2973,964 3009,964 3046,964 3083,964 3119,964 3156,961 3193,959 3229,958 3266,958 3303,957 3340,955"/>
                <TextEquiv>
                    <Unicode>are interwoven with and embrace one an¬</Unicode>
                </TextEquiv>
            </TextLine>
            <TextLine id="tr_2_tl_15" custom="readingOrder {index:14;}">
                <Coords points="2595,1002 3334,1004 3334,970 3271,962 2595,973"/>
                <Baseline points="2606,997 2642,1001 2679,1003 2716,1003 2752,1000 2789,1000 2826,1000 2862,1000 2899,1000 2936,997 2973,999 3009,998 3046,997 3083,997 3119,997 3156,994 3193,994 3229,994 3266,994 3303,993 3340,991"/>
                <TextEquiv>
                    <Unicode>other; the drama of Medardus, Napoleon in</Unicode>
                </TextEquiv>
            </TextLine>
            <TextLine id="tr_2_tl_16" custom="readingOrder {index:15;}">
                <Coords points="2595,1041 3342,1033 3342,1000 2595,1004"/>
                <Baseline points="2606,1029 2643,1033 2680,1035 2717,1032 2754,1032 2791,1032 2828,1032 2865,1032 2902,1032 2939,1032 2976,1030 3013,1029 3050,1029 3087,1029 3124,1029 3161,1027 3198,1027 3235,1027 3272,1027 3309,1026 3346,1024"/>
                <TextEquiv>
                    <Unicode>Vienna and the Duke of Valis' dream of</Unicode>
                </TextEquiv>
            </TextLine>
            <TextLine id="tr_2_tl_17" custom="readingOrder {index:16;}">
                <Coords points="2602,1077 3334,1067 3334,1031 3304,1027 2602,1041"/>
                <Baseline points="2612,1065 2648,1067 2684,1068 2721,1068 2757,1068 2794,1066 2830,1065 2866,1065 2903,1065 2939,1065 2976,1065 3012,1065 3048,1064 3085,1062 3121,1062 3158,1062 3194,1060 3230,1059 3267,1059 3303,1058 3340,1056"/>
                <TextEquiv>
                    <Unicode>being king. The first is the kernel which</Unicode>
                </TextEquiv>
            </TextLine>
            <TextLine id="tr_2_tl_18" custom="readingOrder {index:17;}">
                <Coords points="2595,1111 3334,1100 3330,1064 2595,1071"/>
                <Baseline points="2606,1098 2642,1098 2679,1099 2716,1101 2752,1101 2789,1099 2826,1098 2862,1098 2899,1098 2936,1098 2973,1098 3009,1096 3046,1094 3083,1093 3119,1095 3156,1092 3193,1094 3229,1093 3266,1092 3303,1091 3340,1089"/>
                <TextEquiv>
                    <Unicode>the other two envelop. God wanted to</Unicode>
                </TextEquiv>
            </TextLine>
            <TextLine id="tr_2_tl_19" custom="readingOrder {index:18;}">
                <Coords points="2595,1144 3325,1142 3344,1100 2595,1111"/>
                <Baseline points="2606,1134 2643,1134 2680,1134 2717,1134 2754,1134 2791,1132 2828,1131 2865,1131 2902,1131 2939,1131 2976,1131 3013,1131 3050,1131 3087,1131 3124,1131 3161,1128 3198,1128 3235,1128 3272,1127 3309,1125 3346,1125"/>
                <TextEquiv>
                    <Unicode>make a hero of Mears; the course of</Unicode>
                </TextEquiv>
            </TextLine>
            <TextLine id="tr_2_tl_20" custom="readingOrder {index:19;}">
                <Coords points="2593,1178 3340,1169 3340,1140 3304,1129 2595,1144"/>
                <Baseline points="2606,1164 2642,1165 2679,1167 2716,1167 2753,1167 2790,1167 2827,1166 2863,1164 2900,1164 2937,1164 2974,1164 3011,1164 3048,1163 3085,1162 3121,1164 3158,1161 3195,1161 3232,1161 3269,1161 3306,1160 3343,1155"/>
                <TextEquiv>
                    <Unicode>events made a fool of him," says one of the</Unicode>
                </TextEquiv>
            </TextLine>
            <TextLine id="tr_2_tl_21" custom="readingOrder {index:20;}">
                <Coords points="2595,1213 3340,1201 3325,1165 2595,1180"/>
                <Baseline points="2606,1200 2642,1200 2679,1200 2716,1200 2753,1200 2790,1200 2827,1200 2863,1200 2900,1200 2937,1197 2974,1197 3011,1197 3048,1197 3085,1197 3121,1197 3158,1194 3195,1194 3232,1194 3269,1194 3306,1193 3343,1188"/>
                <TextEquiv>
                    <Unicode>characters, Many an unguarded mo¬</Unicode>
                </TextEquiv>
            </TextLine>
            <TextLine id="tr_2_tl_22" custom="readingOrder {index:21;}">
                <Coords points="2589,1244 3338,1236 3338,1203 3263,1196 2589,1209"/>
                <Baseline points="2600,1233 2637,1233 2674,1235 2711,1233 2748,1233 2785,1231 2822,1231 2860,1233 2897,1233 2934,1233 2971,1233 3008,1231 3045,1230 3082,1230 3120,1230 3157,1230 3194,1228 3231,1227 3268,1227 3305,1227 3343,1227"/>
                <TextEquiv>
                    <Unicode>ment, however, whispers the question in</Unicode>
                </TextEquiv>
            </TextLine>
            <TextLine id="tr_2_tl_23" custom="readingOrder {index:22;}">
                <Coords points="2595,1282 3330,1274 3332,1240 2597,1242"/>
                <Baseline points="2606,1265 2642,1265 2679,1266 2715,1268 2752,1268 2788,1266 2825,1265 2861,1264 2898,1262 2934,1262 2971,1262 3008,1262 3044,1261 3081,1259 3117,1259 3154,1259 3190,1259 3227,1259 3263,1260 3300,1261 3337,1256"/>
                <TextEquiv>
                    <Unicode>our car, whether such a fool as an</Unicode>
                </TextEquiv>
            </TextLine>
            <TextLine id="tr_2_tl_24" custom="readingOrder {index:23;}">
                <Coords points="2595,1305 3342,1301 3342,1269 2595,1280"/>
                <Baseline points="2606,1301 2643,1301 2680,1301 2717,1301 2754,1299 2791,1298 2828,1298 2865,1298 2902,1298 2939,1298 2976,1298 3013,1296 3050,1295 3087,1295 3124,1295 3161,1295 3198,1295 3235,1295 3272,1294 3309,1292 3346,1292"/>
                <TextEquiv>
                    <Unicode>right to be the title-hero and the central</Unicode>
                </TextEquiv>
            </TextLine>
            <TextLine id="tr_2_tl_25" custom="readingOrder {index:24;}">
                <Coords points="2589,1338 3309,1343 3338,1338 3340,1301 2589,1303"/>
                <Baseline points="2600,1334 2637,1334 2674,1334 2711,1334 2748,1334 2785,1334 2822,1333 2860,1331 2897,1331 2934,1331 2971,1331 3008,1331 3045,1331 3082,1331 3120,1328 3157,1328 3194,1328 3231,1328 3268,1328 3305,1328 3343,1325"/>
                <TextEquiv>
                    <Unicode>figure of a great traged. Here undeniably</Unicode>
                </TextEquiv>
            </TextLine>
            <TextLine id="tr_2_tl_26" custom="readingOrder {index:25;}">
                <Coords points="2598,1380 3344,1368 3344,1336 2598,1343"/>
                <Baseline points="2609,1367 2645,1369 2682,1367 2719,1367 2756,1367 2793,1367 2830,1366 2866,1364 2903,1364 2940,1364 2977,1364 3014,1364 3051,1364 3088,1364 3124,1364 3161,1361 3198,1361 3235,1361 3272,1361 3309,1360 3346,1358"/>
                <TextEquiv>
                    <Unicode>there is a defect in this eminent work of</Unicode>
                </TextEquiv>
            </TextLine>
            <TextLine id="tr_2_tl_27" custom="readingOrder {index:26;}">
                <Coords points="2595,1408 3336,1401 3338,1368 3298,1366 2597,1382"/>
                <Baseline points="2606,1400 2642,1402 2679,1400 2716,1400 2753,1400 2790,1400 2827,1400 2863,1400 2900,1400 2937,1400 2974,1398 3011,1397 3048,1397 3085,1397 3121,1397 3158,1394 3195,1394 3232,1392 3269,1392 3306,1393 3343,1388"/>
                <TextEquiv>
                    <Unicode>art; the hero is a half-man who never him¬</Unicode>
                </TextEquiv>
            </TextLine>
            <TextLine id="tr_2_tl_28" custom="readingOrder {index:27;}">
                <Coords points="2593,1439 3338,1435 3329,1399 2595,1408"/>
                <Baseline points="2603,1436 2640,1436 2677,1436 2714,1433 2751,1433 2788,1433 2825,1433 2862,1432 2899,1430 2936,1433 2973,1433 3010,1431 3047,1430 3084,1430 3121,1430 3158,1430 3195,1430 3232,1428 3269,1427 3306,1427 3343,1427"/>
                <TextEquiv>
                    <Unicode>self intervenes in the action, but is always</Unicode>
                </TextEquiv>
            </TextLine>
            <TextLine id="tr_2_tl_29" custom="readingOrder {index:28;}">
                <Coords points="2589,1481 3344,1466 3327,1433 2589,1445"/>
                <Baseline points="2600,1465 2637,1468 2674,1468 2711,1466 2749,1465 2786,1465 2823,1465 2861,1465 2898,1465 2935,1463 2973,1462 3010,1462 3047,1462 3084,1462 3122,1462 3159,1460 3196,1461 3234,1462 3271,1461 3308,1459 3346,1456"/>
                <TextEquiv>
                    <Unicode>simply driven and led in reality the hero</Unicode>
                </TextEquiv>
            </TextLine>
            <TextLine id="tr_2_tl_30" custom="readingOrder {index:29;}">
                <Coords points="2597,1514 3344,1502 3344,1464 2598,1483"/>
                <Baseline points="2609,1501 2646,1503 2683,1501 2720,1498 2757,1498 2794,1498 2831,1498 2868,1498 2905,1498 2942,1498 2979,1496 3016,1497 3053,1497 3090,1495 3127,1495 3164,1495 3201,1495 3238,1493 3275,1492 3312,1492 3349,1492"/>
                <TextEquiv>
                    <Unicode>of a novel. But the crimson background</Unicode>
                </TextEquiv>
            </TextLine>
            <TextLine id="tr_2_tl_31" custom="readingOrder {index:30;}">
                <Coords points="2589,1544 3346,1535 3346,1502 3313,1500 2591,1512"/>
                <Baseline points="2600,1534 2637,1534 2674,1534 2712,1532 2749,1531 2787,1532 2824,1533 2862,1531 2899,1531 2937,1531 2974,1531 3011,1530 3049,1528 3086,1528 3124,1528 3161,1528 3199,1528 3236,1527 3274,1525 3311,1525 3349,1525"/>
                <TextEquiv>
                    <Unicode>of the work is grand, the rushing torrent</Unicode>
                </TextEquiv>
            </TextLine>
            <TextLine id="tr_2_tl_32" custom="readingOrder {index:31;}">
                <Coords points="2593,1585 3350,1567 3350,1535 3260,1531 2595,1550"/>
                <Baseline points="2606,1567 2643,1570 2680,1570 2717,1570 2755,1568 2792,1567 2829,1566 2867,1564 2904,1567 2941,1565 2979,1564 3016,1564 3053,1563 3090,1561 3128,1561 3165,1561 3202,1559 3240,1558 3277,1558 3314,1558 3352,1558"/>
                <TextEquiv>
                    <Unicode>of episodes, the abundance of living</Unicode>
                </TextEquiv>
            </TextLine>
            <TextLine id="tr_2_tl_33" custom="readingOrder {index:32;}">
                <Coords points="2589,1617 3269,1610 3334,1598 3336,1571 2589,1589"/>
                <Baseline points="2600,1603 2637,1604 2674,1606 2711,1603 2748,1603 2785,1601 2822,1600 2859,1600 2896,1600 2933,1597 2970,1597 3007,1599 3044,1600 3081,1599 3118,1597 3155,1594 3192,1594 3229,1594 3266,1593 3303,1591 3340,1591"/>
                <TextEquiv>
                    <Unicode>figures, the artistic combination of grea¬</Unicode>
                </TextEquiv>
            </TextLine>
            <TextLine id="tr_2_tl_34" custom="readingOrder {index:33;}">
                <Coords points="2589,1648 3344,1640 3330,1598 2589,1617"/>
                <Baseline points="2600,1636 2637,1639 2674,1636 2711,1638 2749,1637 2786,1636 2823,1636 2861,1636 2898,1633 2935,1633 2973,1633 3010,1633 3047,1632 3084,1630 3122,1630 3159,1628 3196,1627 3234,1627 3271,1627 3308,1626 3346,1621"/>
                <TextEquiv>
                    <Unicode>and petty human destines. Over despair</Unicode>
                </TextEquiv>
            </TextLine>
            <TextLine id="tr_2_tl_35" custom="readingOrder {index:34;}">
                <Coords points="2598,1679 3344,1671 3344,1638 3267,1633 2598,1644"/>
                <Baseline points="2609,1671 2645,1671 2682,1671 2719,1671 2756,1671 2793,1669 2830,1668 2866,1668 2903,1668 2940,1668 2977,1668 3014,1666 3051,1665 3088,1664 3124,1662 3161,1665 3198,1663 3235,1660 3272,1659 3309,1658 3346,1656"/>
                <TextEquiv>
                    <Unicode>and death, hope and salvation, executioner</Unicode>
                </TextEquiv>
            </TextLine>
            <TextLine id="tr_2_tl_36" custom="readingOrder {index:35;}">
                <Coords points="2589,1709 3338,1704 3317,1667 2800,1690 2589,1673"/>
                <Baseline points="2600,1704 2637,1704 2674,1704 2711,1704 2748,1704 2785,1704 2822,1703 2860,1701 2897,1701 2934,1701 2971,1701 3008,1699 3045,1698 3082,1698 3120,1695 3157,1695 3194,1695 3231,1695 3268,1695 3305,1695 3343,1692"/>
                <TextEquiv>
                    <Unicode>and victim, naked pain and wounded souls</Unicode>
                </TextEquiv>
            </TextLine>
            <TextLine id="tr_2_tl_37" custom="readingOrder {index:36;}">
                <Coords points="2595,1759 3342,1736 3342,1704 3290,1698 2595,1715"/>
                <Baseline points="2606,1740 2643,1739 2680,1737 2717,1737 2754,1735 2791,1736 2828,1736 2865,1734 2902,1734 2939,1734 2976,1734 3013,1732 3050,1731 3087,1731 3124,1731 3161,1728 3198,1728 3235,1728 3272,1728 3309,1727 3346,1722"/>
                <TextEquiv>
                    <Unicode>Schnitzlers gentle, hand has woven a fas¬</Unicode>
                </TextEquiv>
            </TextLine>
            <TextLine id="tr_2_tl_38" custom="readingOrder {index:37;}">
                <Coords points="2598,1778 3348,1767 3344,1730 2598,1755"/>
                <Baseline points="2609,1770 2646,1773 2683,1773 2720,1773 2757,1771 2794,1770 2831,1769 2869,1767 2906,1767 2943,1767 2980,1767 3017,1765 3054,1764 3091,1764 3129,1761 3166,1761 3203,1763 3240,1763 3277,1761 3314,1761 3352,1758"/>
                <TextEquiv>
                    <Unicode>cinating magic veil of poesie which helps</Unicode>
                </TextEquiv>
            </TextLine>
            <TextLine id="tr_2_tl_39" custom="readingOrder {index:38;}">
                <Coords points="2593,1807 3353,1799 3330,1765 2593,1776"/>
                <Baseline points="2603,1806 2640,1806 2678,1806 2716,1806 2754,1804 2791,1803 2829,1803 2867,1803 2905,1803 2942,1801 2980,1800 3018,1800 3056,1799 3093,1797 3131,1797 3169,1795 3207,1794 3244,1794 3282,1794 3320,1794 3358,1791"/>
                <TextEquiv>
                    <Unicode>us easily and gladly over the defects. With</Unicode>
                </TextEquiv>
            </TextLine>
            <TextLine id="tr_2_tl_40" custom="readingOrder {index:39;}">
                <Coords points="2598,1851 3350,1832 3332,1797 2600,1815"/>
                <Baseline points="2609,1842 2646,1842 2683,1839 2720,1839 2758,1837 2795,1836 2832,1836 2870,1836 2907,1833 2944,1835 2982,1834 3019,1833 3056,1833 3093,1833 3131,1833 3168,1831 3205,1830 3243,1830 3280,1829 3317,1827 3355,1824"/>
                <TextEquiv>
                    <Unicode>inward joy we see here a pot who has al¬</Unicode>
                </TextEquiv>
            </TextLine>
            <TextLine id="tr_2_tl_41" custom="readingOrder {index:40;}">
                <Coords points="2602,1878 3344,1874 3344,1834 2602,1851"/>
                <Baseline points="2612,1871 2648,1873 2685,1871 2722,1871 2759,1869 2796,1868 2833,1868 2869,1868 2906,1868 2943,1868 2980,1868 3017,1866 3054,1865 3091,1865 3127,1865 3164,1865 3201,1863 3238,1862 3275,1861 3312,1858 3349,1856"/>
                <TextEquiv>
                    <Unicode>was moved in an ascending line, who</Unicode>
                </TextEquiv>
            </TextLine>
            <TextLine id="tr_2_tl_42" custom="readingOrder {index:41;}">
                <Coords points="2595,1916 3344,1907 3319,1866 2595,1886"/>
                <Baseline points="2606,1907 2643,1906 2680,1904 2717,1904 2754,1904 2791,1904 2828,1904 2866,1903 2903,1901 2940,1901 2977,1901 3014,1899 3051,1898 3088,1898 3126,1895 3163,1895 3200,1895 3237,1895 3274,1895 3311,1895 3349,1892"/>
                <TextEquiv>
                    <Unicode>never made sacrifices to the vogue of the</Unicode>
                </TextEquiv>
            </TextLine>
            <TextLine id="tr_2_tl_43" custom="readingOrder {index:42;}">
                <Coords points="2604,1958 3350,1937 3350,1907 3281,1901 2604,1918"/>
                <Baseline points="2615,1943 2651,1940 2688,1940 2725,1940 2762,1938 2799,1937 2836,1936 2872,1934 2909,1934 2946,1934 2983,1932 3020,1931 3057,1932 3094,1933 3130,1928 3167,1931 3204,1929 3241,1928 3278,1928 3315,1927 3352,1925"/>
                <TextEquiv>
                    <Unicode>day and from whom we still although he</Unicode>
                </TextEquiv>
            </TextLine>
            <TextLine id="tr_2_tl_44" custom="readingOrder {index:43;}">
                <Coords points="2593,1993 3171,1962 3265,1962 3292,1991 3350,1970 3352,1939 2593,1953"/>
                <Baseline points="2603,1973 2640,1976 2678,1971 2715,1972 2753,1971 2791,1970 2828,1970 2866,1970 2903,1970 2941,1968 2979,1967 3016,1966 3054,1964 3091,1964 3129,1964 3167,1962 3204,1963 3242,1963 3279,1961 3317,1961 3355,1958"/>
                <TextEquiv>
                    <Unicode>and the German people have this year</Unicode>
                </TextEquiv>
            </TextLine>
            <TextLine id="tr_2_tl_45" custom="readingOrder {index:44;}">
                <Coords points="2595,2010 3281,1997 3350,2020 3352,1972 3260,1962 2597,1993"/>
                <Baseline points="2606,2006 2643,2009 2680,2006 2718,2006 2755,2006 2793,2005 2830,2003 2868,2003 2905,2003 2943,2003 2980,2001 3017,2000 3055,1999 3092,1997 3130,1997 3167,1995 3205,1994 3242,1995 3280,1996 3317,1993 3355,1988"/>
                <TextEquiv>
                    <Unicode>celebrated his fiftet birthday — may ex¬</Unicode>
                </TextEquiv>
            </TextLine>
            <TextLine id="tr_2_tl_46" custom="readingOrder {index:45;}">
                <Coords points="2604,2054 3302,2060 3284,1999 2604,2016"/>
                <Baseline points="2615,2045 2649,2044 2684,2042 2718,2042 2753,2042 2788,2041 2822,2039 2857,2039 2891,2039 2926,2039 2961,2038 2995,2036 3030,2036 3064,2036 3099,2035 3134,2033 3168,2033 3203,2033 3237,2033 3272,2032 3307,2030"/>
                <TextEquiv>
                    <Unicode>pect his most mature and richest work.</Unicode>
                </TextEquiv>
            </TextLine>
            <TextLine id="tr_2_tl_47" custom="readingOrder {index:46;}">
                <Coords points="2604,2129 3100,2135 3102,2064 2980,2087 2964,2073 2867,2089 2828,2062 2803,2077 2736,2066 2702,2094 2606,2081"/>
                <Baseline points="2615,2122 2640,2120 2666,2119 2692,2121 2718,2121 2744,2119 2770,2119 2796,2119 2822,2119 2848,2118 2873,2117 2899,2116 2925,2116 2951,2116 2977,2116 3003,2116 3029,2115 3055,2114 3081,2113 3107,2113"/>
                <TextEquiv>
                    <Unicode>Playwright and Problemist</Unicode>
                </TextEquiv>
            </TextLine>
            <TextLine id="tr_2_tl_48" custom="readingOrder {index:47;}">
                <Coords points="2629,2169 3348,2165 3348,2131 3258,2117 2629,2133"/>
                <Baseline points="2639,2167 2674,2167 2710,2165 2745,2164 2781,2163 2817,2161 2852,2161 2888,2159 2924,2158 2959,2158 2995,2158 3031,2158 3066,2158 3102,2157 3138,2155 3173,2155 3209,2155 3245,2155 3280,2155 3316,2155 3352,2155"/>
                <TextEquiv>
                    <Unicode>Of the more serious aspect of Schnitzler,</Unicode>
                </TextEquiv>
            </TextLine>
            <TextLine id="tr_2_tl_49" custom="readingOrder {index:48;}">
                <Coords points="2595,2209 3350,2198 3338,2163 2595,2169"/>
                <Baseline points="2606,2200 2643,2200 2680,2197 2717,2199 2755,2198 2792,2197 2829,2196 2867,2194 2904,2194 2941,2194 2979,2194 3016,2193 3053,2191 3090,2191 3128,2191 3165,2191 3202,2191 3240,2190 3277,2188 3314,2188 3352,2188"/>
                <TextEquiv>
                    <Unicode>as compared with the dramatists about</Unicode>
                </TextEquiv>
            </TextLine>
            <TextLine id="tr_2_tl_50" custom="readingOrder {index:49;}">
                <Coords points="2602,2244 3357,2231 3357,2200 3258,2190 2602,2211"/>
                <Baseline points="2612,2233 2649,2233 2686,2233 2724,2233 2761,2233 2799,2232 2836,2230 2874,2230 2911,2230 2949,2230 2986,2230 3023,2229 3061,2227 3098,2227 3136,2224 3173,2224 3211,2224 3248,2224 3286,2223 3323,2221 3361,2224"/>
                <TextEquiv>
                    <Unicode>him, Horace B. Samuel has written in the</Unicode>
                </TextEquiv>
            </TextLine>
            <TextLine id="tr_2_tl_51" custom="readingOrder {index:50;}">
                <Coords points="2602,2282 3221,2263 3271,2282 3348,2267 3350,2234 2604,2244"/>
                <Baseline points="2612,2265 2649,2266 2686,2268 2723,2268 2760,2266 2797,2263 2834,2262 2872,2262 2909,2262 2946,2262 2983,2261 3020,2260 3057,2260 3094,2260 3132,2260 3169,2260 3206,2260 3243,2259 3280,2258 3317,2259 3355,2254"/>
                <TextEquiv>
                    <Unicode>Forightly Review. What are his che¬</Unicode>
                </TextEquiv>
            </TextLine>
            <TextLine id="tr_2_tl_52" custom="readingOrder {index:51;}">
                <Coords points="2602,2307 3225,2319 3350,2296 3350,2269 3273,2261 2602,2284"/>
                <Baseline points="2612,2304 2649,2302 2686,2304 2723,2304 2760,2302 2797,2299 2834,2298 2872,2298 2909,2298 2946,2295 2983,2297 3020,2296 3057,2295 3094,2295 3132,2295 3169,2292 3206,2292 3243,2292 3280,2292 3317,2291 3355,2286"/>
                <TextEquiv>
                    <Unicode>claims, his chier excellences, le che¬</Unicode>
                </TextEquiv>
            </TextLine>
            <TextLine id="tr_2_tl_53" custom="readingOrder {index:52;}">
                <Coords points="2604,2349 3350,2334 3350,2296 2604,2319"/>
                <Baseline points="2615,2340 2651,2337 2688,2337 2725,2337 2762,2335 2799,2334 2836,2333 2872,2331 2909,2331 2946,2331 2983,2329 3020,2330 3057,2330 3094,2328 3130,2328 3167,2328 3204,2326 3241,2327 3278,2327 3315,2324 3352,2322"/>
                <TextEquiv>
                    <Unicode>defects? It seems to us that the essence</Unicode>
                </TextEquiv>
            </TextLine>
            <TextLine id="tr_2_tl_54" custom="readingOrder {index:53;}">
                <Coords points="2604,2388 3309,2376 3350,2365 3352,2334 2604,2351"/>
                <Baseline points="2615,2373 2652,2373 2689,2373 2726,2373 2763,2371 2800,2368 2837,2367 2874,2367 2911,2367 2948,2367 2985,2365 3022,2364 3059,2364 3096,2364 3133,2364 3170,2364 3207,2362 3244,2361 3281,2361 3318,2360 3355,2358"/>
                <TextEquiv>
                    <Unicode>of his merit lies in the fact that he handles</Unicode>
                </TextEquiv>
            </TextLine>
            <TextLine id="tr_2_tl_55" custom="readingOrder {index:54;}">
                <Coords points="2602,2424 3353,2403 3342,2365 2602,2388"/>
                <Baseline points="2612,2403 2649,2409 2686,2406 2723,2406 2761,2406 2798,2405 2835,2403 2873,2403 2910,2400 2947,2400 2985,2400 3022,2400 3059,2399 3096,2397 3134,2397 3171,2397 3208,2395 3246,2394 3283,2394 3320,2394 3358,2394"/>
                <TextEquiv>
                    <Unicode>problems neither as ends in themselves, as</Unicode>
                </TextEquiv>
            </TextLine>
            <TextLine id="tr_2_tl_56" custom="readingOrder {index:55;}">
                <Coords points="2602,2451 3350,2437 3350,2405 3313,2397 2604,2430"/>
                <Baseline points="2612,2442 2649,2441 2686,2439 2723,2439 2760,2439 2797,2437 2834,2436 2871,2436 2908,2436 2945,2436 2982,2434 3019,2433 3056,2433 3093,2433 3130,2433 3167,2430 3204,2430 3241,2428 3278,2428 3315,2429 3352,2424"/>
                <TextEquiv>
                    <Unicode>do the more advanced of our own dra¬</Unicode>
                </TextEquiv>
            </TextLine>
            <TextLine id="tr_2_tl_57" custom="readingOrder {index:56;}">
                <Coords points="2602,2478 3353,2474 3353,2441 3284,2430 2602,2457"/>
                <Baseline points="2612,2474 2649,2474 2686,2474 2723,2474 2761,2472 2798,2471 2835,2471 2873,2471 2910,2471 2947,2469 2985,2468 3022,2468 3059,2467 3096,2466 3134,2466 3171,2466 3208,2466 3246,2465 3283,2463 3320,2463 3358,2463"/>
                <TextEquiv>
                    <Unicode>matist, nor yet, like Sudermann, as mere</Unicode>
                </TextEquiv>
            </TextLine>
            <TextLine id="tr_2_tl_58" custom="readingOrder {index:57;}">
                <Coords points="2610,2522 3348,2506 3336,2472 2610,2485"/>
                <Baseline points="2621,2510 2657,2509 2694,2507 2730,2507 2767,2504 2803,2506 2840,2505 2876,2503 2913,2502 2949,2504 2986,2504 3023,2502 3059,2501 3096,2501 3132,2501 3169,2498 3205,2498 3242,2498 3278,2498 3315,2498 3352,2498"/>
                <TextEquiv>
                    <Unicode>pegs on which to hang violently theatrica</Unicode>
                </TextEquiv>
            </TextLine>
            <TextLine id="tr_2_tl_59" custom="readingOrder {index:58;}">
                <Coords points="2595,2560 3261,2551 3350,2541 3352,2510 2595,2516"/>
                <Baseline points="2606,2546 2643,2543 2680,2540 2718,2542 2755,2541 2793,2540 2830,2540 2868,2540 2905,2537 2943,2537 2980,2537 3017,2537 3055,2537 3092,2537 3130,2537 3167,2532 3205,2533 3242,2533 3280,2531 3317,2531 3355,2531"/>
                <TextEquiv>
                    <Unicode>stage effects. Some problem may constitute</Unicode>
                </TextEquiv>
            </TextLine>
            <TextLine id="tr_2_tl_60" custom="readingOrder {index:59;}">
                <Coords points="2600,2583 3350,2581 3350,2539 3327,2537 2602,2556"/>
                <Baseline points="2612,2579 2649,2578 2686,2576 2723,2576 2760,2574 2797,2573 2834,2573 2872,2573 2909,2573 2946,2570 2983,2570 3020,2570 3057,2570 3094,2570 3132,2570 3169,2570 3206,2568 3243,2567 3280,2567 3317,2567 3355,2564"/>
                <TextEquiv>
                    <Unicode>the centre of most of his plays; yet, with</Unicode>
                </TextEquiv>
            </TextLine>
            <TextLine id="tr_2_tl_61" custom="readingOrder {index:60;}">
                <Coords points="2595,2629 3353,2614 3336,2574 2595,2587"/>
                <Baseline points="2606,2612 2643,2612 2681,2609 2718,2609 2756,2609 2794,2609 2831,2609 2869,2609 2906,2609 2944,2609 2982,2607 3019,2606 3057,2605 3094,2603 3132,2603 3170,2603 3207,2603 3245,2603 3282,2603 3320,2603 3358,2600"/>
                <TextEquiv>
                    <Unicode>a few exceptions, this problem is not pre¬</Unicode>
                </TextEquiv>
            </TextLine>
            <TextLine id="tr_2_tl_62" custom="readingOrder {index:61;}">
                <Coords points="2602,2656 3359,2654 3361,2610 2602,2625"/>
                <Baseline points="2612,2645 2649,2645 2687,2645 2724,2645 2762,2643 2800,2642 2837,2642 2875,2642 2912,2642 2950,2640 2988,2639 3025,2639 3063,2639 3100,2639 3138,2639 3176,2637 3213,2636 3251,2637 3288,2639 3326,2639 3364,2636"/>
                <TextEquiv>
                    <Unicode>sented too rakedly or without sufficient</Unicode>
                </TextEquiv>
            </TextLine>
            <TextLine id="tr_2_tl_63" custom="readingOrder {index:62;}">
                <Coords points="2602,2696 3350,2683 3350,2648 3204,2641 2602,2654"/>
                <Baseline points="2612,2677 2649,2678 2686,2680 2723,2677 2760,2677 2797,2677 2834,2677 2872,2676 2909,2674 2946,2674 2983,2674 3020,2674 3057,2674 3094,2674 3132,2674 3169,2672 3206,2672 3243,2672 3280,2672 3317,2672 3355,2669"/>
                <TextEquiv>
                    <Unicode>relief. Each problem is bathed in an ar¬</Unicode>
                </TextEquiv>
            </TextLine>
            <TextLine id="tr_2_tl_64" custom="readingOrder {index:63;}">
                <Coords points="2610,2723 3350,2711 3350,2683 3307,2673 2610,2687"/>
                <Baseline points="2621,2713 2657,2713 2694,2712 2731,2710 2767,2710 2804,2710 2841,2710 2877,2710 2914,2710 2951,2710 2988,2710 3024,2708 3061,2707 3098,2707 3134,2707 3171,2707 3208,2707 3244,2705 3281,2704 3318,2704 3355,2704"/>
                <TextEquiv>
                    <Unicode>tistic atmosphere and each character in</Unicode>
                </TextEquiv>
            </TextLine>
            <TextLine id="tr_2_tl_65" custom="readingOrder {index:64;}">
                <Coords points="2614,2759 3018,2752 3166,2779 3355,2744 3355,2715 3325,2708 2614,2725"/>
                <Baseline points="2624,2749 2660,2748 2697,2746 2734,2746 2771,2746 2808,2746 2845,2746 2881,2746 2918,2746 2955,2746 2992,2746 3029,2744 3066,2743 3103,2743 3139,2743 3176,2743 3213,2743 3250,2743 3287,2742 3324,2740 3361,2740"/>
                <TextEquiv>
                    <Unicode>the picture limned with the most subti¬</Unicode>
                </TextEquiv>
            </TextLine>
            <TextLine id="tr_2_tl_66" custom="readingOrder {index:65;}">
                <Coords points="2602,2792 2629,2798 2635,2792 2734,2794 2756,2788 2765,2798 2811,2788 2811,2756 2602,2761"/>
                <Baseline points="2612,2788 2637,2785 2662,2783 2688,2782 2713,2782 2738,2782 2764,2782 2789,2782 2815,2782"/>
                <TextEquiv>
                    <Unicode>psychology.</Unicode>
                </TextEquiv>
            </TextLine>
            <TextLine id="tr_2_tl_67" custom="readingOrder {index:66;}">
                <Coords points="2629,2826 3355,2819 3355,2780 2995,2756 2629,2798"/>
                <Baseline points="2639,2818 2675,2816 2711,2815 2747,2815 2783,2815 2819,2815 2855,2815 2891,2815 2927,2814 2963,2812 3000,2812 3036,2812 3072,2812 3108,2812 3144,2812 3180,2809 3216,2809 3252,2809 3288,2809 3324,2808 3361,2806"/>
                <TextEquiv>
                    <Unicode>It is true that, as has already been plat-</Unicode>
                </TextEquiv>
            </TextLine>
            <TextLine id="tr_2_tl_68" custom="readingOrder {index:67;}">
                <Coords points="2610,2855 3348,2849 3348,2815 3315,2813 2876,2836 2610,2813"/>
                <Baseline points="2621,2851 2657,2848 2694,2849 2730,2851 2767,2848 2803,2848 2840,2848 2876,2848 2913,2847 2949,2845 2986,2847 3023,2848 3059,2847 3096,2845 3132,2845 3169,2845 3205,2843 3242,2844 3278,2845 3315,2844 3352,2842"/>
                <TextEquiv>
                    <Unicode>ed out, many of the acts in his longe</Unicode>
                </TextEquiv>
            </TextLine>
            <TextLine id="tr_2_tl_69" custom="readingOrder {index:68;}">
                <Coords points="2602,2895 3263,2897 3350,2890 3352,2853 2757,2871 2604,2849"/>
                <Baseline points="2612,2883 2649,2884 2686,2886 2723,2883 2760,2883 2797,2881 2834,2880 2872,2880 2909,2880 2946,2880 2983,2880 3020,2880 3057,2879 3094,2878 3132,2880 3169,2878 3206,2878 3243,2878 3280,2877 3317,2875 3355,2875"/>
                <TextEquiv>
                    <Unicode>dramas exhibit to on tendency</Unicode>
                </TextEquiv>
            </TextLine>
            <TextLine id="tr_2_tl_70" custom="readingOrder {index:69;}">
                <Coords points="2602,2926 3352,2922 3353,2884 3323,2880 2604,2895"/>
                <Baseline points="2612,2916 2649,2916 2686,2916 2723,2916 2761,2916 2798,2916 2835,2916 2873,2916 2910,2913 2947,2913 2985,2913 3022,2913 3059,2912 3096,2910 3134,2910 3171,2910 3208,2908 3246,2907 3283,2907 3320,2907 3358,2907"/>
                <TextEquiv>
                    <Unicode>form self-independent pictures; yet</Unicode>
                </TextEquiv>
            </TextLine>
            <TextLine id="tr_2_tl_71" custom="readingOrder {index:70;}">
                <Coords points="2602,2974 2821,2947 3311,2961 3359,2953 3361,2926 2604,2930"/>
                <Baseline points="2612,2952 2649,2952 2687,2949 2724,2949 2762,2949 2800,2948 2837,2947 2875,2949 2912,2949 2950,2949 2988,2947 3025,2946 3063,2946 3100,2946 3138,2946 3176,2946 3213,2944 3251,2943 3288,2943 3326,2943 3364,2943"/>
                <TextEquiv>
                    <Unicode>this defect which forms the chief charm</Unicode>
                </TextEquiv>
            </TextLine>
            <TextLine id="tr_2_tl_72" custom="readingOrder {index:71;}">
                <Coords points="2583,2999 3353,2989 3342,2951 2583,2968"/>
                <Baseline points="2594,2988 2632,2985 2670,2985 2708,2985 2746,2984 2785,2982 2823,2982 2861,2982 2899,2982 2937,2982 2976,2982 3014,2982 3052,2982 3090,2979 3128,2979 3167,2979 3205,2979 3243,2979 3281,2979 3319,2979 3358,2976"/>
                <TextEquiv>
                    <Unicode>of his one-act pieces. It is true that early</Unicode>
                </TextEquiv>
            </TextLine>
            <TextLine id="tr_2_tl_73" custom="readingOrder {index:72;}">
                <Coords points="2602,3024 3359,3028 3359,2991 3325,2984 2602,3005"/>
                <Baseline points="2612,3018 2649,3021 2687,3018 2724,3018 2762,3018 2800,3018 2837,3017 2875,3015 2912,3015 2950,3015 2988,3015 3025,3015 3063,3015 3100,3015 3138,3015 3176,3015 3213,3013 3251,3013 3288,3014 3326,3012 3364,3012"/>
                <TextEquiv>
                    <Unicode>all his characters are Bohemian-artists.</Unicode>
                </TextEquiv>
            </TextLine>
            <TextLine id="tr_2_tl_74" custom="readingOrder {index:73;}">
                <Coords points="2602,3068 3304,3066 3348,3058 3350,3024 2604,3030"/>
                <Baseline points="2612,3054 2649,3054 2686,3054 2723,3054 2760,3052 2797,3051 2834,3051 2872,3050 2909,3048 2946,3051 2983,3051 3020,3051 3057,3051 3094,3051 3132,3051 3169,3048 3206,3048 3243,3048 3280,3048 3317,3048 3355,3048"/>
                <TextEquiv>
                    <Unicode>fleurs actesses jours, doctor</Unicode>
                </TextEquiv>
            </TextLine>
            <TextLine id="tr_2_tl_75" custom="readingOrder {index:74;}">
                <Coords points="2608,3095 3359,3089 3359,3056 3212,3051 2608,3064"/>
                <Baseline points="2618,3089 2655,3086 2692,3086 2729,3086 2767,3085 2804,3084 2841,3084 2879,3084 2916,3084 2953,3084 2991,3084 3028,3084 3065,3084 3102,3084 3140,3084 3177,3084 3214,3082 3252,3082 3289,3083 3326,3081 3364,3081"/>
                <TextEquiv>
                    <Unicode>painter yet each author created as of</Unicode>
                </TextEquiv>
            </TextLine>
            <TextLine id="tr_2_tl_76" custom="readingOrder {index:75;}">
                <Coords points="2602,3141 3353,3127 3353,3087 3306,3083 2602,3104"/>
                <Baseline points="2612,3119 2649,3122 2686,3122 2723,3122 2761,3122 2798,3122 2835,3121 2873,3119 2910,3119 2947,3119 2985,3119 3022,3119 3059,3118 3096,3116 3134,3119 3171,3117 3208,3116 3246,3116 3283,3116 3320,3116 3358,3113"/>
                <TextEquiv>
                    <Unicode>right the population of his own individua</Unicode>
                </TextEquiv>
            </TextLine>
            <TextLine id="tr_2_tl_77" custom="readingOrder {index:76;}">
                <Coords points="2614,3160 3350,3158 3350,3131 3311,3123 2614,3133"/>
                <Baseline points="2624,3155 2660,3155 2696,3155 2733,3155 2769,3155 2806,3155 2842,3153 2878,3152 2915,3152 2951,3152 2988,3152 3024,3152 3060,3152 3097,3152 3133,3152 3170,3152 3206,3152 3242,3152 3279,3152 3315,3151 3352,3149"/>
                <TextEquiv>
                    <Unicode>world; and is it not rather a claim to glory</Unicode>
                </TextEquiv>
            </TextLine>
            <TextLine id="tr_2_tl_78" custom="readingOrder {index:77;}">
                <Coords points="2616,3200 3361,3194 3340,3158 2616,3162"/>
                <Baseline points="2627,3191 2663,3191 2700,3190 2737,3188 2774,3188 2811,3188 2848,3188 2884,3188 2921,3188 2958,3188 2995,3188 3032,3188 3069,3188 3106,3188 3142,3188 3179,3188 3216,3188 3253,3186 3290,3186 3327,3187 3364,3185"/>
                <TextEquiv>
                    <Unicode>to have attained such heights of dramatic</Unicode>
                </TextEquiv>
            </TextLine>
            <TextLine id="tr_2_tl_79" custom="readingOrder {index:78;}">
                <Coords points="2608,3240 3122,3221 3231,3242 3355,3227 3357,3198 2610,3202"/>
                <Baseline points="2618,3224 2655,3224 2692,3224 2729,3224 2766,3224 2803,3224 2840,3223 2878,3221 2915,3221 2952,3221 2989,3221 3026,3223 3063,3223 3100,3221 3138,3221 3175,3221 3212,3219 3249,3219 3286,3221 3323,3221 3361,3218"/>
                <TextEquiv>
                    <Unicode>celebrity and yet scarcely ever to have</Unicode>
                </TextEquiv>
            </TextLine>
            <TextLine id="tr_2_tl_80" custom="readingOrder {index:79;}">
                <Coords points="2614,3269 3359,3279 3340,3225 2614,3238"/>
                <Baseline points="2624,3260 2661,3260 2698,3260 2735,3260 2772,3258 2809,3257 2846,3257 2883,3257 2920,3257 2957,3257 2994,3257 3031,3257 3068,3257 3105,3257 3142,3257 3179,3257 3216,3255 3253,3256 3290,3257 3327,3257 3364,3257"/>
                <TextEquiv>
                    <Unicode>written a single play specifically devoted</Unicode>
                </TextEquiv>
            </TextLine>
            <TextLine id="tr_2_tl_81" custom="readingOrder {index:80;}">
                <Coords points="2616,3313 2662,3292 2688,3309 2710,3298 2918,3306 2957,3296 2957,3265 2924,3261 2871,3275 2844,3263 2618,3269"/>
                <Baseline points="2627,3298 2652,3295 2678,3293 2704,3292 2729,3292 2755,3292 2781,3292 2806,3292 2832,3292 2858,3291 2883,3290 2909,3290 2935,3290 2961,3290"/>
                <TextEquiv>
                    <Unicode>to fashionable life?</Unicode>
                </TextEquiv>
            </TextLine>
            <TextLine id="tr_2_tl_82" custom="readingOrder {index:81;}">
                <Coords points="2637,3332 3355,3334 3355,3292 3256,3281 2637,3302"/>
                <Baseline points="2648,3328 2683,3328 2719,3326 2754,3325 2790,3325 2826,3325 2861,3325 2897,3325 2933,3325 2968,3325 3004,3325 3040,3325 3075,3325 3111,3325 3147,3325 3182,3325 3218,3325 3254,3325 3289,3325 3325,3325 3361,3325"/>
                <TextEquiv>
                    <Unicode>It is true that the ethics of these plays</Unicode>
                </TextEquiv>
            </TextLine>
            <TextLine id="tr_2_tl_83" custom="readingOrder {index:82;}">
                <Coords points="2614,3369 3359,3373 3346,3332 2614,3332"/>
                <Baseline points="2624,3358 2661,3360 2698,3361 2735,3361 2772,3361 2809,3361 2846,3358 2883,3360 2920,3361 2957,3360 2994,3359 3031,3361 3068,3358 3105,3358 3142,3360 3179,3360 3216,3359 3253,3361 3290,3358 3327,3358 3364,3358"/>
                <TextEquiv>
                    <Unicode>with their chronic and inevitable intrigues,</Unicode>
                </TextEquiv>
            </TextLine>
            <TextLine id="tr_2_tl_84" custom="readingOrder {index:83;}">
                <Coords points="2616,3413 3361,3403 3342,3365 2616,3375"/>
                <Baseline points="2627,3397 2663,3397 2700,3397 2737,3397 2774,3397 2811,3395 2848,3394 2884,3394 2921,3394 2958,3394 2995,3394 3032,3394 3069,3394 3106,3394 3142,3394 3179,3394 3216,3394 3253,3394 3290,3394 3327,3393 3364,3391"/>
                <TextEquiv>
                    <Unicode>may strike the English mind as somewhat</Unicode>
                </TextEquiv>
            </TextLine>
            <TextLine id="tr_2_tl_85" custom="readingOrder {index:84;}">
                <Coords points="2614,3440 3359,3434 3359,3401 3309,3399 2614,3413"/>
                <Baseline points="2624,3430 2661,3430 2698,3430 2735,3430 2772,3430 2809,3430 2846,3429 2883,3428 2920,3430 2957,3430 2994,3430 3031,3428 3068,3428 3105,3430 3142,3430 3179,3430 3216,3428 3253,3429 3290,3429 3327,3426 3364,3424"/>
                <TextEquiv>
                    <Unicode>unusual: yet Schnitzler enjoys the reputa¬</Unicode>
                </TextEquiv>
            </TextLine>
            <TextLine id="tr_2_tl_86" custom="readingOrder {index:85;}">
                <Coords points="2616,3484 3355,3470 3355,3438 2616,3438"/>
                <Baseline points="2627,3463 2663,3466 2700,3466 2737,3466 2773,3466 2810,3466 2847,3464 2883,3463 2920,3463 2957,3463 2994,3463 3030,3463 3067,3463 3104,3463 3140,3463 3177,3463 3214,3463 3250,3463 3287,3463 3324,3462 3361,3457"/>
                <TextEquiv>
                    <Unicode>tion of being the most brillant and accu¬</Unicode>
                </TextEquiv>
            </TextLine>
            <TextLine id="tr_2_tl_87" custom="readingOrder {index:86;}">
                <Coords points="2614,3505 3363,3512 3363,3470 3271,3463 2614,3486"/>
                <Baseline points="2624,3498 2661,3501 2698,3501 2735,3501 2772,3499 2809,3497 2846,3495 2884,3494 2921,3496 2958,3496 2995,3497 3032,3498 3069,3498 3106,3498 3144,3498 3181,3496 3218,3496 3255,3496 3292,3496 3329,3496 3367,3496"/>
                <TextEquiv>
                    <Unicode>rate portrayer of contemporary Viennes</Unicode>
                </TextEquiv>
            </TextLine>
            <TextLine id="tr_2_tl_88" custom="readingOrder {index:87;}">
                <Coords points="2616,3545 3361,3545 3361,3509 3219,3495 2706,3522 2616,3503"/>
                <Baseline points="2627,3531 2663,3534 2700,3534 2737,3534 2774,3534 2811,3532 2848,3531 2884,3531 2921,3531 2958,3531 2995,3531 3032,3531 3069,3531 3106,3531 3142,3531 3179,3531 3216,3529 3253,3528 3290,3529 3327,3530 3364,3528"/>
                <TextEquiv>
                    <Unicode>life. After all, from the standpoint of dra¬</Unicode>
                </TextEquiv>
            </TextLine>
            <TextLine id="tr_2_tl_89" custom="readingOrder {index:88;}">
                <Coords points="2616,3576 3361,3572 3361,3543 3290,3532 2616,3545"/>
                <Baseline points="2627,3567 2663,3567 2700,3567 2737,3567 2774,3567 2811,3565 2848,3565 2884,3566 2921,3564 2958,3564 2995,3564 3032,3564 3069,3564 3106,3564 3142,3564 3179,3564 3216,3564 3253,3564 3290,3564 3327,3564 3364,3564"/>
                <TextEquiv>
                    <Unicode>matie art, that which counts is not the</Unicode>
                </TextEquiv>
            </TextLine>
            <TextLine id="tr_2_tl_90" custom="readingOrder {index:89;}">
                <Coords points="2616,3620 3355,3606 3355,3576 3300,3568 2616,3580"/>
                <Baseline points="2627,3606 2663,3605 2700,3603 2737,3603 2773,3603 2810,3601 2847,3600 2883,3600 2920,3600 2957,3597 2994,3599 3030,3598 3067,3597 3104,3598 3140,3600 3177,3600 3214,3600 3250,3600 3287,3600 3324,3599 3361,3597"/>
                <TextEquiv>
                    <Unicode>ethics, but the presentation of the problem</Unicode>
                </TextEquiv>
            </TextLine>
            <TextLine id="tr_2_tl_91" custom="readingOrder {index:90;}">
                <Coords points="2650,3645 3359,3639 3359,3604 2650,3610"/>
                <Baseline points="2660,3636 2695,3636 2730,3636 2765,3636 2800,3635 2836,3633 2871,3633 2906,3633 2941,3633 2976,3633 3012,3633 3047,3633 3082,3633 3117,3632 3152,3631 3188,3633 3223,3633 3258,3633 3293,3633 3328,3633 3364,3633"/>
                <TextEquiv>
                    <Unicode>Yet, with all his subtlety and all his</Unicode>
                </TextEquiv>
            </TextLine>
            <TextLine id="tr_2_tl_92" custom="readingOrder {index:91;}">
                <Coords points="2623,3683 3359,3677 3346,3639 2623,3639"/>
                <Baseline points="2633,3675 2669,3672 2706,3672 2742,3672 2779,3669 2815,3669 2852,3669 2888,3668 2925,3666 2961,3666 2998,3668 3035,3669 3071,3668 3108,3666 3144,3666 3181,3669 3217,3669 3254,3667 3290,3666 3327,3666 3364,3666"/>
                <TextEquiv>
                    <Unicode>problems, he is never happy. Vienna stand¬</Unicode>
                </TextEquiv>
            </TextLine>
            <TextLine id="tr_2_tl_93" custom="readingOrder {index:92;}">
                <Coords points="2614,3718 3359,3708 3359,3677 3332,3672 2614,3685"/>
                <Baseline points="2624,3707 2661,3706 2698,3704 2735,3704 2772,3704 2809,3703 2846,3702 2883,3702 2920,3702 2957,3702 2994,3702 3031,3702 3068,3702 3105,3702 3142,3702 3179,3702 3216,3702 3253,3702 3290,3702 3327,3701 3364,3699"/>
                <TextEquiv>
                    <Unicode>intellectually nearer to Paris than to Berlin</Unicode>
                </TextEquiv>
            </TextLine>
            <TextLine id="tr_2_tl_94" custom="readingOrder {index:93;}">
                <Coords points="2620,3750 3365,3744 3365,3712 3317,3706 2620,3718"/>
                <Baseline points="2630,3740 2666,3740 2703,3739 2740,3737 2777,3739 2814,3738 2851,3737 2887,3737 2924,3737 2961,3737 2998,3737 3035,3735 3072,3734 3109,3734 3145,3734 3182,3737 3219,3735 3256,3734 3293,3734 3330,3734 3367,3734"/>
                <TextEquiv>
                    <Unicode>so that the Teutonic introspection and senti¬</Unicode>
                </TextEquiv>
            </TextLine>
            <TextLine id="tr_2_tl_95" custom="readingOrder {index:94;}">
                <Coords points="2623,3785 3365,3779 3342,3739 2623,3756"/>
                <Baseline points="2633,3776 2669,3776 2706,3775 2743,3773 2780,3773 2817,3771 2854,3770 2890,3770 2927,3770 2964,3770 3001,3770 3038,3768 3075,3767 3112,3768 3148,3770 3185,3767 3222,3767 3259,3767 3296,3767 3333,3768 3370,3770"/>
                <TextEquiv>
                    <Unicode>mentalism are touched with a Galli¬</Unicode>
                </TextEquiv>
            </TextLine>
            <TextLine id="tr_2_tl_96" custom="readingOrder {index:95;}">
                <Coords points="2616,3821 3363,3813 3363,3781 3254,3767 2616,3785"/>
                <Baseline points="2627,3812 2664,3811 2701,3809 2738,3809 2775,3807 2812,3804 2849,3803 2886,3803 2923,3803 2960,3803 2997,3803 3034,3803 3071,3803 3108,3803 3145,3803 3182,3803 3219,3803 3256,3801 3293,3800 3330,3800 3367,3800"/>
                <TextEquiv>
                    <Unicode>sprightness and a Gallic grace. No</Unicode>
                </TextEquiv>
            </TextLine>
            <TextLine id="tr_2_tl_97" custom="readingOrder {index:96;}">
                <Coords points="2608,3852 3363,3848 3365,3813 3306,3800 2610,3827"/>
                <Baseline points="2618,3842 2655,3845 2692,3842 2730,3842 2767,3840 2805,3839 2842,3839 2880,3839 2917,3836 2955,3838 2992,3839 3029,3838 3067,3836 3104,3836 3142,3836 3179,3836 3217,3836 3254,3837 3292,3838 3329,3836 3367,3836"/>
                <TextEquiv>
                    <Unicode>dramatist has written traged with so light</Unicode>
                </TextEquiv>
            </TextLine>
            <TextLine id="tr_2_tl_98" custom="readingOrder {index:97;}">
                <Coords points="2616,3888 3212,3875 3355,3900 3355,3846 3283,3838 2616,3854"/>
                <Baseline points="2627,3875 2663,3878 2700,3878 2737,3878 2773,3875 2810,3875 2847,3875 2883,3874 2920,3872 2957,3872 2994,3872 3030,3872 3067,3872 3104,3871 3140,3869 3177,3872 3214,3872 3250,3872 3287,3872 3324,3871 3361,3866"/>
                <TextEquiv>
                    <Unicode>a hand, or comedy with so fronically pa¬</Unicode>
                </TextEquiv>
            </TextLine>
            <TextLine id="tr_2_tl_99" custom="readingOrder {index:98;}">
                <Coords points="2623,3930 3307,3928 3296,3878 2623,3886"/>
                <Baseline points="2633,3913 2667,3913 2701,3912 2735,3910 2769,3910 2803,3910 2837,3910 2871,3910 2905,3910 2939,3910 2973,3909 3007,3908 3041,3908 3075,3908 3109,3908 3143,3908 3177,3908 3211,3908 3245,3908 3279,3908 3313,3908"/>
                <TextEquiv>
                    <Unicode>thetic a smile, as has Arthur Schnitzler.</Unicode>
                </TextEquiv>
            </TextLine>
            <TextEquiv>
                <Unicode></Unicode>
            </TextEquiv>
        </TextRegion>
    </Page>
</PcGts>
