3344 4224
1290 126 1645 234 box 9/5
402 136 704 231 to
176 131 1073 245 4.9. An Zyklu-
316 589 730 706 Ausschnitt aus:
793 593 1343 752 Salzburger Chronik
533 682 821 787 3 APR. 195
933 710 1195 816 Salzburg
316 724 477 782 vor:
327 765 1487 891 Sauerdenton in der jüdischen „Arbeiter=Zeitung
260 852 1464 925 Der „Reichspost“ in Wien wird von einem Leser ge¬
268 889 1477 984 schrieben, „der „A.=Z." warnte die Redaktion auf
260 942 1492 1037 Seite 5, Spalte 1 mit berechtigter sittlicher Entrüstung,
260 983 1508 1087 vor dem Machwerk eines Romans („Tönender Scha¬
252 1033 1505 1134 den der Verlag auf dem Waschzeitel in eindeutiger Weise
254 1081 1450 1162 allen Liebhabern sexueller Stoffe empfohlen hatte, in
263 1125 1477 1220 folgendem Satze: „Gegen diese Verpestung der Ge¬
260 1179 1458 1266 hirne mit Lesedreck gibt es nur ein Mittel: den
255 1223 1456 1316 Selbstschutz. Wer ernstlich an sich und seiner Klasse ar¬
260 1268 1450 1357 beitet, wie es der Proletarier, der klassenbewußte Ar¬
252 1315 1459 1413 beiter soll und muß (nur der?), der wird solche Romane
241 1372 1464 1458 meiden, indem er eine Presse verjagt, die den Geist
252 1417 1455 1498 solcher Romane pflegt!“ — Bravissimo rief ich aus, wie
248 1477 1448 1545 ein begeisterter Zuhörer Dr. Battistis, als ich das ge¬
257 1515 1445 1593 lesen hatte. Bravissimo! Und noch einmal Bravissimo!
246 1564 1470 1649 Aber da stört mich etwas mitten im Applaus. Mein Blick
255 1612 1442 1707 schweift über die zweite Spalte derselben Seite und
246 1659 1441 1730 stößt an eine Notiz, die überschrieben ist mit „Sauher¬
241 1709 1445 1794 denton einer klerikalen Kritik". Warum das? Ich lese.
243 1757 1438 1832 Das Urteil der Ueberschrift gilt einem Provinzblatte
241 1802 1434 1878 (der „Salzburger Chronik"), das sich in ähnlich scharfer
237 1853 1439 1944 Weise (wenn auch nicht ganz so scharf, wie die
234 1900 1438 1983 „Arbeiter=Zeitung" gegen den erwähnten Roman, über
237 1952 1417 2031 die Aufführung des Schnitzlerschen „Anatol" auf de
238 1995 1420 2089 dortigen Stadtbühne geäußert hatte. Denn „Anatol
235 2048 1434 2118 noch viel eindeutiger und greller und, weil in drama¬
234 2084 1436 2166 tischer Form, unvergleichlich, wie sage ich nur, päda¬
227 2152 1431 2230 gogisch wirksamer als der „Lesedreck“, vor dem die „Ar¬
232 2187 1431 2276 beiter=Zeitung" selber eben männiglich gewarnt hat.
227 2233 1428 2327 Wieso dieser Zwiespalt zwischen der Moral der Spalte
235 2277 1434 2367 und jener der Spalte 2? Will er vielleicht bedeuten, daß
231 2325 1431 2408 das Theaterpublikum in der betreffenden Provinzstadt
223 2385 1431 2470 zu wenig klassenbewußt sei, als daß es ver¬
229 2430 1425 2509 diente, vor der „Verpestung der Gehirne“ geschützt zu
227 2484 1416 2561 werden?“ — So weit die Zuschrift in der „Reichspost“
226 2526 1428 2609 Der Zweifel des Schreibers läßt sich leicht lösen: Die
221 2579 1428 2660 Redaktion der „A.-Ztg." ist jüdisch, der Verfasser des
227 2635 1422 2712 „Anatol“ ist Jude. Und jene der „A.=Z." nachplappernde
221 2673 1424 2760 Provinzpresse pflegt den Geist der Anatole", darum
226 2712 1452 2797 hat sie auch kein Verständnis dafür, daß ein Nicht¬
224 2769 1425 2874 Anatol gegen die „Verpestung der Gehirne“ von der
223 2807 1308 2925 Bühne herab in scharfer Form Einspruch erhebt.
274 2863 779 2939 Ostern im Card.
1844 392 2867 539 Ausschnitt aus: Die Bombe, Wien
1855 550 2249 637 vom 1915
2115 667 2660 782 Anatole France,
1853 802 2917 861 der von uns lange angebetete französische
1855 852 2852 939 Schönschreiber gibt uns nun auch einen Tritt.
1967 924 2917 1001 Auch er will die Zentralmächte zerschmettert
1857 973 2775 1054 sehen, den „Militarismus“ vernichten usw.
1967 1042 2913 1117 Uns läßt dieser Klugschmußer völlig kalt,
1836 1109 2916 1177 weil wir auch in ihm nur ein Wahrzeichen des
1853 1174 2813 1240 verfallenden französischen Geistes sehen.
1980 1226 2906 1319 Wir von der „Bombe haben schon lange
1847 1297 2920 1367 vor dem Krieg auf das Verwesen Frankreichs
1849 1361 2908 1422 hingewiesen, auf die Hohlheit seiner Politik, Kunst
1847 1411 2916 1477 und Literatur — uns sagt Anatole France
1841 1470 2909 1528 nichts neues, aber unsere klebrigen Astheten und
1849 1539 2909 1606 Belletristen möchten wir hinweisen, die immer das
1841 1584 2612 1660 Französische angebetet haben.
1961 1657 2909 1735 Selbst der von uns geehrte Artur Schnitzler,
1844 1705 2919 1776 den wir persönlich sehr gern haben, wußte das
1841 1765 2906 1838 Ringstraßenjüngel, welches der eigentliche Held
1844 1836 2903 1920 seiner Literatur ist, nicht anders zu benennen als
1835 1892 2056 1962 Anatol.
1958 1953 2900 2031 Seit wann heißen die Söhne unserer
1835 2006 2402 2100 Kommerzialräte Anatole
1953 2092 2899 2156 Es klingt eben französisch und das war
1838 2146 2816 2238 immer bei unseren Kommerzialräten Trumpf.
1955 2223 2895 2288 Später erst lernten die Kommerzialratstöchter
1835 2274 2894 2350 Tennis und dann wäre ein neu auftretender
1838 2335 2789 2403 Schnitzler sicher englisch gekommen.
1944 2413 2895 2487 Z. B. ein junger Literat Alfred Wechsler
1835 2462 2900 2526 nennt sich bereits Fred und der Sohn des Wieners
1838 2528 2895 2595 Silberer nennt sich schon Sil Vara. Kurz immer
1827 2578 2892 2673 Anbetung des Französischen und Englischen.
1945 2638 2897 2740 Resultat: Fußtritte von Seite Frankreichs
1833 2707 2213 2788 und Englands.
1955 2755 2891 2844 Wir von der „Bombe haben aber die Fuß¬
1830 2838 2884 2897 tritte an unsere Feinde schon lange vorher aus¬
1825 2894 2888 2976 geteilt. Wir haben immer darauf hingewiesen, daß
1830 2959 2888 3023 die ganze französische Geschichte eine Kette von
1818 3023 2888 3075 Schandtaten ist, daß eine rapide Degeneration des
1824 3079 2889 3143 französischen Volkes stattfindet usw., aber man
1825 3138 2884 3210 hat uns wenig Gefolgschaft geleistet. Hoffentlich
1819 3199 2881 3285 ist es mit den französischen und englischen
1818 3244 2378 3321 Moden für immer vorbei.
1934 3308 2880 3380 Dann wird auch Anatole France vergessen
1811 3381 2881 3453 sein und Maurice Barrès und Clemenau und
1811 3434 2880 3503 wie all das lateinische Volk der Phrase, des
1813 3483 2884 3584 Selbstbetruges und der verwelkenden Kraft
1814 3546 2079 3637 heißen mag.
1931 3612 2881 3687 Das Jahrhundert, welches jetzt läuft, wird
1810 3680 2888 3766 deutsch sein und deutsche Fürstenhäuser,
1805 3738 2881 3836 Habsburg und Hohenzollern, werden die
1818 3796 2307 3897 Völkergeschicke leiten.
