3436 4352
251 156 1196 269 4.9. Anatol - Zyklus
1362 161 1729 269 box 9/5
2676 905 3317 990 construm soge¬
2533 952 2646 1013 haus
1739 945 2377 1020 Die erste Sitzung, zu welcher das
1286 937 1623 1025 en die meisten
621 945 1196 1033 überwiegt, werden die Kir¬
2497 977 3317 1043 t, war vor leeren Bänken ab, so daß auch
1646 992 2420 1065 gestern nach längerer Pause wieder zusam
621 1013 995 1078 Mandate erringen.
2666 1025 3319 1098 am Schlusse der Sitzung eingebra¬
716 1035 2641 1116 Inden czechischen Bezirken Böhmens und Mährens vollständig von dem Interesse für die neue Wahl¬
2673 1070 3317 1128 anträge die Antragsteller selbst es für
1651 1093 1977 1173 reform erfüllt.
631 1103 1621 1158 werden der Hauptmasse nach durch das allgemeine
2676 1113 3319 1193 die Debatte über dieselben auf die
1744 1106 2638 1198 Nachdem die Vorstellung der beiden neuen Ministe¬
628 1148 1613 1234 Stimmrecht radikal-nationale Abgeordnete in da¬
2676 1166 2837 1246 vertagen.
1658 1166 2643 1254 Dr. Rittner und Ritter v. Guttenberg besorgt
631 1198 1033 1256 Parlament kommen.
2764 1203 3070 1274 Hier der Bericht:
2774 1246 3324 1312 Präsident Freiherr v. Chlumec
1661 1276 2643 1339 Theorie zugesteht. Eine Schusterstochter erscheint einen
2683 1296 3322 1372 benen Abgeordneten Popper und K
633 1294 1628 1352 gegen sie als ein Gewebe infamer Lügen sich erwiesen und
1661 1319 2643 1392 Fabrikanten nicht würdig genug, um sie als Angehörig
2774 1339 3306 1410 Der neugewählte Abgeordnete
636 1347 1631 1404 daß der Angeklagte zu einer dreimonatlichen Arreststrafe
2683 1367 3183 1450 Erb leistet die Angelobung.
1661 1372 2643 1437 seiner Familie anzuerkennen. Einer Schusterstochter gegen
636 1392 1628 1450 verurtheilt wurde. Die richterliche Begründung des Ur¬
1661 1417 2648 1482 über bricht der Klassenhochmuth hervor, der Kastengeist
638 1437 1628 1520 theils bildete aber auch eine glänzende Ehrenrettung der
2754 1422 3324 1502 Die Rede des Minister
1653 1457 2656 1520 dem es eine Demüthigung dünkt, wenn ein Mitglied der
636 1490 872 1565 jungen Frau.
2764 1495 3327 1555 Ministerpräsident Graf Badeni
1653 1510 2646 1573 Kaste bei der Wahl seiner Lebensgefährtin einige sozial¬
726 1502 1628 1588 Der Richter sprach nicht bloss als kühler Vertreter
2681 1545 3327 1598 Grund allerhöchster Ermächtigung
1663 1558 2653 1621 Stufen herabsteigt. Und weil dieser Sohn einem armen
2681 1583 3319 1631 Gesetzentwurf betreffend die Ab¬
633 1575 1628 1628 des Gesetzes; aus dem Wortlaute seiner Begründung
1661 1603 2653 1671 Mädchen gegenüber als Mann von Ehre handelt, wird
2683 1618 3301 1673 Grundgesetzes über die
643 1626 1628 1681 leuchtete zugleich sein warmes Mitgefühl mit dem Schick¬
2688 1653 3306 1709 tung, sowie einen Gesetzentwurf
1661 1643 2656 1719 ihm jede Gemeinschaft mit dem elterlichen Haus gekündigt,
643 1671 1628 1731 sal der so schwer beleidigten Frau hervor. Es zeigte
1666 1693 3304 1764 wird er ins Leben hinausgestoßen, werden die verwerflich= anderung der Reichsrat
636 1716 1638 1771 aber auch von dem psychologischen Feinblick des Richters,
1666 1734 3324 1814 sten Mittel in Bewegung gesetzt, um ein Bündniß, bei dem dem hohen Hause zur verfassungsmä
633 1766 1631 1822 als er darauf hinwies, wie sehr man durch blindlings
1666 1771 2884 1884 sich zwei junge Herzen in treuer Liebe gefunden, er¬ überweisen.
2776 1784 3322 1859 Die Wichtigkeit des Gegenstand
643 1822 1636 1867 zusammengeraffte Beschuldigungen das Glück der jungen
2688 1849 3319 1897 fertigen, daß ich mir heute schon erla
1663 1847 2133 1920 barmungslos zu zerreißen!
641 1859 1628 1917 Eheleute getrübt, und daß in ihnen, da sie ja keine Ueber¬
2688 1887 3309 1932 der Vorlage mit einigen Worten zu
633 1904 1628 1980 menschen seien, stets eine gewisse Bitterkeit zurückbleiben
1751 1889 3309 2002 Die echte Liebe, wenn sie der Genius der Gattung Allem es zu begründen, warum die
2688 1960 3309 2013 ledigung dieser Ange¬
633 1957 759 2025 müsse.
1661 1970 2656 2045 entfacht, schreitet freilich, wie der vorliegende Fall zeigt
2683 1995 3329 2070 eine dringende betracht
1666 2023 2656 2088 mit souveränem Gleichmuth über die Schranken der sozialen
729 2015 1636 2121 Der Uebermensch im Nietzsche'schen Sinne steht be¬
2935 2040 3324 2126 Die politische Sign
643 2080 2661 2163 kanntlich jenseits von Gut und Böse. Ein Uebermensch Konvenienz hinweg. Aber wie selten ist solch ein starkes
2759 2098 3329 2178 Als vor zweieinhalb Jahren die
1676 2113 2658 2186 Gefühl besonders in dem plutokratischen Theile der bürger¬
638 2136 1636 2198 setzt sich über moralische Satzungen und moralische Vor¬
2696 2156 3291 2203 sich bestimmt gefunden hatte, die
1668 2163 2658 2226 lichen Gesellschaft! Die Statistik vermag nur die Zahl der
643 2178 1636 2241 urtheile hinweg. Aber in dem Gemüth eines Alltags¬
2688 2186 3322 2241 Reform des geltenden Wahlrechtes zu
1676 2208 2661 2276 Ehen, die in bestimmten Zeitabschnitten abgeschlossen
2691 2226 3317 2284 die politische Situati¬
638 2231 1643 2284 menschen, der in den alten Anschauungen lebt, bleiben
2688 2266 3322 2339 male eine ganz verände
646 2261 2663 2339 Verdächtigungen wie jene, die gegen die junge Frau er- werden, festzustellen. Wie kläglich würde diese Statistik er¬
2781 2301 3342 2364 Es zeigte sich, daß es sich nich
1673 2304 2661 2372 scheinen, wenn sie auch die treibenden Motive der Ehe¬
648 2324 1638 2379 hoben wurden, doch nicht ganz wirkungslos. Früher oder
1676 2339 3322 2415 schließungen in jenen Gesellschaftsschichten beleuchten übergebende Wirkung handle. Die F
648 2372 1641 2432 später, wenn einmal die Gluth der ersten Liebe erloschen,
2688 2374 3322 2425 wurde zur politischen Signa
1668 2397 2661 2460 könnte, in denen das Geld ein dominirender Faktor ist
2691 2412 3319 2472 folgenden Zeit. Sie beherrschte vo
651 2420 1641 2475 würden diese Verdächtigungen vielleicht in der Seele des
1676 2445 2661 2510 Hier gilt ja mit einer kleinen Variation Gretchens Stoß¬
2693 2457 3319 2505 mentarische Lage, sie war bestimmen
648 2460 1643 2528 Mannes rege werden, und so ist durch sie eine böse Saat
2693 2492 3332 2545 tische Aktion der Regierung und de
1676 2495 2663 2565 seufzer: „Am Golde hängt, nach Golde drängt doch Alles
646 2518 1646 2575 ausgestreut worden, die einmal aufgehen und das
1671 2525 3304 2605 ach wir Reichen!" Ab und zu tritt ein Dramatiker auf, in= und außerhalb des Parlaments
651 2558 1646 2618 Glück dieser Ehe vergiften könnte. Das deutete der
2691 2568 3168 2648 tische Tagesfrage.
1673 2580 2666 2651 der den kahlen Egoismus in derartigen, rein geschäfts¬
2781 2575 3329 2658 Es ist klar, daß in demselbe
643 2598 1638 2686 Richter in der Schlußbemerkung seiner Urtheilsbegründung
1676 2636 2671 2698 mäßigen Ehen schildert. Dann sitzen sie im Parquet und in
2701 2641 3322 2706 anderen Angelegenheit
648 2651 1646 2711 an und hob hiedurch umso nachdrücklicher das Verwerfliche
2714 2681 3296 2729 sicht auf ihre wirth
1676 2676 2671 2751 den Logen und klatschen Beifall. Sie sind zuweilen auch
648 2698 1646 2766 jenes Kampfes hervor, den die Eltern gegen ihren Sohn
2698 2716 3309 2776 staatliche Bedeutung
651 2731 2673 2814 geführt. Aber neben dem psychologischen Gehalt hat dieser moralisch entrüstet. Warum nicht? Es ist ja nur ein
1681 2754 3306 2837 Bühnenspiel Aber zuweilen rollt sich dieses Spiel im grund gedrängt wurde.
2746 2791 3306 2837 Die Ursachen dieser Sachlage
651 2794 1643 2859 Fall auch eine soziale Seite, die Beachtung verdient. Wir
1673 2817 2668 2874 Gerichtssaal ab. Dann gewinnt es einen ganz anderen
2693 2822 3324 2909 untersuchen, ob nicht eine ruhige
653 2839 1646 2909 machen uns über die sozialen Vorurtheile des Adels lustig
1678 2867 3284 2927 Charakter. Dann tritt das ungeschminkte Leben vor uns darf, minder nervöse
651 2884 1653 2965 Wir lachen darüber. Sie erscheinen uns völlig unzeit¬
1678 2899 3319 2985 und offenbart in einem charakteristischen Einzelfall die Wahlvorlage möglich gewesen w.
2701 2937 3327 3002 gar keinem praktischen W
658 2932 1643 3002 gemäß. Ehrliche Arbeit adelt — das ist so ein Grundsat
1678 2960 2673 3025 ganze Rücksichtslosigkeit jener satten Moral, die in der
2701 2977 3319 3040 vor uns eine Thatsache, mit
661 2977 1643 3050 unserer demokratischen Gesellschaft. Aber schauen wir uns
2708 3012 3327 3070 finden müssen, die Thatsache
658 3002 2668 3095 einmal in der Wirklichkeit um. Da finden wir, daß die Ehe ein Geschäft erblickt und die ihre Achtung und sozial¬
1678 3050 3324 3146 Werthschätzung eines Menschen nach seiner Zahlungs¬ politisches Leben durch eine un
661 3065 1651 3138 ehrliche Arbeit, wenn sie ihren Mann kümmerlich nährt,
2693 3085 3324 3178 in eminenter Weise beeinflußt w
2236 3095 2641 3181 Marco Brociner.
658 3110 1975 3193 keineswegs jener Achtung begegnet, die man ihr in der fähigkeit bemißt.
