3344 4224
160 149 564 266 4.9. Ana
1272 146 1641 261 box 9/5
948 158 1077 263 lu
627 160 919 263 Zy
63 1005 1017 1094 Gunder Gesuche eine schisch¬
72 1048 1249 1143 ), Busch (der Krieg neue Universität ins Leben zu rufen.
1670 1060 2569 1148 Aeußern Marchese di Sansen......
74 1183 478 1243 von Distinktion zieht
510 1191 2806 1246 Und als sie meinen fragenden Blick sah: „Jede ver=Stadt oder Nation etwas Sicheres darüber erfährt und
77 1231 475 1283 of promise cases
510 1234 2798 1294 heiratete Frau hat ihren zahmen Vogel. Meiner heißt ohne daß der Gesamtheit ein Schaden davon erwächst
74 1274 478 1343 puritanisch, viktoria-
515 1286 1647 1340 Leslie“ — sie lächelte ihm von weitem zu — „kommt
1681 1277 2809 1352 nennen wir Zivilisation. Sie werden vielleicht bemerkt
77 1320 475 1389 sular, gesund, robust
510 1337 1641 1395 eben aus Cambridge, ist zwanzig Jahre alt, ist mäßig
1675 1337 2809 1403 haben, welch ein Antagonismus in unseren Kreisen
72 1377 1644 1440 wundervolle Eigen= dumm und hat gute Manieren. Er hat voriges Jahr im
1684 1377 2603 1455 gegen Lloyd George oder Churchill
2655 1383 2812 1446 herrscht.
109 1420 478 1503 aber Sie verstehen,
510 1420 1644 1478 Cantab=Boot mitgerudert. Er begleitet mich auf allen
1678 1418 2806 1486 Warum? Weil wir gegen jede Demokratisierung sind.
106 1466 461 1549 Eigenschaften . . .
513 1472 1644 1532 meinen Spaziergängen und beim Shopping, er muß mich
1678 1481 2815 1535 Auch gegen die des Raffinements. Die Dinge, die bei
510 1524 1644 1581 immer aufmerksam machen, wenn mein Hut schief sitzt
1672 1524 2815 1587 euch in Büchern beschrieben werden, in Zeitschriften auf
507 1566 1644 1624 oder wenn meine Lippen wieder etwas Rouge brauchen.
63 1544 470 1638 richtige Gesellschaft.
1672 1569 2815 1632 der Straße an jedermann verkauft, von der Bühne herab
507 1618 1641 1667 Nachmittags gehen wir zusammen Thee nehmen oder
1675 1627 2812 1678 gezeigt werden — alles das wäre bei uns undenkbar.
77 1624 475 1681 den Flat in Sloane
507 1652 828 1730 Besuche machen.
72 1667 470 1735 sammen sitzend. Sie
1675 1675 2809 1724 Wir wollen sie nicht öffentlich und für jedermann
587 1675 1644 1784 „Und ist Ihr Mann damit einverstanden?" — „Ge¬
72 1715 475 1781 renglischem Boden
1678 1721 2812 1784 haben. Wir haben unsere pretiosen Editionen, lassen sie
504 1744 601 1818 wiß.
687 1753 1635 1810 „Zeigt das nicht einen bedenklichen Mangel an
72 1758 473 1836 meinem besten Eng¬
1678 1761 2812 1821 aber privat zirkulieren, und wir amüsieren uns in unseren
513 1798 1641 1853 Temperament?" — „Vielleicht — vielleicht nicht." — „Wie¬
72 1810 470 1879 le vier lachten. „Sie
1681 1821 2812 1870 Landhäusern um nichts primitiver als ihr, glauben Sie
664 1847 1635 1907 „Leslie, der mit Sanktion meines Mannes mit
72 1861 470 1924 le eine; das scheint
1675 1864 2809 1922 mir. Wenn die Masse bei uns anfinge kompliziert und
504 1890 1635 1950 mir herumgeht, schützt mich ja vor anderen Dummheiten.
109 1904 470 1982 Strengen Sie sich
1675 1907 2812 1973 raffiniert zu werden, würde es in unserem Set bestimmt
504 1947 1632 2007 Er ist mir sehr ergeben und darf mir die Hände küssen."
66 1953 478 2019 eine Engländerin, ich
1690 1959 2626 2016 smart werden, einfach und tugendhaft zu sein."
2701 1965 2812 2030 „Ihr
504 1987 1561 2053 — „Sonst nichts?" — „Vielleicht einmal die Wange.
60 2002 470 2073 Irländerin," sagte die
1690 2005 1922 2082 seid Sobs.
1947 1996 2809 2068 — „Das geben wir Engländen ruhig zu;
501 2039 1644 2108 „Zeigt das nicht Oberflächlichkeit? Mangel an Tempera¬
120 2050 455 2116 zwei Jahre hier,
1678 2059 2806 2139 wir halten dies für eine stimulierende, nach aufwärts
504 2093 1635 2148 ment?" — „Man kann den Engländer wohl nicht anders
106 2099 470 2159 „aber ich bin eine
1690 2105 2176 2185 führende Qualität."
504 2142 1638 2196 machen, als er ist. Uebrigens, sein Jugendtemperament
66 2142 464 2211 rin," sagte die Vierte
2640 2156 2732 2237 -
504 2188 1638 2248 verpufft er im Sport, und ich bin nur eine Vorbereitung
80 2196 464 2268 war sechs Fuß hoch,
510 2234 1641 2294 für ihn, ein Studium. Unsere jungen Leute haben in
1761 2222 2818 2300 Ana ol brach plötzlich ab und sprang auf. „Dort, dort
106 2239 470 2305 englischen Maßen
504 2277 1641 2337 ihren Colleges nicht so Gelegenheit, Frauen kennen zu
1672 2268 2028 2363 reitet sie rief er.
80 2285 455 2360 herrlich gebaut.
501 2328 1635 2386 lernen wie ihr in eurem gänzlich verschiedenen konti¬
77 2328 410 2406 Interviewer ein.
504 2380 1638 2431 nentalen Schulleben und in euren Jünglingsjahren. Vor
60 2374 464 2460 können Sie so etwas
1876 2360 2806 2457 — Mrs. Chaplin! Und — und — sie hat Wort ge¬
507 2426 1638 2480 dem zwanzigsten Jahr kommt der junge Engländer kaum
1672 2423 1790 2506 halter
77 2434 464 2512 Chaplin trug ein
1879 2443 2806 2500 Leslie ist nicht mit ihr. Ich muß hin — ver¬
501 2469 1629 2529 mit Frauen oder Mädchen in Kontakt. Leslie ist mir sehr
60 2480 467 2546 tur, und das einzige,
1672 2494 1770 2572 zeihe
1922 2491 2806 2549 Ich nahm meinen Hut. „Halt!" rief Anatol
501 2526 1635 2575 dankbar, daß ich ihn sozusagen in die Zügel nehme, und
63 2534 464 2589 setzen hatte, war ein
1675 2543 1764 2600 in
1853 2543 2809 2597 eiflung. „Ich muß ja doch bald nach Wien zurück
493 2569 1635 2620 überschreitet die Grenzen der Freundschaft niemals oder
54 2577 458 2649 guter junger Bengel,
1672 2580 1755 2646 und
1850 2592 2806 2652 n meine Freundinnen dort lesen werden, wie ich
501 2623 1621 2683 fast niemals." — „Ja, aber Ihr Mann, Ihr Mann?!
57 2617 458 2701 erte. Ich setzte mich
1839 2635 2801 2698 änderinnen gelobt habe... was könnte ich hin¬
564 2663 1629 2729 „Der weiß, er ist mein Mann," sagte Mrs. Chaplin,
72 2669 470 2735 „Oh, erwähnen Sie
1856 2689 2809 2741 um mich zu rehabilitieren, zu schützen?" Er
74 2706 1638 2784 „Eine gute, richtige „vom Dinner ab hört die Funktion des tame robin auf.
1807 2729 2809 2809 einen Moment nach. „Bitte, bitte, schreiben Sie noch
507 2755 1638 2818 — „Ich beginne die Gesetzmäßigkeit und Weisheit dieser
103 2769 461 2827 schlecht angezogen
1827 2781 2804 2858 Die schönsten Engländerinnen sind die — Wiene¬
507 2804 1629 2869 Institution zu begreifen. Immerhin, mir wäre die ewige
52 2806 464 2884 schon bemerkt haben.
1776 2829 2274 2901 n, die in London leben."
498 2849 1629 2912 Rolle des tame robin unmöglich.“ — Die schöne Frau
57 2861 464 2927 en geht, ist ihren
1758 2867 2806 2958 Dann lief der ewig Flatterhafte hinab. Ich folgte
498 2901 1635 2955 lächelte fein. „Der robin macht eine Evolution durch," sagte
57 2907 461 2973 leid von Poiret oder
1744 2938 2801 3010 sam, und zwei Minuten später sah ich ihn beim Ge¬
1286 2955 1635 3016 „Also kommt es
504 2947 1197 3004 sie, „aber davon spricht man nicht.
57 2950 458 3024 die auffällige Punze
1664 2995 2809 3070 le der der Reitallee stehen, neben einem jäh angehaltenen
495 2998 1638 3058 doch auf das hinaus: Ihr seid eine Nation von Hypo¬
63 2998 452 3070 ist dieser Jüngling
1667 3044 2798 3101 und schnaubenden Pferd, auf dem eine schlanke, schwarz¬
493 3050 630 3110 kriten.
776 3041 1627 3107 Mrs. Chaplin zuckte die Achseln. „Ihr
57 3047 461 3113 t und der jetzt glück¬
493 3093 1612 3159 drüben nennt es so. Aber daß wir, eine ganze Klasse
1670 3090 2801 3170 gekleidete Dame saß. Anatol streichelte die Mähne des
54 3093 458 3159 et flirtet?" fragte ich,
493 3144 2282 3222 unseren eigenen Code haben können, ohne daß die übrige Pferdes mit zärtlicher Gebärde.
57 3142 455 3230 ein zahmer Vogel.
