3296 4224
1242 173 1616 264 box 8/6
124 179 570 280 4.9. Anat
619 163 785 287 1
1502 662 2776 743 Dialoge „Anatol"), von denen bis jetzt bloß einzelne auf die Bühne
1502 730 2773 785 gebracht worden waren, als Ganzes aufzuführen. Wenn in einem
297 704 1388 847 on sovelleten.
1506 776 2773 831 Berliner Bericht der Schlesischen Zeitung vermutet wurde, der Anatol¬
1157 779 1261 877 10
1493 818 2776 890 zyklus werde sich nach seinem großen Erfolge im Berliner Lessingtheater
727 824 935 890 „Anatol."
1502 860 2786 919 „wahrscheinlich jetzt auch die größeren Provinzbühnen erobern", so ist
264 824 1460 939 Von den zahlreichen jungen Dichtern, deren Hervortreten in den
1493 899 2786 965 diese Weissagung teilweise bereits eingetroffen. Zwar hat sich die
235 906 1473 974 unziger Jahren die Hoffnung auf einen großen Zeitabschnitt in der
1506 948 2773 1000 Leitung der „Vereinigten Breslauer Theater" nicht an die Vorführung
238 948 1463 1020 schichte des deutschen Dramas und Theaters erweckten, war Artur
1499 984 2776 1046 der ganzen Reihe gewagt, sondern von den sieben Einaktern den zweiten
228 994 1453 1059 chnitzler nicht bloß der am meisten versprechende. Er hat in Liebelei
1499 1036 2773 1088 und vierten Dialog „Weihnachtseinkäufe" und „Denksteine", an
225 1040 1463 1111 39 und „Freiwild“ (1890), den beiden Einakterreihen „Der grüne
1496 1072 2773 1128 denen beiden der Raisoneur Max nicht teilnimmt, und den sechsten
215 1079 1463 1141 kadu" (1899) und „Lebendige Stunden“ (1902) ausgezeichnete Bühnen¬
1499 1114 2773 1170 Dialog „Agonie", dessen Erfahrungen wohl Anatols Heiratsentschluß
215 1124 1470 1186 icke, in der Renaissancettagödie „Der Schleier der Beatrice" (1900)
1499 1160 2773 1216 hervorrufen, ausgeschieden. Das Spielen der vier übrig bleibenden Ein¬
215 1167 1463 1238 ne wirklich großangelegte und mit seltener poetischer Kraft durch¬
1502 1206 2763 1258 akter kann man aber kaum mit dem Theaterbureau als „Erstaufführung
222 1209 1463 1277 führte Dichtung geschaffen. Aber das unverdiente Mißgeschick, das
1499 1248 2783 1304 bezeichnen, denn die einleitende „Frage an das Schicksal“ ist im
212 1251 1470 1323 erade dieses Drama verfolgte, scheint lähmend auf sein weiteres
1509 1287 2776 1352 Frühjahr 1900 von der „Freien literarischen Vereinigung" auf die Bühne
209 1300 1463 1372 schaffen gewirkt zu haben und man kann es nicht vergessen, daß es
1506 1333 2773 1395 gebracht und dann im September in den regelmäßigen Spielplan des
212 1346 1466 1414 i der Macht der Breslauer Bühnenleitung gestanden hätte, den „Schleier
1499 1378 2773 1440 Lobetheaters aufgenommen worden. Der fünfte Einakter des Zyklus
215 1378 1466 1450 er Beatrice" zum Siege wehen zu lassen, wenn bei seiner Uraufführung
1512 1427 2786 1483 „Abschiedssouper" ist im Lobetheater zum ersten Mal am 26. Dezember
202 1427 1466 1496 die Rolle der Beatrice / Vilma Illing und nicht einer für die große Auf¬
1509 1463 2780 1525 1900 gegeben worden. Anatol und seine Geliebten wurden beide Mal
209 1466 1470 1538 abe vollkommen ungeeigneten Naiven zuerteilt worden wäre. Was damals
1499 1502 2783 1561 von Herrn Lettinger und Fräulein Nolewska, der Max das eine Mal
202 1515 1470 1587 in Schnitzler gesündigt worden ist, bleibt dauernd ein böser Schuldtag
1502 1551 2780 1603 von Herrn Botz, im „Abschiedssouper“ von Herrn Ziegel gespielt. Jetzt
209 1558 1470 1626 in der Breslauer Theatergeschichte. Mit dem im Lobetheater noch ge¬
1512 1590 2783 1649 sind die Rollen der Freunde Anatol und Max in allen vier Stücken den
205 1597 1473 1672 pielten „Einsamen Weg begann Schnitzler eine Dramenreihe, deren
1506 1646 2780 1698 Herrn Skoda und Müller anvertraut worden, während für die vier
202 1639 1473 1714 ausgeklügelte, schon mehr physiologische als psychologische Voraussetzungen
1506 1675 2780 1743 süßen Mädels, die verlogene Cora, die Zirkusspringerin Bianca in
199 1688 1470 1756 die Schauspiele „Der einsame Weg" und „der Ruf des Lebens" (1905)
1519 1724 2780 1779 „Episode", die freche Annie und die eifersüchtige Ilona, von Herrn
199 1730 1470 1799 vie die Komödie „Zwischenspiel, die wir mit Kainz im Schauspielhause
1502 1763 2786 1822 Regisseur Bonno die Damen v. Pothy, Jauck, Lamberg und Fabry
209 1773 1466 1844 zu sehen bekamen, von vornherein zu verunglückten Experimenten machen
1506 1809 2789 1861 ausgewählt wurden. Die kleinen Rollen des Kellners im „Abschieds¬
202 1815 1470 1880 nußten. Freudige Erwartung dagegen wurde erregt, als sich Schnitzler
1509 1854 2783 1906 souper" und des Dieners Franz am „Hochzeitsmorgen" wurden von
209 1861 1470 1929 nach der wenig gelungenen Ausführung einer dritten Einakterreihe, der
1506 1900 2239 1968 den Herren Mandel und Siegler gespielt.
209 1903 1463 1975 Marionetten" (1903), wieder einer größeren Aufgabe zuwandte und
1597 1916 2783 2004 Fräulein Jauck hat nun dabei freilich den Kranz des Abends
209 1945 1476 2011 leichsam als Gegenstück zu dem halbhistorischen Renaissancedrama ein
1506 1978 2780 2040 davongetragen. Annie erzählt, wie in ihrem neuen Geliebten, dem
209 1985 1466 2073 Menschenschicksal auf dem Hintergrunde großer Tage vaterländischer Ge¬
1509 2027 2776 2089 Tänzer Karl „das Theaterblut zu wurd'n angefangen hat". Nun, so
215 2043 1144 2108 chichte im dramatischen Bilde zu gestalten versuchte.
1506 2066 2780 2128 rechtes Theaterblut hatte die Darstellerin selber. Ohne Übertreibung
274 2053 1476 2134 Die österreichische Kaiserstadt im Jahre 1809 und das Bologna der
1506 2112 2783 2177 und doch mit höchst drastischer Wirkung hat Fräulein Jauck die
202 2128 1476 2187 Bentivoglios im Beginn des 16. Jahrhunderts haben wenig mit ein¬
1506 2148 2783 2222 ganze Szene, Schwips und Erzählung, in fortwährender Stei¬
209 2157 1476 2229 ander gemein, aber unverkennbar wollte Schnitzler in seiner „Dramatischen
1512 2190 2783 2258 gerung allerliebst gespielt. Freilich hat auch Herr Müller,
222 2206 1470 2275 Historie Der junge Medardus" (Berlin, S. Fischers Verlag 1910,
1506 2249 2786 2314 dessen Max in allen vier Stücken eine Musterleistung diskreter
209 2249 1476 2307 290 S. 80) ein Gegenstück zum „Schleier der Beatrice" gestalten. Wie
1506 2284 2773 2337 Charakterisierung und Akkomponierkunst war, im „Abschiedssouper
215 2288 1476 2359 Bologna durch Cäsar Borgia ist Wien durch Napoleon bedroht. Zur
1502 2330 2786 2389 durch sein natürlich herzliches Lachen die Zuschauer selbst zum
209 2346 1473 2405 patriotischen Abwehr scheint sich die im Wohlleben erschlaffte Bevölkerung
1512 2369 2783 2428 Lachen gezwungen, aber den größten Beifall des sehr gut besuchten
209 2382 1476 2444 aufzuraffen. Da reißt ein Zufall den jungen Medardus aus der Schar
1509 2408 2780 2473 Hauses erntete doch nach Verdienst Frl. Jauck. Herr Skoda dagegen
212 2418 1479 2486 der ins Feld aufbrechenden Krieger heraus und treibt ihn statt aufs Schlacht¬
1506 2460 2783 2512 war als Anatol wohl im einleitenden Stücke am meisten nach dem Sinne
222 2467 1476 2529 eld in das für ihn viel gefährlichere Gewoge tollster Liebesleidenschaft.
1506 2499 2776 2561 des Dichters, dem er auch noch im „Abschiedssouper entsprach. In der
212 2512 1479 2574 Wie Beatrice für den Dichter Filippo Loschi wird die Prinzessin Helene
1512 2535 2783 2604 „Episode" spielte er in ironischem Pathos die Enttäuschung Anatols auf
218 2552 1476 2617 von Valois für den von der Phantasie beherrschten Medardus Klähr
1509 2581 2786 2643 das Komische hinaus, wo doch ein wehmütiger Hauch des enttäuschten
215 2597 1483 2662 die ebenso anziehende als abstoßende Sphinx, in deren Umarmung er
1509 2623 2783 2679 Poeten mitklingen sollte. Wie Anatol hier von seinen Erinnerungen
215 2633 1473 2705 aumelnd zugrunde geht und die zugleich Geliebte und Gehaßte mit sich
1509 2672 2786 2741 spricht, das klingt an die Worte an, die Goethe einmal (1779) auf seine
209 2675 1476 2747 verdirbt. In seiner Vaterstadt Wien, in ihrer Gegenwart wie Ver¬
1512 2715 2050 2789 eignen Dichtungen anwandte:
218 2721 1479 2793 gangenheit ist der österreichische Dichter zu Hause und in typischen Ver¬
1753 2734 2438 2819 „Holde Zeugen süß verträumter Jahre,
218 2767 1470 2829 tretern führt er das „Kapua der Geister" vor, wie ein Größerer die
1750 2803 2359 2848 Falbe Blumen, abgeweihte Haare,
215 2806 1483 2871 schöne, leichtlebige und entnervende Kaiserstadt an der blauen Donau
1740 2832 2503 2910 Schleier, leicht geknickt, verblichne Bänder,
215 2855 1483 2913 liebend gescholten hat. Hier war Schnitzler naturgemäß in vertrauterer
1730 2881 2369 2933 Abgeklungner Liebe Trauerpfänder.
209 2900 1479 2956 Umgebung als unter den Bürgern, Künstlern und Hofleuten des alten,
1584 2887 2789 2972 Damit ist es natürlich ganz und gar nicht vereinbar, wenn Anatol
215 2936 1476 3008 stolzen Bologna. Allein über den lebenswahren Einzelschilderungen ist
1515 2956 2786 3018 an seinem „Hochzeitsmorgen" als ein voller Kretin erscheint. Nichts
218 2985 1473 3044 ihm die dem Drama notwendige Konzentration abhanden gekommen
1515 3001 2786 3066 schlimmeres kann man der feinen, graziösen Dichtung antun, als wenn
212 3031 1479 3086 mit der er im früheren Werke so meisterhaft das ungeheure Menschen¬
1515 3044 2786 3102 man den stets verliebten Poeten Anatol, in dem Schnitzler sich selbst
215 3073 1476 3132 schicksal in die Zeiteinheit einer einzigen Nacht zusammendrängte. Der
1522 3086 2789 3151 gezeichnet hat, nach dem leider so beliebten Vorbilde Alexanders spielt.
222 3115 1483 3177 fortwährende Szenenwechsel wie die Unmenge der Personen lassen die
1515 3132 2789 3190 Herrn Skoda, der im ersten Stücke den lieben, leichtsinnigen Kerl
212 3158 1479 3220 „dramatische Historie" mehr als Lesedrama denn als Bühnenstück er¬
1515 3171 2789 3239 so treuherzig zu spielen wußte, stehen bei seiner Künstlerschaft
218 3203 1479 3259 scheinen. Für die haltlose und wechselnde Schwärmerei des jungen
1515 3220 2793 3275 weit bessere Mittel zu Gebote, als daß er die Manieren der im
212 3242 1479 3301 Medardus selbst kann man wenig Teilnahme aufbringen, und der Vor¬
1519 3259 2789 3317 Berliner Residenztheater gespielten Possen auf Schnitzlers liebenswürdig
215 3285 1479 3353 zug des treu getroffenen Wiener Lokalkolorits dürfte außerhalb Öster¬
1522 3304 2789 3370 feine Lustspielszenen anzuwenden brauchte. So wie es im „Hochzeit¬
202 3334 1479 3399 reichs die Theaterbesucher nicht für die vielen Mängel der dramatischen
1515 3347 2793 3402 morgen" geschehen ist, dürfen Anatol und Ilona nicht gespielt werden.
212 3386 593 3454 Historie entschädigen.
1519 3392 2796 3458 Herr Bonno hat mit großer Sorgfalt für elegante Schauplätze gesorgt,
280 3379 1493 3484 Unter diesen Umständen kann man es den Theaterleitern in Deutsch¬
1519 3435 2786 3500 nur dürfte nach einer Außerung Anatols in der „Episode" der letzte Ein¬
202 3467 1489 3526 land wahrlich nicht verübeln, daß sie, wie viel Dank sie auch Schnitzler
1522 3480 2499 3555 akter nicht in derselben Wohnung wie der erste spielen.
222 3506 1479 3562 schuldig sind, sich doch zur Aufführung des ungemein schwierig zu in
1597 3519 2799 3591 *) Artur Schnitzler, Anatol illustriert von M. Coschell. Erste bis
215 3542 1486 3607 szenierenden „Medardus nicht zu entschließen vermochten. Um aber
1525 3578 2796 3637 dritte Auflage. Berlin, S. Fischer Verlag 1901. 206 S. gr. 80. Geb.
212 3594 1483 3647 den Dichter doch in etwas zu entschädigen, verfiel Otto Brahm auf das
212 3617 2825 3705 Auskunftsmittel, das Erstlingswerk Schnitzlers, die 1893 erschienenen 5 Mk. — Ohne Illustrationen 10. Auflage 1909. 146 S. 80. Geb. 3 Mk.
2871 675 3203 740 Jedenfalls hat sich
2809 727 3200 789 unterhalten, ohne sich
2806 769 3200 828 an der in der Tat fa¬
2874 818 3213 870 Will man Schnitzler
2806 847 3200 916 Reiz des gewandten
2809 899 3213 955 erfreuen, so muß man in
2809 948 3213 1000 Maßstab überhaupt von
2806 987 3194 1046 erotischen Keckheiten
2809 1027 3197 1092 ursprünglich (1896/97)
2806 1075 3203 1124 lassen und erst 1903 d
2809 1114 3203 1180 sehr harmlos. Es gilt
2806 1157 3194 1222 Mahnung, nicht nach
2806 1199 3161 1261 retisch — geltenden
2812 1248 3203 1304 Stimmungs= und Aug
2806 1290 3203 1365 und schwärmender Se
2891 1629 3190 1714 In dem zweiten
2816 1682 3210 1753 schiedenen Schaufenste
2816 1740 3203 1799 der „bösen Mondaine
2812 1779 3203 1838 denn schon vor Wolz¬
2816 1825 3190 1887 Schnitzler den etwas
2816 1867 3207 1929 Mädl der kleinen Wel
2816 1913 3207 1968 elegant und sie ist
2812 1949 3207 2014 Anmut eines Frühli
2819 1991 3207 2056 Prinzessin und den
2812 2037 3200 2099 die stolze Frau Gabr
2816 2079 3207 2141 reu geblieben ist, gibt
2812 2125 3210 2190 für das füße Mädl al
2816 2164 3210 2229 lieben kann wie Du u
2816 2206 3210 2271 „Agonie" aber erleben
2816 2262 3210 2317 Anatols mit der ihre
2816 2301 3210 2350 im Grunde um nichts
2809 2346 3220 2402 erworbenen Schmuck w
2816 2389 3203 2444 zur Heirat zu bewe¬
2819 2421 3207 2483 Rubin und einen sch
2819 2470 3200 2529 hält, eine ähnliche Kr
2816 2512 3190 2571 Dumas „Demimonde
2816 2558 3207 2617 bilder für diese geist¬
2816 2597 3213 2656 a. Murgers „Scènes
2816 2640 3203 2705 „Proverbes, deren
2816 2685 3197 2744 gehoben haben, zu
2822 2724 3210 2780 freilich einer entschwu
2819 2767 3210 2835 hältnissen klingt die si¬
2825 2819 3207 2874 zu werden, muß m
2829 2858 3203 2920 Szenen geschaffen si
2816 2897 3197 2959 doch die wahre Li¬
2822 2936 3213 3008 die gelegentlich eine so
2825 2985 3216 3050 einflicht, schildert And
2832 3031 3210 3099 Stimmung, in den
2822 3066 3213 3135 das Leben so vielä
2822 3115 3200 3177 ganze Welt verände
2825 3151 3207 3229 Abenteuer, brutal m
2822 3197 3216 3259 und es bleibt farblo
2822 3239 3203 3311 heraus blitzen tause
2825 3285 3210 3357 empfinden, wo ihren
2894 3334 3200 3405 Damit gibt Schn
2822 3363 3194 3444 leiter an, wie er
2829 3418 3174 3487 gestellt wissen will.
2822 3464 3210 3523 gabe nun nach siebzel
2825 3510 3216 3575 Teile zum Leben auf
2822 3555 3210 3640 Theaterblut länzend
