3344 4256
305 170 875 238 4.9. Anatol
970 173 1228 271 Zyklus
1212 600 1404 673 Wenden!
659 597 1072 708 Räthselte beaten
403 630 548 715 den!
1055 668 1385 769 Telephon 12801
590 756 949 950 „OBSER
420 897 1361 1011 1. österr. behördl. konzession. Unternehmen für Zeitungs-Ausschnitte
525 972 1265 1072 WIEN, CONCORDIAPLATZ 4
751 1040 1035 1114 Vertretungen:
355 1068 1418 1159 in Berlin, Basel, Budapest, Chicago, Cleveland, Christiania,
368 1123 1420 1199 Genf, Kopenhagen, London, Madrid, Mailand, Minneapolis,
361 1165 1411 1251 New-York, Paris, Rom, San Francisco, Stockholm, St. Peters¬
756 1219 1030 1280 burg, Toronto.
665 1253 1134 1348 Wellenangabe, die Verhr.
361 1328 751 1411 Ausschnitt aus:
960 1367 1432 1501 er von
371 1396 888 1499 Num.
755 1605 1053 1673 In Manhattan.
366 1654 1460 1716 THE AFFAIRS OF ANATOLThis latest production
417 1702 1460 1763 4 of Mr. Winthrop Ames, with which his dainty Little
363 1737 1464 1816 Theatre on Forty-fourth Street was opened for its second
363 1782 1460 1848 season on October fourteenth, has been so freely discussed
366 1824 1463 1889 and criticised by this time that little can be said about it
368 1864 1463 1932 which someone has not already said. It is not a play, nor
363 1915 1458 1981 does it purport to be, but a sequence of amatory episodes
1046 1953 1464 2000 -
371 1975 1458 2043 in the carcer of man of fashion whose sentimentality
371 2007 1464 2078 ing the romantic is tied with conicis.
361 2021 1465 2123 His prototypes may be found in any European capital and even
361 2075 1464 2162 in New York, though the type is distinctly the product of a
357 2107 1460 2195 leisure class. The original by Arthur Schnitzler has been re¬
355 2166 1461 2260 ceived with great favor abroad and there is no reason to
373 2217 1472 2317 believe that it has lost anything in the English paraphrase by
375 2264 1474 2349 Granville Barker, which is given at the Little Theatre, or
370 2300 1474 2392 that it will be less popular here. Clever, is the most apt
368 2353 1472 2436 term that can be applied to it. It is extremely clever and
367 2399 1471 2479 satirical and might seem to have been written for the little
361 2432 1467 2526 playhouse in Forty-fourth Street. John Barrymore plays the
370 2475 1467 2568 role of Anatol with what would seem a perfect appreciation
364 2514 1465 2604 or understanding of the type. It has been remarked that this
361 2568 1461 2644 manner becomes monotonous but how could it be otherwise?
364 2601 1464 2687 Anatol himself found the same woman monotonous in the
364 2634 1469 2731 course of a single episode. Oswald Yorke, as his practical
357 2676 1463 2771 friend, Max, is a perfect foil to Anatol and deserves an
359 2728 1463 2812 equal share in the honors with Barrymore. The women of
355 2767 1458 2846 the cast have far less opportunity to shine. Marguerite
355 2807 1460 2895 Clark's talents are rather lost on the first episode as she has
357 2841 1449 2940 little to do but look pretty in which she is preminently suc¬
352 2892 1460 2978 cessful, and answer questions while in an hypnotic sleep.
355 2931 1450 3028 The cleverest characterization is that of Mimi, the opera sing¬
350 2976 1453 3058 er, to whom Anatol is giving a farewell supper. This role is
352 3011 1450 3107 deliciously interpreted by Doris Keene, who makes Mimis
352 3048 1451 3134 indifference to Anatol ludicrously apparent and brings to
349 3093 1443 3186 earth all his romantic apprehensions of a painful scene by
343 3148 1449 3233 emphasizing her fondness for oysters and champagne. In
346 3179 1446 3270 the fourth episode Katherine Emmet enacts with thorough¬
343 3217 1447 3305 bred distinction the role of one of Anatols old flames of his
334 3266 1447 3352 own class. Coupled with rare beauty she has that indefinable
337 3305 1442 3382 air of good breeding which even the most capable actresses
337 3350 1440 3424 seem unable quite to simulate unless to the manner born.
346 3379 1435 3469 The part of the virago who breaks in upon Anatol, while he
321 3407 1435 3503 is preparing for his wedding in the last episode, falls to Eliza¬
331 3469 1442 3555 beth Lee, who certainly looks the part and plays it with vigor
332 3511 1436 3593 if not with consummate finish, though she manages to finish
335 3551 1431 3638 the bridesmaid's bouquet and smash most of Anatols brie¬
325 3600 1438 3679 a brac. In the very amusing second episode Gail Kane has a
332 3641 1425 3713 very slight part. The play has been criticised on grounds of
325 3676 1424 3764 morality or propriety. It is certainly unmoral if not immoral.
334 3713 1427 3788 It makes light of what it is not well should be lightly re¬
319 3763 1427 3841 garded, but it is difficult to imagine any mature person taking
319 3803 1427 3886 it seriously or as anything more than an amusing study of
321 3836 1425 3925 cleverly differentiated human types. There is no suggestion
316 3892 1427 3965 of coarseness or vulgarity in it. At the same time it is not
317 3929 1428 4018 the sort of entertainment one would recommend to those
305 3985 1298 4050 who are contemplating theater parties for débutantes.
1421 172 1773 260 box 9/1
1830 738 2037 810 Wenden!
2150 726 2571 820 Räthselte beachten
2709 742 2897 821 Wenden!
2555 810 2877 897 Telephon 12801
2127 874 2418 1066 OBSER
1891 1050 2836 1123 I. österr. behördl. konzession. Unternehmen für Zeitungs-Ausschnitte
2000 1105 2748 1191 WIEN I, CONCORDIAPLATZ 4
2230 1176 2512 1241 Vertretungen:
1831 1215 2889 1288 in Berlin, Basel, Budapest, Chicago, Cleveland, Christiania,
1835 1270 2892 1323 Genf, Kopenhagen, London, Madrid, Mailand, Minneapolis,
1831 1303 2885 1356 New-York, Paris, Rom, San Francisco, Stockholm, St. Peters¬
2228 1346 2494 1409 burg, Toronto.
2126 1379 2595 1463 legen der
1819 1442 2601 1517 Ausschnitt aus:
2332 1494 2810 1615 ein fort¬
1820 1510 2251 1600 0
2210 1598 2421 1697 -
1914 1710 2764 1776 LITTLE THEATRE. THE AFFAIRS OF ANA¬
2026 1744 2767 1812 A sequence of episodes by Arthur
1888 1789 2701 1855 Schnitzler. Produced Oct. 14 with this cast:
1896 1817 2770 1904 Anatol, Barrymore; Max, Oswald Yorke; Hilda,
1891 1867 2766 1928 Marguerite Clark; Bianca, Gail Kane; Mimi, Doris
1896 1897 2777 1957 Kane; Waiter, Alfred de Ball; Gabrielle, Katherine
1891 1924 2691 1982 Emmet; Lona, Isabella Lee; Franz, Albert Easdale.
1931 1957 2777 2039 Arthur Schnitzler could hardly have desired
1889 2004 2778 2084 a better stage than that of the Little Theatre for
1903 2043 2784 2115 the production of his fascinating transcript from
2697 2076 2782 2126 This
1899 2102 2661 2143 Viennese life, the Affairs of Anatol.
1892 2109 2784 2195 novel series of dialogues between a young man,
1896 2159 2792 2219 whose vocation is being in love, and five young
1903 2227 2788 2280 women who further his amative career, demands,
1903 2273 2789 2316 above all else, the setting of an intimate theatre.
1909 2310 2794 2353 An account of Schnitzlers work has already been
1909 2350 2789 2395 given in these pages. All that needs to be added
1906 2382 2791 2429 here is that the stagging at the Little Theatre,
1911 2421 2782 2464 with its attention to detail, that is neither exag
1903 2458 2792 2505 gerated nor laborious, left nothing to be desired,
1909 2497 2794 2544 and gave the spectator that feeling of complete
1903 2535 2792 2579 satisfaction which comes from viewing anything
1909 2569 2794 2613 that bears the imprint of a master hand. If the
1909 2601 2795 2648 American audience finds its moral sensibilities
1911 2645 2792 2684 shocked by these risqué episodes, it is because it
1906 2684 2792 2727 allows itself to take them seriously. If it does
1909 2719 2794 2763 not appreciate the subtle it and the delicate
1906 2752 2792 2800 satire of the play, it is either because it is not
1911 2791 2787 2834 understood or because the actors did not quite
1910 2834 2792 2893 succeed in infusing into their performance the
1917 2864 2198 2918 Viennese flavor.
1953 2899 2787 2951 There was finesse and polish in the acting
1911 2940 2789 2982 throughout, and especially in the work of Doris
1911 2979 2792 3017 Kene, who, as the conscienceless and carefree
1914 3014 2795 3057 Mimi of the opera, playing fast and loose with
1909 3054 2794 3105 the weathercock heart of the hero, merited the
1911 3087 2792 3133 most spontaneous applause from her audience.
1911 3126 2787 3162 Though Mr. Barrymore displayed well the fas¬
1911 3159 2791 3204 cination and the inconsequentiality of Anatol, he
1911 3204 2787 3246 never succeeded in making an Austrian bon¬
1903 3234 2795 3281 vivant and collector of a romantic past out of a
1903 3278 2788 3318 prosaic, matter-of-fact American. The monotony
1909 3310 2795 3361 of his voice and gesture helped to foil his good
1903 3348 2792 3396 attempts. The playing of Oswald Yorke in the
1906 3386 2791 3435 difficult rôle of the foil for the hero, though
1909 3426 2784 3462 sympathetic and intelligent, gave rise to the con¬
1911 3462 2787 3511 jecture that, had he portrayed Max in greater
1903 3500 2789 3546 contrast to Anatol, he would have made him
1903 3539 2788 3586 more convincing. Miss Marguerite Clark was so
1903 3573 2789 3613 exceedingly exquisite as Hilda that it was some¬
1909 3607 2789 3651 thing of a shock to learn, later, that she had
1909 3643 2795 3695 found her happiness in marrying a milkman.
