3344 4224
116 177 1071 298 4.9. Anatol - Zyklus
1233 196 1596 282 box 9/5
421 1476 1555 1540 Aber die war nirgends zu finden. Weder bei dem blonden
425 1500 1531 1590 Dr. Rauch noch im Königlichen Theater, in welchem nur
427 1555 1528 1623 noch „Königskinder“ zu Hause sind, noch im Kurhaus, wo
435 1599 1533 1672 sich nach einschmeichelnden Walzerklängen die maskierten
431 1647 1527 1729 Pärchen Grehen und die Sekipfropfen lustig knallen. Der
424 1685 1038 1744 Prolog fand sehr reichen Beifall.
507 1719 1526 1807 Darauf folgte Artur Schnitzlers Einakter=Zyklus
422 1781 1527 1850 „Anatol". Es sind lose zusammenhängende Stückchen, die
424 1825 1526 1884 zuerst in Berlin als Zyklus aufgeführt wurde, und dann
411 1862 1516 1931 erst unter ungeboren Beifall in Wien. Unser Residenz¬
414 1898 1376 1980 Theater ist die dritte Bühne, die den Zyklus bringt.
494 1953 1520 2027 Anatol ist ein echter Don Juan, dessen Leben aus einer
415 1999 1513 2081 Kette galanter Abenteuer besteht, die bis zu seinem Hoch¬
412 2034 740 2107 tstage reichen.
493 2055 1517 2163 Anatol hat viele Illusionen und will sie erhalten, denn
417 2099 1517 2189 er scheut sich, „die Frage an das Schicksal zu stellen, näm¬
411 2165 1517 2254 lich die, während der Hypnosse seine Geliebte zu fragen, ob
417 2209 958 2273 sie ihm auch wirklich treu sei.
486 2230 1518 2318 Anatolit auch sehr eitel und glaubt, was ihm
408 2281 1517 2374 „Episode war, sei einer Frau Erlebnis gewesen. Da sieht
412 2350 1518 2421 er diese Frau vieder und muß erfahren, daß sie ihn schon
405 2383 846 2444 lange — vergessen hat.
489 2413 1513 2490 Und bei dem „Abschieds=Souper möchte er die Ge¬
410 2459 1441 2552 liebte verabschieden, erhält aber von ihr den Laufpaß.
489 2521 1516 2589 Schließlich hat Anatol so viele Illusionen und Haare
407 2565 1510 2629 verloren, daß er ans Heiraten denkt. Die letzte Nacht vor
411 2605 1510 2682 seiner Hochzeit bringt er auf der Redoute zu; natürlich ist
405 2657 1507 2722 er nicht allein, als er den Heimweg antritt. Und diese Ge¬
412 2694 1503 2767 liebte die er schon vor sechs Wochen vergeblich loszuwerden
415 2743 1503 2809 versuchte, ist zah, ist fürchterlich. Sie droht mit Skandal,
425 2778 1504 2852 ls sie erfährt, Anatol wolle heiraten, und nur die Worte
421 2826 1503 2897 es getreuen Freundes Max, der Anatols endlose Liebes¬
420 2859 1504 2930 eschichten immer geduldig mitanhört, können sie beruhigen:
424 2907 1504 2980 Diese Frau läßt man sitzen, zu dir kehrt man immer wieder
421 2961 1497 3024 urück.“ Da ist die Edle überzeugt. Wie die verkörperte
418 2996 1499 3055 Nemesis" steht sie auf dem Trümmerfeld, zwischen zer¬
424 3045 1507 3120 rochenen Tassen, zertretenen Blumen und umherge¬
1588 1492 2685 1575 worfenen Kissen — es fehlt nicht viel, und auch ihre Locken
1582 1547 2688 1636 wären davongeflogen — und ruft triumphierend aus: „Er
1589 1582 1992 1644 wird wiederkommen!“
1670 1630 2701 1688 In den beiden ersten Akten herrscht ehte Wiener Ge¬
1582 1665 2685 1747 mütlichkeit, eine feine, etwas einlullende Atmosphäre, zu
1588 1712 2681 1792 schleppend fast für das Publikum, das, abgehärtet durch die
1585 1760 2687 1833 Faschingsfreuden, schon einen gehörigen Puff vertragen
1581 1804 2691 1865 kann. Aber bei den hochgehenden Wogen des „Abschieds¬
1579 1842 2682 1938 Soupers" — das zuerst im Residenz=Theater mit Frl.
1582 1886 2681 1961 Nilasson, zuletzt mit Eise Laura v. Wollzogen gegeben
1578 1932 2680 2024 wurde — und erst bei „Anatols Hochzeitsmorgen konnte
1578 1973 2058 2045 der Jubel seine Grenzen.
1644 1993 2682 2088 Die Darstellung war wieder hervorragend. Besond.
1566 2045 2688 2139 Herr Keller=Nebri als Anatol. Herr Tatitz (Freund
1574 2102 2684 2168 Mar) schnitt im letzten Akt reichlich viel Fratzen, die seine
1576 2144 2680 2218 sonst gute Leistung etwas zur Karikatur verzerrten. Frl.
1574 2191 2678 2263 Richter schlug dem Kellner (Herrn Schäfer) mit viel
1566 2223 2665 2311 Grazie mit dem Fuß das Tablet, beim Abschieds=Souper
1564 2284 2667 2350 aus der Hand, ohne auszuarten, und Frl. Hammer war
1571 2324 2672 2401 eine zügellos temperamentvolle Geliebte. Auch Frl. Porst
1569 2366 2664 2438 und Frl. v. Arloff wären loben zu nennen, ebenso
1565 2397 2017 2478 Regie und Ausstattung.
2490 2415 2653 2490 B.
1791 2492 2431 2596 Aus Kunst und Leben.
1627 2567 2656 2660 Theater und Literatur. Die gemeldet, ist in Char¬
1554 2622 2656 2702 lottenburg Friedrich Spielhagen, der sich vor
1555 2672 2653 2747 einigen Tagen eine heftige katarrhalische Erkältung zuge¬
1558 2725 2657 2790 zogen hatte, Samstag gestorben. Wegen des starken, kritischen
1557 2770 2653 2824 Stoffandrangs mußten wir eine Darstellung seiner Bedeu¬
1550 2800 2656 2876 tung für die nächste Nummer zurücklegen. — In Linz ist
1557 2845 2653 2927 die geplante Aufführung von Schönherrs Drama
1552 2903 2661 2962 „Glaube und Heimat“ am Landestheater nicht ge¬
1550 2931 2667 3013 stattet worden. Der Intendant erblickt in Schönherrs Werk /
1552 2978 2643 3043 einen Angriff auf die katholische Kirche. Der Herr Inten¬
1551 3014 2641 3099 dant Dr. Max Mayr wird durch diese Tat seinen künf¬
1541 3062 2058 3132 rischen Ruhm nicht mehren!
