3436 4256
1391 244 1745 343 box 8/6
713 245 793 329 1
271 255 619 340 4.9. An
947 250 1213 364 Zyklus
1274 1154 1421 1268 146
535 1199 1248 1312 Dr. Max Goldschmidt
668 1285 1125 1373 Bureau für
657 1346 1143 1450 Ladungende
1051 1439 1312 1506 de M.
484 1423 774 1522 Bern N. 24
728 1548 1078 1625 Ausschaft aus
389 1631 1405 1827 Was aber
548 1809 1234 2046 Forstadt
492 2104 1667 2197 Schnitzlers Anatol=Zyklus. Die freie literkünstle¬
370 2176 1654 2242 rische Gesellschaft gibt in dem heutigen Anzeigenteil
378 2219 1659 2284 den Theaterzettel der am 22. November im Mathildenhöhsaal
370 2269 1657 2340 durch die Mitglieder des Frankfurter Schauspielhauses zur Auf¬
378 2304 1659 2380 führung gelangenden fünf Einakter aus Arthur Schnitzlers „Ana¬
378 2352 1655 2421 tol-Cyklus bekannt. Danach wirken mit den Damen Wulf und
1538 2396 1652 2450 „Ana¬
375 2393 1452 2463 Ilm, die Herren Dr. Krauß, Bauer und Däneborg.
380 2436 1649 2511 tol“ bildet zur Zeit das Zugstück sämtlicher größerer Stadt¬
377 2479 1662 2553 theater. Im Münchener Schauspielhause findet in diesen Tagen
377 2540 1659 2594 die 50. erfolgreiche Aufführung der auch hier zur Vorstellung
378 2570 1662 2638 kommenden Anatol=Stücke statt. Man mag über das Sujet an
377 2610 1657 2675 und für sich denken wie man will, der literarische Wert der
385 2670 1662 2727 Stücke ist allenthalben anerkannt worden. Und das Publikum
381 2707 1657 2772 hat sich noch immer über die verschiedenen Liebes=Episoden Ana¬
385 2750 1663 2811 tals köstlich amüsiert. Den Mitgliedern der freien literarisch¬
381 2788 1659 2851 künstlerischen Gesellschaft sind kostenlos Eintrittskarten zur Auf¬
389 2832 1663 2904 führung am Mittwoch Abend zugegangen; Nichtmitglieder können
393 2883 1660 2947 solche zu den bekannt gegebenen Preisen in der Hofbuchhand¬
385 2915 1670 3021 lung von A. Bergstraßer (Rheinstraße) und an der Abendkasse
386 2976 566 3064 erhalten.
2053 1478 2968 1575 Büro-Ausstellung Wien 8.—19. November
2354 1548 2689 1625 siehe Rückseite.
2700 1588 3029 1686 Telephon 1191.
2024 1681 2162 1736 —
2668 1695 2933 1780 De
2218 1663 2636 1827 OBSERV
1969 1812 3035 1909 Asterr. behördl. konz. Unternehmen für Zeitungs-Ausschnitte
2104 1870 2913 1966 Wien, I., Concordiaplatz 4.
2309 1947 2697 2019 Vertretungen
1963 1995 3027 2070 in Berlin, Budapest, Chicago, Christiania, Genf, Kopen¬
1973 2058 3026 2117 hagen, London, Madrid, Mailand, Minneapolis, New-York,
2014 2101 2973 2181 Paris, Rom, San Francisco, Stockholm, St. Petersburg.
2301 2133 2702 2202 (Quellenangabe eine Comte).
1966 2173 2324 2271 Ausschnitt aus:
1990 2232 2143 2301 212.
2293 2227 2901 2344 Brünner Anzeiger, Brünn
1966 2293 2088 2348 vom
1990 2340 2074 2409 .
2112 2368 2981 2449 „Anatol." Schnitzlers reizenden Zyklus haben
1995 2412 2974 2495 schon im Vorjahre in derselben Besetzung gesehen
1912 2450 2976 2530 und gewürdigt. Damals stand die Aufführung noch unter
1904 2505 2971 2591 dem Einfluß der Wiener Direktion, die man den Gästen
1902 2566 2968 2643 vom Volkstheater abgeguckt hatte. Die heurige Reprise
1912 2599 2968 2683 scheint sie gegen damals nur verschlechtert zu haben. Das
1902 2651 2974 2734 heißt, Herr Strauß gibt seinen Max noch gelungener
1902 2694 2971 2776 und lebenswahrer. Aber Frl. Dürr tat manchmal merk¬
1902 2747 2969 2833 lich zu viel in ihrem Uebermut und auch Herr Mame¬
1904 2787 2968 2870 lok zerteilt den Satzbau des Stückes in noch mehr un¬
1907 2838 2998 2931 freiwillige Pointen. Schnitzlers Werk hat es wirklich nicht
1905 2886 2968 2966 nötig, durch Uebertreibungen wirksamer gemacht zu wer¬
1901 2939 2961 3018 den. Solche Bestrebungen berühren peinlich und rufen
1897 2997 2965 3086 nur ein sehr bedauerndes Lächeln wach, das über einen
1891 3029 2764 3126 leise aufkeimenden Unmut hinwegtäuschen soll.
