3392 4256
262 202 1145 327 4.9. Anatol - Zykle
1379 219 1737 325 box 9/3
758 1091 1781 1200 daß sie im Schlaf Liebe zu Anatol äußerte, ist köstlich,
762 1175 1778 1245 wenn auch schon mehr deutender Kommentar, als
158 1181 531 1285 Anst. Literatur.
771 1235 1781 1291 Schnitzler in der Frage nach dem Charakter Coras
764 1272 1783 1349 zugestand. Die Emilie in „Denksteine (mit Auf¬
154 1254 371 1358 rator /
785 1320 1785 1393 schrei, großem Affelt und grande dame Wesen liegt
471 1306 668 1399 Denksteine.
771 1381 1787 1449 der Darstellerin noch besser. Frau Weiser als Zirkus¬
410 1352 727 1452 r. Aufführung am
771 1424 1785 1491 reiterin Bianca in „Episode ist natürlich prächtig,
779 1481 1768 1554 sie ist als Ilona im „Hochzeitswegen über¬
148 1468 731 1566 ol geworden. Er war es nicht
766 1518 1778 1599 mütig und mit ungarischem Leidenschaftspaprika wirk¬
171 1543 733 1610 dieser Rolle einen aktiveren
779 1568 1778 1647 sam imprägniert. Ein Diener (Herr Korb), der indis¬
206 1585 731 1656 wender gut. Seit er den
771 1622 1791 1722 kret wird, um aus der Rolle etwas zu machen", wirkt
212 1633 731 1710 welschmerzlichen Melan¬
775 1672 1408 1751 als Behelligung des Publikums.
185 1685 729 1772 schnitzlerischer und wirksamer
860 1714 1793 1789 Vielleicht fügt man einmal auch die poesievollen
177 1735 735 1806 er sich mit vollem Ernst den
775 1772 1795 1847 „Weihnachtseinkäufe, deren Schwierigkeiten unsere
194 1781 731 1870 hin, den Humor besorgt die
771 1818 1789 1891 Regie zu überwinden wußte, dem Zyklus Schnitzlers
235 1828 735 1924 Er spricht weich, über¬
781 1866 1785 1941 ein, der eben jetzt wieder in seinem: „Casanova in Spa¬
185 1856 737 1960 nicht nur als Lustspielolden
791 1924 1795 2022 seine Begabung für das fein erotische Lustspiel erwiesen
179 1935 741 2005 ich in dem „reichen und vollen
1535 1964 1760 2047 Dr. A. M.
200 1985 739 2049 kelte, wie Max sagt. Die
206 2028 739 2101 Orells silvoll zusammen¬
866 2041 1806 2153 Hugo Kromer. Von Hugo Kromers Klavier¬
196 2080 737 2155 sich dem Anatol-Motto Hof¬
781 2120 1801 2195 abend hörten wir nur Liszts H=Moll=Sonate. Aber
175 2128 743 2220 vielen wir Theater, die Komödie
779 2170 1799 2245 die Sonate ist ein Konzert für sich. Gibt Pianisten alle
165 2187 727 2260 eift und zart und traurig...
781 2220 1801 2293 technischen und geistigen Gelegenheiten, sich zu zeigen.
196 2230 746 2305 ein Max, der die Absichten
785 2268 1799 2362 Ein großer Monolog, der, sämtliche Formen streifend,
144 2280 743 2364 rumpfen will und der darum
787 2326 1799 2395 letzte Technik, Aufbau, klare Durchgliederung und Be¬
162 2332 750 2420 in humoristisch und voll der
787 2370 1810 2439 rührung des dämonischen Elements verlangt. Herr
158 2376 752 2457 opses. Fräulein Dürr spielt
787 2426 1812 2495 Kremer wurde des Liszt=Problems Meister. Er spielt
162 2432 746 2501 ge an das Schicksal, Sie
791 2468 1810 2539 mit der deutschen Klarheit, die, nichts verwischend, in
181 2491 754 2555 Vorstadt, befremdlich im Sinne
787 2518 1810 2584 alle Mittelstimmen schauen läßt, perlig und hauchig,
152 2532 754 2620 das?" (Das Fragezeichen ersetzt
791 2572 1810 2639 das Klavier aut instrumentierend, bald seine Holz¬
150 2578 758 2657 führung durch einen Punkt;
787 2632 1812 2689 bläser, bald seine Posaunen und Orgeln lösend. Er sann
165 2632 758 2701 behalten.) Das zögernde, leicht
787 2670 1812 2734 den Lisztschen Rezitativen nach, den letzten Versunken¬
162 2678 756 2755 ypnotischen Schlaf auf Anatols
796 2718 1812 2791 heiten des Finales, und hob das Werk, man darf es
162 2732 750 2818 ch?“ und das verwundert er¬
165 2766 1835 2886 im Erwachen, als sie vernimmt, sagen, dienend auf seine Höhe. Große Persönlichkeiten,
1818 1066 2838 1175 d'Albert namentlich, wegen hier noch triumphierender
1826 1154 2836 1231 sein, und sich vom Werke dienen lossen; Herr Kremer
1814 1208 2841 1279 war, in jedem Sinn, Erfüller und vermochte mit diesem
1820 1268 2841 1339 einen Stück von seiner Begabung und Technik zu über¬
1831 1304 2843 1381 zeugen. Lebhafter Widerhall dankte ihm in vielen, vielen
1831 1349 2843 1422 Hervorrufen. Man denkt an Hermann Cohens ästhetische
1831 1412 2845 1472 Auffassung von Beethoven, die auch für den Liszt der
1833 1454 2843 1529 H-Moll-Sonate gilt: daß Musik von dieser Art das
1824 1501 2845 1574 moderne Gebet darstellt, und möchte Stücke solcher Art
1833 1556 2849 1656 immer allein hören, ohne Konzertsaal, und ohne Licht,
1831 1610 2412 1693 das Gebeten immer feindlich ist
1910 1622 2847 1733 Pflege moderner Musik in Prag. Man schreibt
1833 1701 2845 1770 uns aus Prag: Dem künstlerischen Unternehmungsgeist
1833 1751 2845 1828 der Konzertleitung Dr. Wilhelm Zemanek gelang es,
1833 1803 2845 1862 vier expressionistische Musikabende unter der Leitung
1833 1849 2853 1924 Arnold Schönbergs zustande zu bringen, als deren
1839 1899 2849 1978 besonderes Ergebnis die Gründung eines internationalen
1833 1958 2853 2033 „Vereines zur Pflege moderner Musik zu bezeichnen
1841 2008 2855 2078 ist, dessen geistige Führung Operndirektor Alexander
1839 2043 2851 2116 von Zemlinsky vom hiesigen deutschen Theater und
1839 2107 2859 2195 Kapellmeister Talich von der tschechischen Philharmonie
1847 2164 2210 2243 übernommen haben.
1922 2185 2859 2280 Ein 1000-Dollar-Preis für ein Streich¬
1845 2247 2857 2318 quartett. Frau F. S. Coolidge in Pittsfield in den
1847 2297 2868 2364 Vereinigten Staaten erläßt ein Preisausschreiben im
1845 2345 2866 2420 Werte von 1000 Dollar für das beste, noch nicht auf¬
1845 2405 2866 2474 geführte Streichquartett. An dem Wettbewerb können
1856 2455 2866 2524 sich Musiker aller Nationen beteiligen. Der Einreichungs¬
1845 2495 2866 2586 termin schließt mit 1. August 1920. Die Manuskripte
1862 2545 2872 2622 sind zu senden an Wolfsohn Musical Bureau, I. West
1851 2605 2872 2676 34th. Street, New York City, U. S. A., nach dem
1851 2653 2866 2753 1. Juli an Berkshire Music Colony, South Mountain,
1860 2703 2393 2784 Pittsfield, Maß, U. S. A.
