3436 4352
449 130 1115 180 Max Walter Connoll
464 164 1118 217 Anatol.................. Joseph Schildkraut
468 190 1122 234 Hilda Denne Moor
468 213 1122 256 Emily. Anne Forrest
456 239 1122 283 Blanca Elena Miramova
478 268 1122 313 abrielle Patrici Collinge
476 288 1123 330 Vater Oswald York
471 310 1123 356 Mimiam opin
471 341 1128 381 Franz Roger Ramsel¬
459 366 1132 417 Lona Ruthelm Stevens
488 393 1132 463 Although Arthur Schnitzler is the
459 446 1125 502 author of "Anatol," which was re¬
459 490 1125 537 vived at the Lyceum last evening
459 529 1128 590 he is not the source of all its love¬
457 563 1137 629 liness. Bela Blau has mounted it
459 598 1133 668 handsomely, not forgetting the Vien-
459 661 1137 703 nese waltzes and the concertina,
468 690 1133 749 which is the most heartening of all
463 729 1142 795 musical instruments. And Joe Miel¬
468 783 1145 834 ziner has lavished upon Schnitzlers
463 815 1142 884 anatomy of love some of the most
471 856 1133 928 alluring settings in years magic vis-
471 898 1133 959 tas, exquisite interiors, and a spark¬
474 937 1144 1010 ling evening snowstorm beyond the
473 986 947 1049 arch of a Vienna arcade.
512 1003 1144 1089 With the actors, Mr. Blau's for¬
471 1069 1152 1117 tunes have been mixed. As Anatol,
471 1108 1149 1162 Joseph Schildkraut is mechanical and
479 1145 1149 1208 constricted in a part that should be
474 1200 1147 1254 romantically exhilarating. He has
478 1233 1152 1298 little of the free improvisation that is
486 1269 1155 1337 the charm of Schnitzlers bundle of
488 1323 1159 1381 episodes. But Walter Connolly is
485 1352 1159 1423 quietly merry as Anatoles navish
486 1394 1157 1454 comrade. Patricia Collinge has one
486 1437 1159 1499 huntingly beautiful scene as the
486 1477 1155 1532 wistful married lady who did not
483 1515 1161 1562 succumb to Anatol. There are lively
491 1554 1155 1599 scenes with Miriam Hopins, Anne
490 1581 1155 1640 Forrest, Elena Miramova and Ruth¬
486 1611 1157 1681 elma Stevens, If, as a playgoer, you
491 1645 1162 1701 are as shameless a gourmet as
495 1671 1164 1732 Anatol, you will find enough beauty
488 1713 1162 1760 and comedy in Mr. Blau's ravishing
493 1740 1162 1801 production to balance the wooden¬
488 1776 1162 1832 ness of some of the acting and some
493 1815 883 1862 of the duller scenes.
525 1823 1171 1887 When Anatole was first mounted
495 1867 1169 1921 here nearly twenty years ago with
495 1898 1169 1950 John Barrymore it was reputed to be
498 1931 1169 1986 audacious. Anatol is a sinner. But
496 1962 1171 2020 not to Schnitzler, and hardly to the
502 2003 1174 2062 pernicious playgoer of today, for
500 2026 1179 2086 Anatol is a sybarite of love. He is
503 2064 1174 2123 punctilious about the department of
503 2098 1181 2148 conquest. He loves love. The six
507 2136 1176 2182 scenes in his affairs reveal his sus¬
510 2164 1179 2213 ceptibilities his anxiety over the
502 2197 1179 2242 fidelity of Hilda, his wounded vanity
507 2236 1172 2272 when Bianca no longer remembers
513 2262 1184 2318 him, his anger when he discovers one
507 2291 1183 2338 of his trollos covering the booty of
513 2328 1179 2380 previous amours or another planning
513 2365 1179 2409 to supplant him with a chorus boy.
513 2394 1178 2436 For to Schnitzler love is full of savor
513 2425 1188 2472 and deception, honeyed tenderness
513 2457 1178 2499 and sweet langor. None of the ho¬
518 2487 1188 2538 blooded passion of the modern thea¬
518 2521 1186 2570 tre bursts into his amorous ho¬
522 2557 1184 2604 house. There is hardly a kiss visible
518 2589 1188 2633 to the naked eye. Silken in the writ¬
518 2619 1189 2668 ing, it is overlong in the acting. If
518 2652 1189 2701 it were half as long it would be twice
518 2687 1189 2733 as good in the theatre. Certainly this
522 2714 1186 2768 production would be brisker amuse¬
522 2750 1191 2824 ment if a half hour vere taken out
518 2794 635 2836 of it.
554 2796 1198 2862 Although Mr. Schildkraut lacks
530 2850 1191 2896 the spontaneity that Anatol needs
534 2884 1198 2928 to keep you steadily interested in
525 2912 1198 2963 his adventures, he has spirit enough
525 2943 1194 2985 for the dramatic episodes. The two
530 2975 1201 3024 lively concluding scenes are his
534 3006 1194 3053 best. As the operatie hussy Miriam
534 3041 1201 3090 Hopins is vastly amusing, going
530 3073 1203 3121 shamelessly at the table, flying into
530 3104 1200 3163 a passion, tearing angrily around the
530 3136 1201 3177 room. And the horseplay of the
540 3167 1201 3216 concluding scene on Anatols wed-
537 3206 1203 3245 ding day is likewise unconscionably
537 3234 1201 3290 funny. As the possessive bagage
546 3265 1203 3306 who finds that she is losing her
542 3294 1201 3341 lover almost at the church door
546 3328 1205 3377 Ruthelm Stevens is immense. Mar¬
537 3356 1211 3404 Connelly and Gabriel Beer-Hofmman
540 3400 1218 3441 have done their shrewest work in
542 3434 900 3477 the direction here.
564 3431 1218 3505 Despite these fitful thunderstorms
549 3490 1208 3538 of comedy and the gossamer ro¬
549 3519 1213 3570 mance of Patricia Collinges acting.
552 3553 1213 3595 Anatol without a dynamic Anato
546 3583 1216 3627 is makeshift entertainment. You can
549 3617 1218 3661 console yourself with the sundry
552 3655 1215 3695 blandishments of the production, and
552 3688 1222 3731 still reluctantly confess that there is
542 3714 1222 3782 a murmur in the heart of Schnitzler's
549 3756 646 3809 play.
1745 195 2262 283 4.9. Anatol
2133 254 2242 298 .
1671 1845 2153 1987 ork Times
1737 2445 1818 2523 AN
1701 2511 1921 2587 FORREST,
1710 2577 1911 2655 Appearing
1748 2645 1876 2707 in the
1701 2702 1937 2780 Revival of
1764 2765 2003 2845 Schnitzlers
1710 2836 2030 2911 Comedy, "Ana¬
1706 2901 2086 2977 tol, at the Lyceum
1804 2962 1984 3036 Theatre.
1793 3021 2031 3094 (De Baron.)
2382 193 2489 281 y
2526 188 2684 278 lus
2855 186 3209 269 box 9/4
