3248 4256
1108 168 1458 272 box 9/4
698 186 919 257 klu-
0 192 572 302 4.9. Anatol
599 222 859 290 .
365 234 485 299 .
937 305 1278 389 ende en 1870
736 377 1461 527 ARGUS de la PRESSE
859 515 1338 605 Voit Tout
742 566 1476 656 LES PLUS ANCIENS BUREAUX D'EXTRAITS DE PRESSE
748 644 1476 716 37. Rue Bergère, PARIS (9e)
838 817 1269 913 Ne DE DEBIT
635 907 1458 1009 Export de NOUVELLES LITTERAIRES
892 994 1458 1078 146, rue Montmartre, 1)
635 1042 820 1123 Adresse
638 1138 832 1230 Data
865 1108 1356 1236 6 FEVRIER 1932
644 1230 871 1323 Signature :
635 1329 895 1422 Exposition :
698 1395 2365 1473 Elle vivra sur le passé délicieux que trène Hupta et Dagmar-Gérard font trois ai¬
1518 1443 2359 1491 mables apparitions fugitives et Mme Yvette
659 1461 1494 1518 Domino a ajouté à celui, si pauvre, qu'elle
1524 1473 2359 1524 Andreyor tient avec une égale autorité les
1524 1515 2362 1557 rôles de la mondaine et de la demi-mon¬
653 1506 1491 1566 possédait de son amour ancien pour Cré
653 1539 2362 1608 mone. Au moment où elle n'espérait plus dane. MM. Louis Raymond et Alfred Penay
476 1410 614 1629 E
656 1575 2365 1650 rien et qu’elle demandait seulement la soutiennent de leur mieux les personnages
1524 1611 2368 1659 d'Anatole et de Max. Car il y a un Max dans
662 1626 2365 1685 paix de son ménage, la voici transfigurée, cette histoire, bien qu'il ne serve guère a
0 1629 557 1700 MARTIN DU GARD
1530 1679 2365 1724 rien. Et j'avoue que ce Max m'a vivement
659 1679 1500 1730 Pas un baiser, pas de ces enlacements in¬
665 1709 2368 1775 terminables qui suppléent si souvent au déçu. Après le premier tableau, j'imaginais
0 1730 635 1823 lier). DOMINO, de Marcel
662 1751 2368 1817 texte dans les pièces d'aujourd'hui, ce sont que Schnitzler se dédoublait dans ce couple,
1536 1775 2365 1820 qu'Anatole et Max seraient son Eusebius
659 1808 2368 1865 trois actes charmants et sain, et jamais loresta, ou bien son Octave et Célio He¬
0 1832 2362 1916 au dessein. Au troisième acte, vides une seconde. Le spectacle est mis las il n'y a point dédoublement, mais re¬
3 1874 2365 1955 Jean semblent heureux. Ils le en scène par Jouvet, qui trouve dans Do- doublement, et la présence d'un confiden
1527 1910 2365 1964 ralentit le rythme de cette fantaisie. Malgré
0 1931 1497 2003 davantage encore, bien sûr, si mino un de ses meilleurs rôles. M. Renoi
1530 1946 2374 1997 ces réserves, la première pièce de Schnitzler
1530 1985 2374 2033 elle date de 1890, ce qui explique peut-être
0 1982 1497 2054 affreux Luckmann n'était in une fois encore, est dans la peau d'un in
0 2012 2365 2087 le verra revenir dustriel, et il est toujours aussi tai-
1533 2048 2368 2096 lisme est une bien intéressante révélation
0 2060 1509 2141 ière fois. Il a voulu se rendre turne. Il vit dans un intérieur délicieux
1539 2087 2362 2132 pour le public français : ceux qui ont goût
1530 2123 2374 2176 le Congrès s'amuse ne devraient point bou¬
0 2108 1509 2173 souvenir qu'il a pu laisser chez
0 2161 1976 2236 êtres, et assuré de les avoir em¬ dant les mains omme d'habitude, dass
2218 2167 2344 2245 R. L.
12 2194 1509 2257 orgueilleux de se croire un des robes ravissantes. Je ne peux leur
0 2227 1515 2305 supérieur à leur amour, il les faire des éloges. J'arrive après tous mes
665 2254 2377 2332 confrères qui m'ont pris tous les adjec¬ COMEDIE-FRANÇAISE Patrie, drame
0 2296 644 2353 pour lui-même
1560 2317 2383 2398 historique en cinq actes et six tableaux
662 2320 1515 2380 tifs que je destinais à ces incomparables
0 2338 641 2395 colie. Si j'avais été M. Passeur
1566 2365 1982 2425 de Victorien Sardou.
0 2362 1512 2437 era tenu à son premier acte où comédiens. Une soirée qu'on ne perd pas!
1563 2386 2383 2458 Patrie est à l'art dramatique ce que les
668 2407 1509 2470 Tous mes compliments encore pour Mar¬
0 2419 644 2482 se de cet amour exceptionnel,
0 2440 2380 2530 est exposée dans sa plénitude cel Achard ; qu'il ne s’écarte pas de cette Huguenots sont à l’art musical. Patrie est un
674 2479 2380 2551 voie. L'avenir aujourd'hui est à Musset, à des chefs-d'œuvre non seulement du drame
0 2515 647 2572 re talent que nous lui connais¬
0 2512 2380 2611 moi, toute la nouveauté des tout ce qui fera écho à l'amour tendre et historique, mais encore du métier drama¬
1533 2551 2383 2593 tique. L'habileté de Sardou était merveil¬
671 2581 2383 2637 chantant, à une fantaisie naturelle qui ne leuse. Et elle est efficace. On se souvient du
0 2605 641 2655 y était incluse. Les deux actes
671 2620 2383 2703 dessèche point le cœur, à la poésie qui sujet de Patrie. L'action se passe dans les
0 2646 641 2700 ont des longueurs, irritent, pa¬
1524 2652 2377 2700 Flandres sous la lourde domination espa¬
1533 2682 2377 2733 gnole personnifiée par le cruel duc d'Albe
0 2670 1027 2739 hors de la vie, n'ajoutent rien au ne corrompt pas.
1533 2721 2383 2766 La conspiration des patriotes flamands
790 2685 1482 2805 MAURICE MARTIN DU GARD.
0 2733 653 2784 Mais j'ai peut-être mal compris
1530 2745 2389 2799 échoue sur la dénonciation de la belle et
1024 2772 1159 2829 5
0 2778 656 2829 d'abord das
1539 2787 2389 2835 furieuse Dona Dolorès qui livre ainsi le
674 2781 2380 2889 LE SCEPTIQUE EBLOUI, par René comte de Rysoor, son époux, au bourreau
0 2820 647 2871 un tricheur, non pas lui, mais
1536 2856 2377 2910 pour être libre d'aimer son amant. Malheu¬
0 2865 644 2916 joué par M. Dalio à la perfec¬
707 2868 1174 2931 Bruyez (au Tremplin.)
707 2898 2383 2967 Ce drame en deux actes constituait la reusement celui-ci conspirait aussi et avec
0 2907 644 2973 l'imagination mobile cherche
1539 2928 2392 2973 le comte de Rysoor. Quand il connaît la per¬
0 2943 1512 3015 des victimes et commence par pièce de résistance dans le premier spec
1536 2961 2386 3021 fidie de sa maîtresse, il la tue et se précipite
674 2976 1512 3033 tacle du Tremplin, « théâtre-critique au ser
677 2994 2323 3066 vice des inconnus et des méconnus ». Mais sur le bâcher pour périr avec les siens.
1554 3015 2377 3078 Eh bien, tout ceci, plein d'horreurs les plu¬
0 3015 644 3087 voudrais de paraître oppose
671 3048 1515 3108 il serait injuste de ne pas signaler im
677 3063 2383 3140 promptu Louffoque, par lequel commença la voyantes, d’exclamations, de malédictions, de
0 3084 647 3140 dramatiques de la même ge¬
0 3102 2383 3170 comme MM. Steve Passeur et soirée : Carlos Larronde, auteur et princi¬ serment, de menaces et d'ordres cruels, on
680 3140 2386 3212 pal interprète de cette fantaisie, y mêla fort l'écoute jusqu'à la fin. Mais, qu'on en soit
0 3167 659 3227 chard, qui ont tous les deux beau¬
677 3179 2042 3239 adroitement les allusions satiriques et les ému, c'est trop demander
1572 3182 2392 3263 La Comédie-Française a fort bien fait les
0 3215 650 3263 alent, mais qu'ils emploient à des
683 3218 1518 3278 professions de foi ; brandissant la marotte
680 3254 2389 3308 du fou, il fit sonner quelques dures vérités choses. Patrie, somptueusement monté, est
0 3254 650 3308 lifférentes. Je commence à être
1548 3281 2383 3341 joué de façon admirable et plausible pa¬
680 3290 1524 3341 aux oreilles des spectateurs. Une panto¬
0 3299 656 3347 les pièces d’où l'on sort l'esprit
1542 3317 2389 3368 MM. Albert Lambert, Croué, Guilhène, Herve
0 3329 1521 3398 tigué d'avoir vu à la scène triom¬ mime, Les clowns verts, termina la séance
1545 3350 2386 3398 et Vidalin. Mlle Vera Korène, nouvelle venue
677 3350 1521 3413 Mme Dussi Bereska avait composé cette
1545 3380 2380 3431 en la Maison, s'est montrée fort digne d'en
0 3389 644 3437 fois encore, sur les passions na
680 3392 1518 3443 suite de tableaux; elle les dans avec une
1539 3416 2389 3470 être. Elle est fort belle et toute animée d'une
0 3425 1515 3482 des malades et des demi-fous. M. troupe augmentée du clown allemand Robst
677 3449 2386 3512 dont la verve gymnique anima savoureuse merveilleuse passion. En vérité, son rôle en
0 3473 656 3536 chard aime la vie, ne voit pas
1536 3485 2392 3536 devenait humain. Mais quoi, de si excellents
677 3500 1186 3554 ment ces scènes stylisées.
0 3515 650 3572 toir, et n'exerce pas de représail¬
710 3503 2389 3581 Le sceptique ébloui s'inspire du verset de artistes ne pouvaient-ils mieux commence¬
680 3563 2389 3616 saint Jean, où André Gide puisa le titre de l'année. Et, pour tant d'enfants, tant de jeu
0 3557 656 3619 héros, il fait la part des choses,
0 3590 2395 3661 server ce qu’il y a de charmant, ses confessions : « Si le grain de froment nes gens qui viennent à Paris, en vacances
0 3619 2398 3706 un peu drôle et d'un peu mélan¬ ne meurt, après qu’on l’a jeté dans la terre, au Nouvel An dans l’espoir d'entendre et de
686 3655 2395 3715 il demeure seul mais s'il meurt, il porte voir au théâtre ce qu’ils apprennent dans les
0 3691 656 3745 sans chacun de nous. Il y
680 3691 2383 3748 beaucoup de fruit. » Ce qui meurt dans livres, quelle déception de lire chaque jour
686 3718 2392 3793 l'âme de l'abbé Coulijard, c'est la foi, ou en matinée et en soirée, Patrie sur l'affiche
0 3730 659 3805 ut ce qu'il fait un fond de santé
677 3763 1946 3823 du moins une certaine forme de la foi ; du Théâtre-Français.
0 3778 653 3835 pathique, et les pires aventurier¬
683 3799 1521 3853 ce qui naît, c'est la sainteté. Ce thème au
1979 3772 2395 3862 Paul CHAUVEAU,
0 3823 656 3874 age dans son répertoire ont tous
686 3838 1530 3889 dacieux est traité avec autant de noblesse
0 3868 662 3916 se de tendre et d'humain et un
683 3874 1527 3922 que de vigueur ; mais une pareille crise
0 3901 1533 3958 e qui n'évoque jamais rien de psychologique est le résultat d’une longue
686 3943 1536 3988 évolution. Dans la discussion qu’après la
0 3949 653 4003 a part sur une anecdote chimé
683 3970 1536 4024 représentation Georges Delamare provoqua
0 3997 656 4048 croyable, mais pas plus incroya¬
689 4009 1533 4057 et conduisit avec brio, d'aucuns reproche¬
689 4045 1533 4092 rent à René Bruyez la lenteur de son expo¬
0 4042 665 4095 dans Marivaux, et cela s'impose,
0 4072 1536 4128 romptitude et la vérité des obser¬sition. Je crois que si le début de chaque
