3484 4256
302 152 677 256 4.9. An
1421 137 1774 231 box 8/5
814 138 992 224 -
1145 167 1227 246 s
776 562 1073 666 la
1608 841 1693 912 rotz¬
1605 891 1750 952 Empha¬
747 885 1510 981 Theater und Literatur.
1609 943 1735 993 idealer
812 957 1495 1046 (Literatur s. auch S. 45 und 46.)
1605 974 1750 1043 ein
1604 1026 1761 1083 wieder
670 1010 844 1101 und
878 1029 1562 1137 Berliner Theater.
1609 1069 1768 1123 konnte
1615 1112 1767 1171 irgend¬
655 1119 1559 1174 „Lessingtheater“: „Anatol“ von Artur Schnitzler.
645 1156 1756 1214 „Friedrich Wilhelmstädtisches Schauspielhaus: „Die versteckt
655 1195 1579 1239 versiegelte Venus“, von Helmuth Gerhard und
1609 1200 1762 1257 an diese
652 1233 1760 1297 E. Schlack. — Nestroy im „Neuen Schauspielhaus. Wagner
1615 1287 1768 1358 für Lite
761 1279 1569 1372 Artur Schnitzler hat im „Lessingtheater,
648 1314 1590 1394 jetzt seinen „Anno gleichzeitig mit dem
663 1390 1747 1448 Wiener Volkstheater" brachte, für einen starken, mitten
1622 1421 1758 1490 Darstell
666 1423 1590 1490 ehrlichen Erfolg quittieren dürfen. Und man weiß,
660 1471 1739 1529 wie sehr ihn das in der Zeichnung eines bestimmten wotny,
1619 1514 1749 1566 niederö=
652 1508 1583 1568 Wiener Lebemannstypus und in der technischen Be¬
655 1551 1742 1619 Herrschung des feinsten und vielsagendsten Dialoges Naturt
655 1590 1742 1667 gleich sichere Werk auch verdient. Das heitere Mit¬ träglich
645 1642 1742 1717 Hehen des Publikums versagte bei keinem der zurecht,
670 1681 1746 1735 fünf, am Sonnabend abend zum ersten Mal im ein alt
670 1722 1736 1786 Zusammenhang dargestelten Stücke, wenngleich währen
670 1771 1729 1830 Anatols Hochzeitsmorgen", eine Art ironischer des
657 1811 1731 1867 Schlußapotheose, noch stärkeren Beifall auslöste, als wußte
645 1855 1725 1908 die vorhergehenden Akte. Ueberdies sprach es für seinen
645 1895 1716 1957 die unerwartete Bühnenwirksamkeit der Dialoge, kam
655 1939 1710 2000 daß der Dichter mühelos siegte, obschon die Darstel¬ die
652 1997 1711 2050 lung ihn besser hätte unterstützen können. Heinz zischt
652 2043 1595 2091 Monnard als Anatol war in allen fünf Ein¬
655 2059 1710 2129 altern, teils zu derb, teils zu karikaturistisch, und gefüh
655 2113 1713 2177 Frau Triesch lag die Rolle der Ilona im „Hoch¬ blam
655 2162 1707 2224 zeitsmorgen nicht recht. Auch hätten die Frauen¬
657 2200 1714 2262 partien der beiden Einleitungsakte „Die Frage an Gru-
655 2246 1710 2300 das Schicksal" und „Weihnachtseinkäufe glücklicher hatte
653 2283 1710 2344 als durch Paula Somory und Lina Lossen besetzt Rein
660 2323 1710 2413 sein können. Farbiger war dann schon Hilda Herte¬ Mod
660 2373 1714 2443 rich als Bianka in der „Episode. Durch seine scha¬
660 2425 1595 2485 ruhige, überlegene Zurückhaltung überraschte ange¬
652 2460 1590 2517 nehm Emanuel Reicher in der Rolle von Ana¬
660 2506 1626 2565 tois Freund Max. Unter den Damen holte sich
655 2561 1595 2612 eigentlich nur Mathilde Sussin im „Abschieds¬
652 2591 1591 2656 diner" einen darstellerischen Separaterfolg durch
651 2638 1597 2696 ihr Temperament, das die Annie echter, wiener¬
666 2691 1598 2762 scher anfaßte als alle übrigen Darsteller ihre Wie¬
660 2731 928 2798 ner Menschen.
765 2750 1595 2838 Ein neuer, dreiaktiger Schrank, für den die
677 2821 1602 2876 Herren Hellmuth Gerhard und E. Schlack als
660 2862 1597 2919 Dichter zeichnen, ist in diesen Tagen im „Friedrich
657 2899 1599 2974 Wilhelmstädtischen Schauspielhaus" recht freundlich
660 2946 1595 3006 aufgenommen worden. Von einem Publikum frei¬
660 2986 1594 3058 lich, das entschieden mehr gutmütig, als kritisch
662 3028 1599 3097 und schließlich auch mit den abgeschmacktesten Ein¬
664 3073 1597 3145 fällen der beiden Autoren einverstanden war. Der
663 3120 1598 3177 Schwank mit dem schönen, indes nur ganz flüchtig
657 3163 1597 3224 und nebensächlich motivierten Titel „Die versiegelte
657 3210 1594 3275 Venus“ ist in völlig verbrauchter Technik gearbeit
657 3250 1601 3304 und von Figuren belebt, die der ältesten Berliner
666 3292 1593 3351 Possenrumpelkammer entstiegen scheinen. Es is
673 3343 1599 3399 selbstverständlich, daß zum Schlusse der Begebnisse
666 3381 1599 3437 der dupierte Onkel dem leichtsinnigen Neffen doch
660 3420 1595 3478 verzeiht, der nur angeblich Jura studierte, in Wahr¬
666 3468 1601 3528 heit aber Bildhauer wurde, weil diese Berufs¬
663 3508 1599 3568 disziplin ihm besser behagte. Es ist auch selbstver¬
670 3557 1602 3612 ständlich, daß verschiedene Pärchen aus ihren Lie¬
663 3594 1601 3656 beschmerzen einer alle befriedigenden Schwank¬
673 3637 1597 3695 lösung zum Ende entgegensteuern. Die drei Akte
657 3674 1602 3739 die Schlack und Gerhard aus solcherlei Inspiration
663 3731 1612 3823 aufbauten, wurden akzeptabel gespielt. Herr Alfred
2232 1206 2932 1278 den und wurde vermieter auren
2101 1247 2934 1323 nach Innen geschlagene Flammen. Einen ge¬
2111 1283 2931 1374 fährlichen Jago gab Wegener, anfangs
2104 1323 2866 1394 servil und galglatt, dann frisch und trotzig.
2181 1365 2921 1434 In den Kammerspielen versuchte Rein¬
2104 1391 2924 1474 hardt, die Darstellung vornehmer französischer
2095 1439 2920 1519 Konversationsstücke auf ein höheres Niveau zu
2098 1479 2927 1554 heben. Er gab zwei Komödien von Capus: den
2095 1526 2920 1594 „Verwundeten Vogel“ und den „Engel.“ Die
2090 1572 2920 1635 erste ist ein zartes, schwermütiges, ein wenig
2083 1606 2917 1671 sentimentales Schauspiel, in dessen Mittelpunkt
2084 1652 2908 1714 ein Bürgermädchen steht, das einen vornehmen,
2083 1682 2908 1749 verheirateten Herrn liebt, der zuletzt von ihr
2086 1713 2914 1787 wieder zu seiner Frau zurückgleitet. Die zweite
2086 1747 2910 1834 ist ein eiliges Lustspiel, das eine Frau schildert,
2083 1797 2908 1865 die ein Engel ist, weil sie zwischen ihrem Mann
2077 1833 2910 1910 und zwei Liebhabern hin- und hertaumelt. Die
2076 1874 2902 1942 Aufführung des „Verwundeten Vogels" war die
2072 1924 2902 1983 sorgfältigste. Für sie setzte sich Reinhardt als
2070 1948 2902 2033 Regisseur, traten die Feldmer, die Eibenschütz
2075 1992 2898 2062 und Winterstein als Hauptdarsteller ein. Wäh¬
2066 2039 2891 2106 rend im „Engel“ nur die Durieux ein letztes gab
2148 2073 2896 2140 Sonst ist wenig erfreuliches zu berichten.
2068 2100 2888 2187 Das Neue Schauspielhaus brachte eine miß¬
2059 2149 2884 2224 lungene Aufführung von Hebbels „Genoveka“
2068 2188 2891 2264 das Berliner Theater eine mittelmäßige von
2059 2222 2888 2298 Fuldas „Talisman." Im Lessingtheater hatte
2062 2261 2887 2338 Schnitzlers „Anatol“ einen überraschenden Pub¬
2062 2301 2880 2383 likumserfolg, der aber der vergröbernden Dar¬
2058 2345 2883 2412 stellung zugeschrieben werden muß. Es war
2050 2384 2883 2457 in diesem vornehmen Theater doppelt uner¬
2057 2421 2879 2496 träglich, mit welchen Mätzchen Herr Monnard
2047 2461 2874 2539 über seinen Gestaltungsmangel hinwegzuräu¬
2047 2506 2873 2572 schen suchte. Da konnten auch die herrlichen
2050 2536 2874 2616 Frauen des Lessingtheaters, Paula Sowary, Lina
2041 2573 2865 2648 lossen, und Irene Friesch, nur wenig retten
2047 2617 2874 2695 Schade um dieses melancholisch-zarte, frühe
2041 2653 2311 2729 Schnitzlerwerk,
2475 2673 2834 2736 Herbert Ihering.
2580 2713 2703 2793 T
