3344 4256
388 204 1046 271 is at the
354 251 1053 318 brillant Vienna writer. Arthur Schnitz¬
336 296 1048 347 ler, had its first New York perform-
354 332 1051 381 ance last night. This undeniably clever
359 368 1046 412 werk, highly seasoned with Continen¬
349 403 1046 448 ta paprika, reached the stage under
354 437 1051 484 conditions best suited to its apprecla¬
354 470 1051 522 tion. It was acted at the little The¬
359 513 1039 553 are before an audience almost entirely
359 547 1055 587 compose of people engaged in the ar¬
363 583 1042 632 tistic professions, dilettante and so¬
359 620 1046 676 phisticated persons whose tastes are
354 656 1039 712 no longer ticked by the usual produc¬
359 699 759 750 tons of the play house.
383 715 1044 773 Before an audience such as this a
359 762 1039 829 work which in form so daringly dire¬
359 807 1046 862 gards the conventions of play writing
363 838 1048 890 and in substance so recklessly runs
359 881 1046 925 counter to the narrower Anglo-saxon
359 919 1046 956 sense of the proprieties could not cause
363 950 1039 992 resentent even if the present toed¬
358 984 1042 1028 down version by Granville Barke
359 1017 1044 1060 actually encountered the risk. So there
359 1048 1053 1102 was every evidence that the play was
363 1082 1048 1125 greatly liked, not less for its oddity of
367 1116 1039 1161 them and form than for its humorous
367 1152 1046 1190 markte and literary cleverness. But
359 1179 1053 1232 the young feminine person who prides
363 1217 1048 1264 herself on her innocence should beware.
367 1248 1049 1299 The Affairs of Anatole are no affairs
367 1286 493 1335 of her
378 1293 1058 1367 There affairs are fine amatory episodes
367 1349 1048 1384 quite disconnected, of course in the
358 1385 1049 1425 philandering escapades of a polite rake
363 1414 1057 1454 the flatters in the unshine and sips the
363 1447 1058 1492 honey from every flower in his path. He
359 1478 1055 1526 tarries not long. Each new flower des
363 1515 1048 1557 out the memories of the old and some
359 1548 1053 1593 of the flowers have thorns! He is a
367 1573 1055 1620 licentius Lothario, but so engaging is
359 1613 1055 1655 hen is to philosophy," as he calls
359 1638 1048 1700 it, that he quite des all sterner
358 1682 757 1730 judgment in his case.
388 1692 1051 1750 To go into the details of Anators
359 1725 1046 1792 wisty changing love episodes with
368 1774 1048 1823 Hilda, with Bianca of the circus, with
367 1815 1055 1864 Mim of the ballet, with Gabriele of
359 1848 1057 1897 more circumspect standards of con¬
354 1878 1051 1927 duct and with Lona was she not of
359 1909 1046 1965 the streets not necessary now.
363 1951 1048 1996 Another opportunity must be found
363 1992 1049 2028 te describe how the gay deceiver,
359 2018 1055 2061 whose passion for the sex bloweth
368 2052 1053 2095 where it listet, is himself deceived
363 2084 1048 2126 by the ones to whom he momentarily
359 2122 1044 2175 bares his fickle heart. But the epi¬
368 2148 1055 2195 sodes with one exception, in which
367 2184 1046 2227 there is a vein of real sentiment, are
368 2220 1048 2260 humorous and sprightly, cleverly con¬
368 2252 1048 2294 trasted and pointedly significant of
367 2283 1048 2343 what to the sophisticated is written
363 2325 706 2368 between the lines.
385 2326 1057 2399 John Barrymores habitual debonnair
367 2381 1051 2429 manner assumed to an extent at least,
365 2422 1039 2464 the needed foreign gloss for the charac
367 2451 1057 2493 ter of Anatol, which Schnitzler develops
367 2484 1060 2525 only along the side of its amator in¬
367 2516 1048 2561 dulgences. His performance was excel¬
367 2552 1051 2592 lent, but the play needs a lighter, more
367 2583 1046 2628 delicate touch than he is able to give it.
372 2621 1051 2661 Oswald Yorke was the friend and con¬
368 2657 1055 2697 fidant to whom, in his disengaged mo¬
368 2679 1048 2726 ments, he unburdened his thoughts, Mr.
367 2715 1055 2762 Yorke acquitted himself most creditably.
378 2751 1048 2789 Misses Marguerite Clark, Gall Kane.
367 2780 1055 2823 Doris Kenne. Katherine Emmet and Isa¬
363 2820 1048 2854 bel Lee were the feminine galaxy that
367 2845 1055 2892 attracta Anatols fitful, affections.
367 2883 1051 2921 Opportunities in the acting were most
367 2915 1048 2964 favorable to Miss Kenne in the supper
376 2951 1048 2984 one and to Miss Emmet before the
368 2988 1046 3027 forist's shop, and each took advantage
367 3016 1051 3058 of them, Pors Miss Les vira
368 3044 1044 3085 was a little to realistic even for a play
367 3078 1051 3137 that does not hesitate to speak in plain
368 3118 544 3159 terms.
383 3139 1049 3188 The settings were carming, and the
363 3174 1057 3221 artiste atmosphere in which Winthrop
367 3215 1057 3257 Ames enveloped the whole production,
367 3246 1057 3289 which surely is for special rather than
367 3275 1051 3325 general audiences, was wholly de¬
367 3302 1048 3347 lightful. He has never done anything
367 3345 1055 3383 better, and Arthur Schnitzler is greatly
376 3376 1057 3419 in his debt, for no other manager
367 3410 1057 3450 would have handled the play sowel-
365 3441 690 3493 or possibly at all.
1568 220 2511 293 4.9. Anatol - Zyklus
2690 222 3033 302 box 9/1
2715 878 2801 959 I
2057 876 2559 974 NEW YORK EVENING
2213 961 2680 1031 JOURNAL, TUESDAY,
2377 1035 2776 1109 OCTOBER 15, 1912
2193 1145 2700 1284 Charms with
1402 1170 2093 1290 Affairs of Anatol
1467 1300 2782 1422 Love Making by John Barrymore
1376 1420 2780 1494 Five slices of a gay young man's ly and stable friend of Anatol, and
1344 1461 2773 1535 life each slice or scene a playle sepays it splendidly. He is the confi¬
2066 1496 2773 1543 dant and adviser of his younger
1340 1524 2791 1575 arate and distinct in itself such, in friend and he has his hands full. This
1338 1555 2773 1613 brief, is the nature of "The Affairs of friendship does not lack for excite¬
1342 1597 2182 1665 Anatol." presented for the first time inen
2097 1599 2782 1665 If there is a flaw in the staging of
2075 1651 2782 1700 the piece it is for technicians to dis¬
1346 1640 2043 1725 this country t Winthor mes's Lit¬
2074 1687 2780 1729 cover, and almost as much may be said
1344 1696 1568 1750 te Theatre.
1362 1720 2780 1783 In the work of adapting Schnitzlers for the acting. As for the little The¬
1342 1750 2780 1821 play for the English stage Granville are that, as already not do is a thing
2075 1786 2615 1844 of beauty and a joy forever.
1347 1804 2052 1857 Barker has shown a master hand. The
1347 1826 2278 1906 runous trail of the ordinary translator The Cast.
1342 1886 2063 1944 is absent the charm of the original is
2106 1878 2447 1951 The cast follow¬
1344 1909 2782 1981 preserved, and the piece as it is mount. Anatol............... Barmore
1344 1969 2789 2025 ed under the direction of George Fos¬ Max. Oswald York
1347 2001 2782 2057 ter Platt is scenically two hours of un Hilda
2070 2036 2785 2099 Bianca
1344 2050 1705 2113 allowed joyousness.
2074 2079 2791 2128 Mimosen
1380 2097 2782 2149 Seldom is it in this busy age that Walter. Alfred De Ball
1344 2135 2782 2178 such an opportunity for all around Gabrielle. Emme
1344 2168 2782 2229 satisfaction is offered to the playgor Lonale
1349 2200 2785 2289 satisfaction in the matter of the play Frant............ Albert Edele
1347 2252 2052 2301 satisfaction in the acting, satisfac¬
1356 2292 2052 2332 tion in the setting, and lastly delight¬
1349 2319 2057 2361 ful comfort and mental and physical
1353 2354 2065 2393 esse in the beauty of the playhouse
1349 2384 2061 2422 itself. All these things existand are
1349 2417 2061 2475 to be enjoyed at Mr. Ames's theatre.
1353 2456 1687 2531 No Heartaches.
1385 2493 2074 2567 John Barrymore is the gay, carefree,
1347 2550 2061 2608 dashing, handsome, kindly Anatol. His
1347 2592 2063 2643 affairs are delightful encounters with
1356 2634 2063 2695 the successive objects of his affection.
1358 2671 2063 2720 With Anatol it is "off with the old
1356 2706 2063 2762 love and on with the new," and with
1353 2751 2066 2800 a vengeance. But there is no heart¬
1353 2792 2065 2841 che tomar the lightness of either his
1342 2834 2065 2895 wa spirits or those of anyone of his
1349 2876 1570 2921 ladies fair.
1384 2874 2063 2942 And these ladies they are indeed
1353 2928 2072 2980 fair. Marguerite Clark is one of
1358 2959 2072 3004 them; Gail Kane, lately seen in "The
1356 2997 2061 3051 Model," is another. Then there is Dor¬
1353 3025 2061 3089 ris Kenne, Catherine Emmet, and Isa¬
1356 3063 1564 3107 belle Lee.
1393 3063 2070 3130 They are a merry lot, these ladies
1358 3121 2070 3165 ladies of the opera, of the circus, of the
1349 3150 2066 3201 shop and of Quality street that
1358 3188 2070 3230 is to say they are all merry ex¬
1358 3213 2066 3266 cepting only the grand lady, who,
1358 3249 2066 3295 strangely enough, is the only one over
1362 3278 2034 3325 whom the wings of sadness brood.
1398 3305 2070 3358 Anatol loves each one in turn, and
1362 3345 2070 3396 each one of the loves Anatol in her
1366 3378 2068 3426 own not very deep and heartfelt way.
1364 3407 2070 3454 A large part of the pleasantness of
1367 3441 2068 3490 the affairs lies in this very lack of
1367 3473 1579 3533 seriousness.
1394 3482 2090 3566 Oswald Forko plays Max, the kind-
