3436 4352
1410 153 1759 251 box 9/4
785 167 1164 283 Zykle
280 175 821 278 4.9. Anatol
905 398 1489 486 HEMSTREET
931 471 1463 553 96 WARREN STREET
976 531 1427 598 NEW YORK CITY
1137 893 1876 1044 Anatol Revived
802 1087 2157 1175 Bela Blau Offers Schnitzler Comedy Hand¬
1005 1161 1970 1261 somely at the Lyceum Theater.
1207 1276 1774 1357 By RICHARD LOCKRIDGE.
857 1326 2174 1417 Arthur Schnitzler's "Anatol," that gentle merger of the
809 1388 2171 1465 irony and sentimentality of old Vienna, was revived at the
814 1446 2171 1517 Lyceum Theater last evening by Bela Blau, Inc., amid a pro¬
804 1503 2171 1572 fusion of handsome sets designed for the occasion by Jo Miel¬
804 1556 2174 1632 ziner. It was revived with Joseph Schildkraut in the title
814 1606 2178 1685 role and with a hushed solemnity which, during four of the
814 1673 2171 1742 six episodes, managed always to suggest that the next scene
819 1721 2176 1807 would be from something with camels, produced by Morris
814 1779 1510 1857 Gest, assisted by a large choir.
838 1838 1491 1913 "Anatol happens, however, to be
1742 1831 1949 1924 ANATOL
807 1884 1486 1970 a play which it is very easy to lose
1546 1889 2150 1977 Granville Barkers version of
1535 1913 2149 1977 Schnitzer comes call
811 1942 1489 2018 under a plus sofa. It has charm
1527 1968 2145 1999 fairs of Anatolin to acts and si¬
1537 1991 2150 2030 scenes, Sotting by Jo Mielziner. Direc¬
804 1987 1494 2071 rather than substance; it comes to us
1537 2021 2149 2054 tion by Gabriel Beer-Hofmann and Wal¬
1980 2044 2159 2085 the Lyceum
1530 2047 1942 2082 ter Connolly. Presented a
807 2047 1494 2106 from a day when the epigram was
1980 2075 2137 2116 The cast:
1530 2075 1942 2126 Theater by Bela Blau, In¬
811 2088 1489 2155 more highly prized than it now is
1527 2104 2145 2145 Max Walter Connol-
1534 2143 2149 2180 Anatole-
804 2130 1496 2190 and grace was at a greater premium;
1539 2166 2147 2197 Hilda
814 2185 1493 2234 when love was a game played pret¬
1537 2183 2150 2219 Emily
1992 2212 2149 2252 Miramos
1527 2219 1942 2260 Bianca
814 2209 1493 2286 tily along the Danube, with just the
1534 2243 2150 2276 Gabriellen
1534 2272 2161 2319 Walter. York
802 2259 1489 2320 right admixture of sighs, and re¬
1537 2291 2150 2343 Mirain
814 2303 1489 2370 signed smile and wistful memories.
1534 2324 2154 2356 Franz gerade
1534 2353 2162 2391 Lonathema Stevens
819 2351 1498 2404 Then, when there was so much time
816 2384 1489 2444 for everything, young men who had
814 2418 2176 2485 the time devoted it to the collecting I have seldom seen an offering free
811 2466 2188 2532 of souvenirs and to the turning of from skimpines nevertheless proves
819 2506 2186 2566 them over with far-away glances and a handicap. Somehow in all this
814 2544 2183 2607 occasional little comments, attuned carefulness and in spite of all this
812 2592 2178 2669 just to the proper pitch of cynicism, effort to give full measure, the play
850 2638 2180 2690 The enactment of such a play, is slowed down and impeded through¬
816 2681 2188 2746 when really found necessary, must out the first long act. It is always
819 2727 1958 2777 attain a light hardessa hard light to light for its setting
1537 2751 2180 2825 The last two scenes have, by con¬
816 2774 1496 2822 ness will do quite as well. It is in¬
819 2806 2188 2872 stantly fatal if any one, from pro¬ trast, a singular sprightliness. For
819 2849 2188 2916 ducer to the least member of the this quality we-and Bela Blau have
819 2891 2188 2956 cast, permits himself to believe that to thank Miss Miriam Hopkins and
811 2946 2190 2988 any emotion is of the least conse¬ Miss Ruthelma Stevens, two of the
819 2976 2186 3038 quence. The game is played on cer¬ half dozen charming young women
816 3016 2188 3076 tain well understood terms each in the cast. Miss Hopkins takes her
816 3059 2181 3110 path of eternal fidelity is worn with scene up and throws it into the air,
816 3102 2180 3167 an abiding sense of the relativity of precisely as though it were a hand¬
819 3143 2180 3215 eternity which is shared by every one ful of confetti-not, on the whole,
816 3181 2183 3270 and needs no Einstein for its expla¬ such a bad description of it. She
1510 3224 2178 3280 turns it into farce and into a per¬
819 3244 965 3296 nation.
850 3263 2183 3327 One of the difficulties with the sonal performance but she turns it
819 3308 2185 3371 present chronicling of Anatols vari¬ into fun, which it hadn't been earlier.
816 3347 2180 3408 ous participations in the Viennese Miss Stevens, using somewhat simi¬
823 3392 2183 3456 game is that Mr. Schildkraut, al¬ lar technic, performs a similar ser¬
823 3433 2188 3490 though to all appearances ideally ice for the final scene, in which she
826 3478 2190 3531 suited for the part, does not ever pursus Mr. Schildkraut and the ad¬
823 3517 2188 3588 quite attain the degree of superfi¬ mirable Walter Connolly who has
819 3560 2188 3626 ciality which the part requires. He not much of importance to do and
819 3602 2188 3689 is too tender an Anatol, too disturbed does it excellently to the top of a
826 3648 1628 3710 an one. He has feelings not the piano.
1542 3670 2188 3742 The others, with fewer opportuni¬
823 3689 1501 3749 pretty little feelings proper to the
826 3715 2195 3796 moment, but real feelings; emotions ties, perform with grace. Yet the
826 3768 2192 3825 by the faintest shade too ingenuous difficulties inherent in the scheme of
1518 3815 2180 3870 the play the half dozen episodes
826 3830 1310 3888 for a character so brittle.
1525 3859 2186 3907 each telling of a different love, are
867 3851 1496 3930 The producers contribution, al¬
1525 3895 2188 3955 so many short plays grouped have
826 3895 1496 3966 though it is in every respect ad¬
823 3942 2186 4003 mirable the sets are beautifully thor not been fully conquered by any one
828 3978 2204 4058 ough in their fidelity to detail, and save Miss Hopkins and Miss Stevens,
2305 886 2729 970 MIRIAM HORKINS
2415 1960 2849 2039 re¬
2192 2021 2873 2102 Acts in "Anatol, Schnitzler play,
2338 2076 2733 2149 at Lyceum Theater.
