3436 4224
1409 155 1758 253 box 8/5
597 186 685 244 na
717 166 1212 281 Zyklus
284 169 682 285 4.9. An
1101 901 1580 978 Manana, Neapolis,
516 938 1580 1040 New-York, Paris, Rom, San Francisco, Stockholm, St. Peters¬
920 1012 1186 1065 burg, Toronto.
866 1052 1237 1110 Quellenangabe ohne Gewähr.)
1246 1074 1530 1171 DERLIN
511 1097 1213 1195 Ausschnitt WARIS.
726 1189 1209 1291 COLLEMBER 1910
531 1254 673 1298 vom
659 1373 1340 1483 Kleines Feuilleton.
907 1465 1103 1559 Theater.
472 1519 1491 1605 Lessing=Theater: „Anatol von Artur Schni
403 1546 1592 1643 gen Boden aus dem Leben eines Wiener
403 1617 1596 1679 auch gar nichts anderes als seine windigen Liebesabenteuer im
403 1655 1596 1714 Kopfe hat! Bei aller eleganten Ironie und Plauderkunst, die diesen
406 1696 1593 1759 Zyklus, eine der frühesten dramatischen Arbeiten Schnitzlers, verziert,
406 1738 1601 1795 fällt einem die Fadheit des Bürchschens, wenn man ihn einen ganzen
406 1771 1599 1836 Abend vor sich hat, bedenklich auf die Nerven. Die Komik fort¬
400 1806 1605 1875 währenden Betrügens und Betrogenwerdens läßt auf die Dauer nach.
409 1857 1602 1913 Man muß daran denken, daß es nur ein Zufall ist, wenn dieser
409 1887 1607 1957 Pflastertreter auf wahlverwandte weibliche Seelen stößt, die mit
415 1924 1605 1993 gleicher Münze zahlen und so eine Art poetischer Gerechtig¬
415 1967 1602 2031 keit an ihm vollziehen. Aus diesem Kreise heraus ge¬
409 2004 1610 2072 ratend, kann er jeden Augenblick zum gewissenlos bru¬
400 2056 1611 2099 talen Vernichter fremden Lebensglückes werden — die Kehr¬
412 2091 1611 2151 seite, die Schnitzler in seiner „Liebelei“ gezeichnet hat.
409 2136 1613 2189 In den Szenen des „Hochzeitsmorgens, die die Aufführung ab¬
412 2161 1613 2225 schlossen, tritt der Kontrast zwischen der angeschminkten Komödien¬
421 2198 1610 2265 farbe und dem peinlich tristen Hintergrund — dem Ausblick auf das
409 2251 1611 2302 Los der schon an ihrem Hochzeitstage betrogenen Frau — ganz un¬
418 2277 1613 2346 verhüllt hervor. Die Stimmung, die im ersten Teil des Abends bis
412 2322 1614 2390 zum „Abschiedssouper, sehr animiert war, flaute im weiteren Ver¬
406 2369 714 2425 lauf merklich ab.
490 2391 1622 2449 Am hübschesten in der Idee, wiewohl nicht gerade am bühnen¬
415 2440 1614 2497 wirksamen, war das erste, auch in der Freien Volksbühne gespielte
1183 2474 1613 2523 Der melancholisch leicht¬
427 2479 1147 2527 Stückchen „Die Frage an das Schicksal“.
412 2512 1613 2566 sinnige Liebhaber, der von sich auf andere schließend, in eifersüchtiger
412 2548 1611 2610 Leidenschaft um die Treue seiner momentanen Flamme bangt, hypnoti¬
413 2589 1613 2657 siert das Fräulein in der Ueberzeugung, daß sie in diesem Zustand
412 2631 1613 2687 die volle Wahrheit sagen werde. Er empfindet aber dann in dem
412 2672 1620 2728 entscheidenden Moment eine solche Furcht, daß er den Zeugen des
418 2711 1620 2773 Experiments fortschickt und das Mädchen mit einem langen Kusse
413 2741 1613 2812 erweckt. Nichtwissen ist das Beste. Ein Thema, das der Dichter in
418 2785 1614 2850 den verwandten Situationen seines „Paracelsius“ wieder auf¬
419 2824 1393 2900 genommen und psychologisch auf glücklichste vertieft hat,
496 2855 1623 2919 Den no haltigsten Eindruck machte das kleine Mittelstückchen
415 2903 1616 2974 im ersten Teite. „Weihnachtseinkäufe". Hier wird die Schilderung
412 2956 558 3014 intimer.
496 2960 1622 3036 Lina Lossens diekrete Kunst brachte den leise abgestuften
412 3021 1620 3081 Uebergang zu lebendig überzeugendem Ausdruck, Mannards auch
424 3057 1625 3117 sonst vortrefflicher, schon etwas angefahrter Anatol erreichte hier in
418 3088 1616 3159 diesen Szenen, in denen sich zu der blasierten Nonchalance ein Zug
413 3135 1625 3199 urwüchsig echter Liebenswürdigkeit gesellt, den Höhepunkt. Herr
415 3179 1231 3266 Reicher spielte den Freund und Räsonneur.
2144 100 3200 172 New-York, Paris, Rom, San Francisco, Stockholm, St. Peters¬
2536 142 2811 199 burg, Toronto.
2492 183 2856 255 ellenangabe ohne Gewähr.
2138 223 2509 311 Ausschnitt aus:
2477 278 3271 398 Norddeutsche Allgemeine Zeitung
2141 327 2978 442 vom
2379 498 2892 584 Theater und Musik.
2132 560 3232 631 B. Der Anatol des Herrn Arthur Schnitzler
2053 605 3226 670 hat die Stammgäste des Lessingtheaters am letzten
2053 655 3221 709 Sonnabend weidlich ergötzt. Die mit dem genannten Wiener
2056 708 3226 759 Poeten näher vertraut sind, wissen, daß sein Anatol der Typus
2053 745 3229 797 eines weichmütigen und wehleidigen, ein wenig vertrottelten und
2050 792 3229 846 ein wenig geistreichen jungen Mannes ist, dem seine Vermögens¬
2053 836 3226 889 verhältnisse das phakische Dasein eines Nichtstuers gestatten,
2053 878 3223 929 und der ein gut Teil seiner Zeit mit den süßen Mädeln“ ver¬
2056 920 3224 981 plempert. Aber er gleicht seinem Ahnen, dem Don Juan, doch
2047 966 3223 1015 nur wenig; denn er erobert und besiegt nicht, sondern er wird
2050 1008 3223 1059 erobert und wird besiegt und sieht sich am Ende immer von der
2056 1047 3217 1109 betreffenden Liebsten hineingelegt. Schnitzler läßt dies Exemplar
2047 1095 3220 1144 eines melancholisch angehauchten Genüßlings durch fünf Ein¬
2053 1136 3226 1192 akter wandeln, die jeweils in sich abgeschlossen, aber dramatisch
2050 1183 3226 1234 nicht sonderlich pointiert und eigentlich nur Plaudereien in
2056 1225 3224 1281 Dialogform sind. Weshalb sie sich vielleicht in der Form des
2056 1267 3229 1323 Buches, als welches sie schon vor etlichen Jahren er¬
2059 1308 3229 1374 schienen, netter lesen, als sie sich auf der Bühne
2056 1355 3224 1406 ansehen. Bei aller Lustigkeit, die der Autor entfaltet, ist um
2053 1394 3223 1451 diese kleinen Affären doch stets ein Hauch des Schmerzlichen
2059 1442 3227 1510 gebreitet. Wie aus dem Wiener Walzer, wenn er so recht
2053 1483 3226 1540 schwebt und schmachtet, etwas Wehmütiges hervorklingt, etwas
2052 1531 3223 1586 von der Stimmung, daß morgen alles aus sein wird. Der
2047 1574 3220 1619 Anatol ist im Grunde ein armer Kerl. Seine Geliebten be¬
2047 1613 3217 1666 trügen ihn, und die Gattin, die er am Ende bekommen soll
2038 1660 3217 1712 wird ihn auch betrügen, so daß sich ihm die Perspektive auf¬
2035 1702 3223 1752 tut auf ein Dasein voll Erinnerungen an der Seite einer
2056 1744 3221 1809 Frau, die er nicht mag . . . . Die in den fünf Einaktern
2053 1786 3226 1854 gezeigten Geschehnisse sind an sich ganz belanglos und nichts
2053 1833 3223 1884 als Episoden: ein billiger Scherz mit einem hypnotisierten
2056 1878 3224 1934 Dämchen; eine sentimentale Begegnung mit einer Frau aus der
2059 1916 3220 1979 Gesellschaft auf beschneiter Straße; ein intimes Abendessen,
2056 1973 3226 2022 wobei Anatol einer kleinen Tänzerin den Abschied geben will,
2053 2002 3223 2065 aber selbst den Laufpaß erhält; ein entdeckter Betrug, während
2068 2052 3229 2108 sich Anatol besonders geliebt wähnte; eine Frechheit am Morgen
2065 2090 3226 2151 seines Hochzeitstages. Aber aus allen glimmt ein Lichtlein,
2053 2139 3226 2198 das diese Dingerchen mehr oder minder liebenswürdig
2059 2180 3227 2239 erscheinen läßt: ein bißchen Beseelung, ein Schuß Senti¬
2059 2224 3227 2280 mentalität, ein Tröpfchen Resignation, ein Klang von Welt¬
2062 2268 2954 2334 erfahrung, eine Nuance der Menschenverachtung.
2147 2292 3226 2378 Die Darstellung der Lessing=Theater=Bühne machte die
2065 2349 3226 2409 fünf Stückchen recht annehmbar und hob sie aus ihrem Buch¬
2059 2400 3229 2449 dasein heraus zu einem frischen Leben. Sonderlich nett und
2068 2443 3229 2503 fein war der Anatol des Abends: Herr Heinz Monnard.
2068 2485 3236 2545 Er trug eigentlich das Ganze von Beginn an, wo sein Haupt
2055 2533 3235 2588 noch dunkel umwallt war, bis ans Ende, das ihn mit blankester
2065 2571 3233 2630 Kahlköpfigkeit schon einigermaßen senil und gebrochen zeigte.
2056 2616 3229 2675 Und er fand in Ton und Haltung gar glaubhaft das Ver¬
2062 2655 3230 2713 träumte und Vertränke, das etwas Dümmlingshafte und
2065 2704 3230 2758 doch auch leichthin Poetische, das Sympathische und Elegante,
2062 2744 3226 2794 das Melancholische und Schicksalsergebene, wie es diesem Lebe¬
2075 2787 3223 2853 jüngling aus der schönen Donaustadt eigen sein soll. Dazu
2065 2833 3238 2888 ward der Wiener Dialekt in nicht zu aufdringlicher
2112 2874 3236 2936 ärbung festgehalten, so daß in Summa eine köstliche
2065 2922 3233 2974 Gestalt hingesetzt ward, die besonders dartat, wie
2075 2962 3235 3027 gut Herrn Monnard das Gewand des Bonvivant sitzt, und wie
2068 3002 3229 3061 artig und fesch und wohlig er sich darin zu bewegen weiß.
2073 3048 3232 3103 Für die Herzensdamen des wackeren Anatol ließ Herr Dr.
2068 3091 3232 3152 Brahm eine anmutige Galerie aufmarschieren. Und sie alle
2068 3134 3229 3186 erledigten ihre Rollen scharmant: Fräulein Somary als über¬
2081 3176 3233 3238 schwenglich verliebte Cora, Fräulein Lossen als Dame der
2075 3217 3232 3272 Gesellschaft, die nicht den „Mut" zur Liebe hat wie die „süßen
2068 3266 3221 3316 Mädel", Fräulein Sussin als höchst echte, ihre Austern und
2075 3306 3235 3371 Filets mit reizender Gefräßigkeit vertilgende, dann beschwipste
2068 3363 3238 3405 und bezechte und schließlich freche und draufgängerische Annie
2075 3395 3229 3447 in dem schon anderswo oft gespielten „Abschiedssouper",
2075 3437 3232 3494 Fräulein Herterich als rassige Kunstreiterin Bianca und
2075 3482 3235 3543 Frau Triesch als letztes Abenteuer des edlen Anatol,
2075 3520 3232 3586 ehe er Hochzeit machen will, als temperamentvolle,
2075 3568 3232 3626 eifersüchtige, keifende, schreiende und tobende Ilona.
2075 3610 3229 3675 Herr Reicher endlich spielte den ironisierenden und spottenden
2072 3662 3236 3716 und wie eine Art Chorus neben Anatol einherschreitenden
2084 3698 3238 3767 Freund Max recht brav und weise, aber doch ein wenig zu
2081 3740 3233 3804 spießig und hausbacken und nicht flott und lebemännisch genug.
2078 3799 3242 3844 Hier müßte wohl eine jüngere und geschmeidigere Kraft ver¬
2072 3825 3241 3882 wendet werden. Der dekorative Rahmen war von der nötigen
2090 3871 3265 3938 Eleganz; ein verschneites Stückchen Wiener Straße atmete
2090 3927 3257 3989 Stimmung. Die Zuschauer amüsierten sich und gaben dies
2088 3973 3268 4059 am lautesten zu erkennen, wenn die Situation besonders keck
2090 4021 2428 4086 und frivol wurde.
