3344 4256
2060 67 2397 166 gen an die
2434 74 3276 175 a eu une
2060 150 3267 205 (ebensowenig wie Anatol ganz Jung=Wien vorstellt), aber, so
2054 190 3267 254 wie es ist, konnte es nur in Oesterreich entstehen, hat echt öster¬
408 166 1355 273 4.9. Anatol - Zyklus
1529 169 1879 276 box 9/5
2050 239 3276 294 reichischen Stil. Dies halb südliche Temperament eines begabten
2057 288 3273 346 Volkes, mit einer großen Empfänglichkeit für alle Lebensreize,
2057 343 3273 402 mit einer hübschen Neigung sich und andern gern etwas vor¬
2054 380 3283 435 zuspielen, dazu die Wiener Großstadtironie — dies alles nahm
2060 435 3276 500 der Dichter zusammen und schuß daraus die Figur des Anatol
2063 475 3286 536 Alles in allem: man kann sehr viel, aber will man eigentlich
2057 527 3280 579 etwas? Neuerdings und besonders infolge der letzten Ereigniß¬
2063 564 3280 631 trifft man nun auch in Oesterreich wieder Leute, die viel wollen.
2066 616 3289 677 Man sieht und hört sie in den Kaffeehäusern, sie diskutieren in
2060 662 3286 720 den Gemeinderäten und in den Zeitungen; sie haben oft preußische
2063 714 3280 772 Ideale, auch wenn sie auf die Preußen jetzt und früher schimpften.
2060 763 3270 824 Ste lernen sogar etwas, was bisher dem deutschen Oesterreicher
2060 809 3001 877 tum so ziemlich gänzlich versagt war: Sachlichkeit.
2167 901 3283 996 Merkwürdig, wie wenig Leute man bisher in Oesterreich
2057 972 3267 1042 traf, die sachlich sein konnten. Diese Eigenschaft „Sachlichkeit
2054 1033 3280 1094 liegt nicht im Programm der Rasse. Sprach man einmal mit
2060 1082 3276 1146 einem Oesterreicher über seine politischen Angelegenheiten, so kam
2047 1122 3273 1198 eine solche Fülle von Voreingenommenheiten, subjektiven Meinungen,
2057 1180 3270 1238 Haß ohne Prüfung, Leidenschaft ohne Begründung heraus, daß
2060 1226 3270 1281 der Ausländer und insbesondere der Reichsdeutsche wie vor einem
2054 1278 3280 1333 unentwirrbaren Knäuel stand. „Hoffnungslos — Kein Mensch
2063 1324 3273 1376 kann da durchfinden —!" Das war gewöhnlich die Antwort, die
2054 1367 3280 1425 einem in den letzten zwanzig Jahren jeder Reichsdeutsche gab, dem
2060 1416 3273 1477 man von innerer österreichischer Politik sprach. Das lag weniger
2050 1471 3276 1536 am Stoff als an der Art, wie die Oesterreicher ihn darstellten.
1208 1447 1349 1548 aus.
2054 1505 3276 1569 Und man gewann die Ueberzeugung jenseits der schwarz=gelben
1444 1496 1968 1634 Sie
1137 1529 1404 1624 26915
2063 1560 3280 1621 Grenzen, daß die inneren Angelegenheiten dieser Monarchie einen
950 1545 1106 1628 vom
2060 1603 3283 1661 Rattenkönig von Fragen darstellten Dieser völlige Mangel an
2060 1655 3283 1716 Sachlichkeit mag vielleicht alte Erbschaft aus süddeutschem und
2063 1701 3273 1756 keltischem Blute sein; er ist sicher auch eine Folge der nun jahr¬
990 1713 1894 1818 Anatols Wandlungen.
2054 1741 3280 1811 zehntelangen Sticheleien und Ränke der Völker untereinander, des
2054 1802 3280 1860 unablässigen Federkrieges, der endlosen Streitigkeiten, der steten
1171 1784 1704 1891 Eine Wiener Studie.
2060 1842 3273 1909 Vergiftung einer ewig neu aufgepeitschten öffentlichen Meinung.
938 1845 2035 1934 Eine fein psychologische Skizze bringt die „Köln. Z." aus
2072 1891 3273 1949 In bezug auf Sachlichkeit hat der Oesterreicher von dem
815 1913 3273 2005 der Feder eines Wiener Mitarbeiters, der den Versuch macht, kühlern Norddeutschen alles zu lernen. Sachlichkeit ist nicht nur
821 1971 3273 2057 die inneren Wandlungen Anatols unter den Einwirkungen des eine, es is „die deutsche Eigenschaft. Weil er allein von allen
815 2020 3270 2093 Krieges zu schildern, jenes Anat, den wir von Schnitzlers Völkern Europas imstande ist, sachlich zu denken, darum hat der
818 2066 3267 2136 Dialogen als den Typus des Wiener Lebenskünstlers, des der Deutsche bisher den Weltkrieg gewonnen und wird ihn weiter
815 2118 2032 2167 wähnten Lieblings der Frauen kennen, dessen weiche, spielend
2063 2127 3270 2191 gewinnen. Eine Sache sich genau ansehen, sie nach allen Seiten
821 2158 2029 2222 und dabei nachdenkliche Auffassung des Lebens nun plötzlich sich
2060 2182 3267 2241 erforschen, sie nach ihren guten und üblichen Wirkungen be¬
824 2213 3276 2280 mit den gewaltigen Ereignissen einer Sturmzeit auseinandersetzen trachten, dabei von jeder Beziehung zur eigenen Person und deren
821 2259 2029 2314 mußte. Als Reserveoffizier ist Anatol sofort dem Ruf zur Fahn
2057 2274 3273 2336 Vorteil absehen — das ist weder englisch noch französisch noch
831 2305 2026 2366 gefolgt. Wie wird sich sein Charakter jetzt wandeln? Ein
2063 2320 3273 2372 slawisch, das können nur Deutsche, und darin liegt eine der
824 2357 1744 2415 interessante Lösung stellt die folgende Studie dar:
2063 2372 3264 2431 tiefsten Wurzeln deutscher Macht. Und nachdem dieser Denkprozeß
932 2406 3267 2470 Anatol wußte in den Tagen des Friedens wohl selbst nicht, beendet ist, sich die Mittel zu einer Aufgabe zurechtlegen, sie dann
806 2461 3270 2522 wie sehr er seine eigene Wichtigkeit überschätzte. Wie konnte er mit hartem Willen durchführen —, mit dieser Methode werden
812 2507 3267 2565 das auch: In den kleinen, im Grunde sehr engen Kreisen der die Staatsmänner beider Nationen künftig ihre Aufgaben lösen,
815 2550 3264 2621 Hauptstadt, wo er verkehrte, war er tonangebend, spielte er und ihre Völker werden auch mit ein bißchen weniger Kirch¬
812 2599 3270 2670 die erste Rolle. Und er hatte seine Bewunderer, nicht bloß turmsinteresse und mit weniger Subjektivität leben müssen.
815 2645 3267 2709 in den Kreisen der Frauen. Die Komtesse, die Salondame wie Anatol, wenn er politisch wird, wird ein neues Leben anfangen
812 2688 3267 2795 Gabriele, die Frau Hofrätin und ihre Töchter, die Mizzi von massen; an Spielraum wird es ihm in dem neuen Oesterreich
812 2743 2274 2801 Hernals — daß die ihn gern hatten und warum sie ihn gern nicht fehlen.
815 2792 2038 2847 hatten, das wußte er schon. Und er hatte sie ja auch gern, jede in
2164 2758 3264 2854 Eigentlich irrt man, wenn man ein neues Leben anfängt;
812 2838 3270 2903 ihrer Weise. Das heißt — die Sache bei Licht betrachtet, hatte man fängt immer nur das alte an. Am Ende hat Anatol gar
812 2893 2023 2955 er jemals eine von ihnen wirklich geliebt? Es war ihm doch
2047 2893 3261 2958 keine Lust, sich zu wandeln? Das alte Leben war so hübsch und
812 2933 3264 3001 immer nur um die Wirkung zu tun gewesen, daß es so aussähe, die Luft im Vaterlande so weich, und Mizzi und Christine werden
812 2985 2026 3044 als ob er sie heftig liebe; dabei ging er innerlich nie von dem
2054 2991 3252 3044 ihm vielleicht Treue bewahrt haben oder etwas, was man un
815 3034 3270 3093 Grundsatz seiner ängstlichen Furcht ab, daß nur ja keine Fessel gefähr so nennen kann. Und wenn nicht — nun, dann richtet
809 3080 3264 3145 aus der Geschichte werde und überhaupt, daß kein „Echaufferent" man sich eben anders ein; man findet auch eine andere Mizzi
806 3126 3258 3188 dabei herauskomme. „Wirkung war eben alles im Leben. Das und eine andere Christine. Aber werden all diese schönen Dinge
812 3172 3255 3240 bewunderten ja auch seine Freunde an ihm, und darum schätzten nach diesem Kriege und wenn erst der Frieden wieder da ist, noch
812 3221 2020 3280 sie den Lebenskünstler in ihm, daß er so viele Rollen in der Lieb¬
2044 3224 3261 3286 ebenso hoch gewertet werden? Die ästhetischen Spielereien, der
815 3270 2020 3329 spielen konnte und bei jeder mit ganzer Seele dabei zu sei¬
2047 3280 3255 3341 Schauspielerkultus, die Sucht, sich um eine Rolle von Baumeister
815 3319 3258 3387 schien, während er doch nie etwas von sich hergab. Sobald er oder Sonnenthal ein halbes Jahr zu streiten? Am Ende hat
812 3368 3261 3424 über eine Geliebte reflektierte, war sie eben auch schon halb für man den Appetit daran etwas verloren. Es ist so schwer, das zu
815 3414 3258 3467 ihn erledigt, und dann mußte etwas Neues kommen, um ihm, dem sagen. Anatol könnte, wenn er der alte bleibt, seine unzweifel¬
809 3457 2020 3522 leichtsinnigen Melancholiker, wieder genügend Beschäftigung zu
2047 3460 3255 3531 haften Gaben auch praktisch ausnutzen. Man wird vielleicht nach
806 3506 2014 3565 geben. Das war das Leben seiner Jugend, das so viel Reiz und
2038 3516 3252 3577 diesem Frieden eine bestimmte Sorte von Diplomaten nötiger
806 3562 3255 3614 Abwechslung und, nach seiner Meinung, auch einen tiefern Sinn haben als früher, um dies verhetzte und verbitterte Europa zunächst
806 3601 3255 3672 hatte. Und dies Leben wurde besonders von denen bewundert wieder ein bißchen in Ordnung zu bringen. Die Völker geschickt
806 3647 3255 3718 die nicht viel Retz und gar nicht viel Abwechslung in zu umschmeicheln, um ihnen gewisse harte Bissen mundgerecht zu
797 3693 3252 3770 ihrem Dasein gehabt hatten, sondern die es in ernster machen, das wird zunächst einmal nötig sein, und das war zu
806 3745 3249 3822 Arbeit hatten hinbringen müssen. Denn das ist nun einmal manchen Zeiten eine gute österreichische Spezialität. Hierin ist der
812 3794 3246 3856 so auf der Bühne des Lebens wie auf der von Holz und Oesterreicher dem Norddeutschen überlegen. Das wäre eine Auf¬
800 3847 2011 3905 Leinwand, daß der Ernste und Tüchtige gewöhnlich niemand
2038 3856 3249 3917 gabe für Anatol; er wird das geschickt machen, ebenso geschickt,
812 3889 3264 3942 sehr bewundert als den lächelnden Nichtstuer, den eleganten wie er mit den Frauen umzugehen wußte. Und wie gesagt, die
806 3935 3261 4030 Genießer, eben weil der so ganz anders ist, als er selbst. Die Norddeutschen ihrerseits sind sehr ungeschickt darin, Völkern mit
