3436 4256
1409 217 1769 318 box 8/5
302 226 1273 315 4.9. Anatol - Zyklus
1427 395 1633 484 ters¬
932 478 1294 557 ende den der
566 529 1522 696 unter Local Anzeige
571 599 767 683 12
577 661 713 713 von
1674 722 2532 807 spielen. Die verschiedenen Freundinnen Ana¬
1675 793 2535 847 tols waren ihres Helden würdig. Vor
883 741 1522 881 Theater und Musik.
1670 827 2529 886 allem Irene Tresch, die durch Tempe¬
1670 874 2535 929 rament und Liebe dem Bedrängten den
803 858 1630 936 J. K. Das Lessing=Theater brachte gestern
1667 896 2530 960 Gang zur Hochzeit außerordentlich belustigen er¬
741 915 1622 967 (Sonnabend zum erstenmal Arthur Schnitzlers
1670 939 2535 1000 schwerte, und Mathilde Sussin, deren Annie im
748 957 1340 1019 bekannten „Anatol-
1442 961 1590 1016 a
1659 986 2533 1041 Abschiessuper die Begabung der Darstellerin
750 998 1622 1047 führung jene vor etwa 17 Jahren, zu Beginn
1664 1023 2532 1074 einer neuen Seite zeigte. Sehr fein spielte
742 1035 1630 1079 der schriftstellerischen Laufbahn des Dichters er¬
1662 1057 2529 1116 Lina Lossen die junge Frau, die nicht den Mut
741 1081 1627 1130 schienenen dramatischen Stigzen, in denen er mit
1664 1103 2530 1156 zum Glück findet: Hilde Herterich und Paula
744 1118 1622 1167 Geist und Grazie Liebesfreud und leid des
1659 1140 2530 1190 Somary fanden sich mit ihren weniger dankbaren
747 1158 1622 1207 „leichtsinnigen Melancholiers Anatol schildert.
1665 1173 2523 1238 Aufgaben in bester Laune ab. Lessings Inszenie¬
744 1201 1622 1245 Dem Publikum bereiteten die mehr oder minder
1664 1213 2520 1270 rung hatte in jeder der Szenen für einen stim¬
729 1216 1619 1300 rolligen Abenteuer des tragikomischen Helden
1667 1258 2530 1309 mungsvollen Rahmen gesorgt, und es ist anzu¬
741 1276 1622 1321 der Dekadenz lebhaftes Vergnügen, die reizvollen
1653 1297 2524 1344 nehmen, daß der alte Anatol die Mühe, die man
744 1315 1619 1365 Pointen des Dialogs fanden vollstes Verständ¬
1652 1343 2529 1397 an seine dramatische Verjüngung gewendet,
753 1356 1612 1400 nis; es war ein ungetrübt heiterer Abend, der
1667 1363 1888 1431 lohnen wird.
750 1390 1622 1436 schon deswegen kein Mißton störte, weil Mon¬
753 1431 1625 1476 sieur Anatol ja ein guter, alter Bekannter war,
750 1468 1622 1514 den man nicht mit kritischen Augen zu betrachten
750 1507 1622 1556 brauchte. Den verhaftesten Beifall fand die be¬
741 1542 1619 1588 kannteste der Szenen, das vielgegebene Ab¬
756 1584 1619 1634 schiedsouper, sehr belustigend wirkte
741 1624 1616 1671 Anatols Hochzeitsmorgen", der so
744 1659 1619 1708 drastisch den Schwerenter in schwerer Not
741 1699 1631 1755 darob zeigt, wie er einer eben wiedergefundenen
741 1742 1622 1782 rabiaten Freunden entkommen soll, um seinen
750 1780 1618 1831 hochzeitlichen Verpflichtungen nachzugehen, und
747 1819 1625 1862 einen recht anheimelnden Eindruck machte die in
744 1854 1619 1922 feinerem Ton gehalt ne Skizze: „Weihnachts¬
2214 1857 2322 1953 R
750 1900 1622 1943 einkaufe, die an Anatols vergebenes
1983 1878 2157 1979 „OBSE
744 1930 1630 1982 Liebeswerben um die Gunst einer schönen Frau
1945 1940 2390 2027 16ter nördl.
747 1974 1618 2024 erinnert, die nicht „den Mut hat, so glücklich
739 2016 1628 2063 mit ihm zu sein, wie sein süßes Mädel aus der
1998 1996 2331 2092 konzertes
747 2053 1619 2098 Vorstadt, Ziemlich matt wirkte die „Episode",
2094 2057 2270 2129 Bureau
741 2094 1634 2143 deren inhaltlicher Reiz für die Bühne gar zu
1977 2094 2370 2202 für Leitungenachrichten
750 2129 1633 2187 kärglich ist, und die „Frage an das
741 2166 1619 2217 Schicksal nahm man als niedliche Ein¬
2107 2165 2280 2231 Wien, 1.
741 2200 1627 2243 leitung zu den weiteren Heldentaten Ana¬
2011 2208 2366 2291 Konkordiaplatz 4
738 2243 1625 2289 tols, der so ängstlich davor zurückscheut, sich
742 2285 1622 2336 von der hypnotisierten Geliebten die Frage
738 2322 1619 2375 nach ihrer Treue beantworten zu lassen, in
744 2363 1619 2409 freundlich abwartender Laune hin. Heinz Mon¬
741 2401 1616 2449 nard gab den Anatol mit trefflicher Charakteristik
741 2440 1616 2486 und einer Fülle natürlichen, liebenswürdigen
741 2478 1616 2521 Humors, der auch die bedenklichsten Seiten des
750 2515 1613 2564 schwächlichen Weiberhelden versöhnlich über¬
747 2549 1618 2598 strahlte. Das war kein schablonisierter Witzblatt¬
744 2595 1616 2637 trottel, keine kecke Schwankfigur, sondern ein
741 2632 1613 2679 Mensch, der überraschend echte Typ all der Ano¬
744 2666 1616 2716 tols, die Schnitzler hier getreu nach dem Leben
745 2706 1613 2762 geschildert hat. Reicher als Freund Max sekun¬
741 2746 1613 2792 dierte mit der ihm eigenen Bonhomie und abge¬
2112 2733 2399 2842 10
741 2779 1641 2861 klärte Ruhe, wenn es gilt, den Ueberlegenen zu
2245 2784 2999 2947 Frankfurter Zeitung
1899 3179 2965 3241 In Berlin, 3 Dez., 1048 N. Fünf der kleinen Anatol-Einakter
2146 3230 2962 3287 erlebten im Lessingtheater einen fröhlichen
1854 3230 2106 3298 von
1934 3270 2968 3320 erst fand sich von Herrn Monnard etwas grob oder
1840 3302 3026 3354 doch allzudentlich verkörpeet: ein Provinz=Anatol. Aber schon „Freund —
1893 3357 3014 3422 Mon gewann in des über Nacht ganz ungen erreger
1887 3389 3008 3459 einen denkbar liebenswürdigen Repräsentanten, und nun huschte die
1905 3428 3002 3496 holde Weiblichkeit, von den Damen Somary, Lossen, Suisin. Herberich
1899 3465 3017 3539 dargestellt, recht anmutig vorüber. Schließlich erschien Frl. Triesch als
1905 3509 3002 3613 uns un documenen und mit der ziehen das leiche Ent¬
1896 3559 2617 3653 lebendige, les besette Wirklichkeit zu verden.
