3484 4352
392 1133 546 1243 -
491 1264 584 1435 -
636 64 871 177 Mittwoch
2333 44 2899 171 Bauer von Hrn.
1380 102 1775 206 Der Skandal.
2173 122 3053 227 Kaiserhuldigungsfeier für „König Ottokars Glück
2263 200 2972 270 und Ende". Hauptprobe mit Orchester.
1391 276 1740 383 Anfang ½8 Uhr:
2539 296 2702 395 Anatol.
2068 264 2150 386 10
613 279 1066 439 Donnerstag 1./12.
1118 349 2016 442 Das kleine Schokoladenmädchen.
2333 372 2899 479 Glaube und Heimat (Foyer).
1397 508 1746 625 Anfang ½8 Uhr:
912 552 1075 659 2.12.
665 561 851 668 Freitag
2068 546 2173 662 11
2402 543 2824 668 Hauptprobe „Anatol.
1249 596 1877 712 Die törichte Jungfrau.
1371 761 1760 840 Nachmittags 2 Uhr:
2068 767 2156 880 10
2246 758 2972 880 Wenn wir Toten erwachen (Foyer).
1249 799 1888 901 III. Klassiker=Vorstellung für Schüler.
2327 869 2905 973 Glaube und Heimat (Bühne.
2068 871 2153 959 10
1118 857 2016 970 König Ottokars Glück und Ende.
906 912 1072 1014 3.12.
625 895 863 1020 Samstag
1423 947 1717 1052 Anfang 3 Uhr:
1435 1040 1717 1116 Zum 1. Mai.
1455 1086 1685 1171 Anatol.
1240 1110 1891 1238 Einakter=Zyklus von Artur Schnitzler.
1348 1235 1784 1322 Nachmittags 1 Uhr:
1278 1269 1848 1383 Abendpreise ohne Vormerkgebühr.
1380 1351 1769 1452 Uriel Acosta.
924 1383 1078 1505 4.12.
636 1386 866 1519 Sonntag
1394 1482 1749 1589 Anfang ½8 Uhr:
1452 1569 1688 1673 Anatol.
1397 1717 1752 1807 Anfang ½8 Uhr:
1415 1789 1734 1871 Ermäßigte Preise
2246 1766 2983 1891 Wenn wir Toten erwachen (Bühne.
630 1758 851 1874 Montag
2068 1769 2153 1897 10
906 1760 1072 1882 5.12.
1304 1816 1824 1952 Der Verschwender.
1511 2004 2167 2118 Vorzubereiten:
2370 2068 2545 2211 en
956 2118 1479 2211 Wiederholungen
1868 2202 2998 2327 Glaube und Heimat. Die Tragödie eines Volkes.
2010 2286 2661 2353 Von Karl Schönherr. (17. Dezember.)
1862 2318 2995 2405 Der unbekannte Tänzer. (Le danseur inconnu.
2019 2397 3004 2466 Lustspiel in 3 Akten von Tristan Bernard. Deutsch von
642 2368 1766 2481 Wenn wir Toten erwachen. Der Talisman (von
2016 2431 2484 2498 Erich Motz. (23. Dezember.
645 2455 1763 2553 Nestroy.) Die Cameliendame. Onkel Toni. Der Bauer
1868 2472 3004 2574 Das Wunder des Beatus. Drama in 4 Akten von
2013 2542 2577 2620 Hans Müller. (5. Jänner 1911.)
651 2533 1760 2609 als Millionär, Romeo und Julia. Der Meineidbauer.
1868 2545 3001 2658 Der heilige Hain. (Le bois sacré). Lustspiel in 3 Akten
651 2603 1769 2681 Die Räuber. Der grüne Kakadu. Komtesse Mizzi.
2010 2646 2995 2725 von Robert de Flers und G. A. de Caillavet. (22. Jänner.
648 2673 967 2763 Auferstehung.
1017 2670 1760 2777 Die verstirten Frauenzimmer.
1871 2670 3001 2789 Die Kampe. Schauspiel in 4 Akten von Henri de Rothschild.
642 2737 935 2847 Der Teufel.
1868 2771 3004 2856 Der gute König Dagobert. Verlustspiel in 3 Akten
2007 2829 2798 2911 von André Rivoire, deutsch von Felix Salten.
715 3169 1554 3262 Adresse des Herrn Theater=Arztes:
825 3242 2405 3332 Dr. Ludwig Boer, I., Nibelungengasse 11. Telephon Nr. 8583.
1339 3312 2150 3373 Ordinationsstunde von 2—5 Uhr nachmittags.
776 3413 2635 3474 Bei Krankheitsfällen sind die Rollen der Repertoirestücke der Absage beizulegen.
787 3460 2896 3530 Jedes Mitglied ist verpflichtet, bei Antritt des Engagements eine „Haus= und Disziplinar-Ordnung" im Bureau zu beheben.
787 3495 3059 3576 Jedes Mitglied hat dafür zu sorgen, daß es bis 8 Uhr abends unbedingt zu finden sei. Ohne Erlaubnis des Direktors darf kein
604 3535 1104 3631 Mitglied die Stadt verlassen
793 3564 3056 3646 Jedes Mitglied ist verpflichtet, eine Stunde vor Beginn der Vorstellung, in der es beschäftigt ist, in der Garderobe
604 3605 2940 3718 einzutreffen. Das Garderobepersonal hat im Bureau sofort Anzeige zu erstatten, falls um diese Stunde noch ein Mitglied fehlt.
776 3678 2257 3739 Klagen und Beschwerden dürfen bei der Direktion nur schriftlich eingebracht werden
781 3678 3062 3776 Jedes Mitglied ist verpflichtet, die Spiel= und Probenpläne im Bureau zu beheben. — Abgeänderte Spiel= und Probenpläne werden den
610 3733 985 3811 Mitgliedern zugestellt.
776 3759 2278 3843 Einsprüche gegen diesen Spielplan können nur binnen 24 Stunden berücksichtigt werden
776 3785 3056 3904 Etwaige Aenderungen im Spielplan werden am Vorabend bis spätestens 8 Uhr an der Probetafel bekanntgemacht, wo die Mitglieder
601 3852 1551 3948 gefälligst von solchen Nachrichten Notiz nehmen wollen.
2609 3872 2998 4006 Die Direktion.
767 3907 1476 4015 Wien, 27. November 1910.
1534 3977 2103 4113 K. k. Hoftheater Druckerei A. Berggas
