3248 4320
4 228 912 369 19. Anatol - Zyklus
446 735 782 809 Fonce en 1679
245 809 972 952 ARGUS de la PRESSE
375 943 841 1041 Voit tout
252 1005 973 1090 LES PLUS ANCILES BUREAUX DE TRAITS DE PARIS
257 1068 976 1150 37. Rue Bergère, PARIS (9e)
676 1188 899 1324 2
350 1255 629 1340 N DE DEBIT.
598 1301 1082 1406 ANURGE
151 1383 366 1459 Extrait de :
642 1386 1034 1483 48, Rue de Rivoli
153 1485 332 1568 Adresse:
602 1466 1118 1592 20 ANVIER 1932
155 1577 271 1674 Oate
153 1672 398 1759 Signature :
134 1878 386 1989 TANTALE
192 1979 1206 2061 Mme Yvette Andreyor a accompli le joli tour de
154 2058 1203 2125 force d'apprendre et de mettre au point en un
145 2111 1208 2174 semaine un rôle assez long d' « Anatole », d'Ar¬
142 2164 1203 2241 thur Schnitzler, que vient de présenter le Théâtre
142 2220 1203 2280 de l'Avenue. Ce n'est du reste pas la première fois
147 2271 1203 2336 que la charmante comédienne fait apprécier une
147 2330 1143 2387 virtuosité qui est la providence des directeurs.
190 2385 1200 2444 Dans une scène, Mme Yvette Andreyor est appe¬
145 2423 700 2504 lée à déguster des huitres.
198 2476 1198 2585 Comme elle en est très gourmande, elle susurre
126 2614 1190 2716 tout en passant sur ses lèvres une fine langue de
130 2659 293 2728 chatte:
243 2712 714 2790 J'adore les huitres !...
167 2733 1179 2869 D'entendre l'accent convaincu avec leque Mme
122 2830 1174 2919 Yvette Andreyor prononce cette phrase d'une ex¬
126 2870 1175 2972 trême banalité, on ne peut s'empêcher de regretter
129 2936 1176 3019 que la direction soit parcimonieuse au point de n'of¬
129 2987 1174 3091 rir pas, comme accessoire, des huitres-dégusta¬
119 3023 245 3115 jon.
129 3085 1171 3217 moins que ce ne soit par prudence... Une fièvre
109 3143 499 3223 est si vite arrivée.
1097 225 1450 334 box 9/4
1947 908 2273 991 Fonde en 1870
1650 1001 2460 1137 ARGUS de la PRESSE
1871 1110 2326 1200 Voit Tout
1737 1170 2455 1257 LES PLUS ANCIERS BUREAUX DEXTRAITS DE PARIS
1739 1251 2455 1330 37. Rue Bergère, PARIS (9e)
1818 1431 2134 1493 N DE DES
1609 1479 2566 1626 COMEDIA
1893 1594 2631 1728 150, AVENUE DES CHAMPS-ELYSEES VI
1614 1626 1833 1714 Adresse:
1607 1723 1761 1820 Date
1938 1708 2541 1842 — 28 JANVIER 1932
1613 1818 1845 1907 Signature :
1601 1902 1851 2020 Capt.
1432 2003 2472 2122 TOLE AU THEATRE DE L'AVENUE
1404 3167 1704 3236 ole, la com¬
1428 3174 2458 3293 Raymond, Mme vete Andre M. Alfred Pena.
