3436 4352
268 77 951 134 Lonathema Stevens
302 105 953 187 Although Arthur Schnitzler is the
280 160 948 232 author of "Anatol, which was re¬
280 199 951 277 vived at the Lyceum last evening,
280 240 951 321 he is not the source of all its love¬
282 273 958 349 liness. Bela Blau has mounted it
280 328 960 404 handsomely, not forgetting the Vien¬
283 362 962 433 nese waltzes and the concertina,
289 405 962 474 which is the most heartening of all
283 441 955 529 musical instruments. And Joe Mel¬
283 484 965 574 ziner has lavished upon Schnitzlers
292 531 967 594 anatomy of love some of the most
290 568 967 651 alluring settings in years magic vis-
297 610 964 678 tas, exquisite interiors, and a spark¬
295 653 970 732 ling evening snowstorm beyond the
295 704 771 775 arch of a Vienna arcade,
328 735 967 816 With the actors, Mr. Blaus for¬
304 778 984 857 tunes have been mixed. As Anatol,
306 826 977 903 Joseph Schildkraut is mechanical and
304 864 977 933 constricted in a part that should be
307 905 979 976 romantically exhilarating. He has
313 946 984 1017 little of the free improvisation that is
314 982 991 1051 the charm of Schnitzlers bundle of
309 1017 989 1075 episodes. But Walter Connolly is
316 1051 984 1122 quietly merry as Anatoles navish
316 1084 988 1151 comrade. Patricia Collinge has one
316 1122 996 1178 hauntingly beautiful scene as the
321 1147 991 1209 wistful married lady who did not
314 1178 988 1257 succumb to Anatol. There are lively
325 1214 989 1274 scenes with Miriam Hopins, Anne
321 1242 994 1322 Forrest, Elena Miramova and Ruth¬
321 1280 1005 1343 elma Stevens, If, as a playgoer, you
328 1307 996 1377 are as shameless a gourmet as
328 1338 1000 1405 Anatol, you will find enough beauty
328 1374 1003 1438 and comedy in Mr. Blau's ravishing
333 1405 1001 1474 production to balance the wooden¬
337 1432 1003 1503 ness of some of the acting and some
337 1486 716 1542 of the duller scenes.
369 1470 1008 1565 When Anatole was first mounted
340 1530 1005 1601 here nearly twenty years ago with
333 1572 1015 1623 John Barmore was reputed to be
340 1594 1013 1666 audacious. Anatol is a sinner. But
331 1628 1015 1695 not to Schnitzler, and hardly to the
345 1663 1020 1736 pernicious playgoer of today, for
349 1702 1015 1762 Anatol is a syrite of love. He is
347 1726 1020 1803 punctious about the deportment of
345 1760 1012 1836 conquest. He loves love. The seven
345 1797 1017 1855 scenes in his affairs reveal his sus¬
354 1831 1017 1891 ceptibilities his anxiety over the
354 1858 1018 1925 fidelity of Hilda, his wounded vanity
354 1894 1025 1946 when Bianca no longer remembers
354 1927 1022 1994 him, his anger when he discovers one
350 1960 1025 2020 of his trollops covering the booty of
357 1991 1032 2063 previous amours or another planning
366 2027 1029 2083 to supplant him with a chorus boy.
356 2064 1027 2130 For to Schnitzler love is full of savor
361 2094 1034 2152 and deception, honeyed tenderness
361 2123 1027 2185 and sweet languor. None of the hot
366 2157 1030 2216 blooded passion of the modern thea¬
366 2192 1039 2245 tre bursts into his amorous ho¬
364 2226 1036 2284 house. There is hardly a kiss visible
373 2253 1032 2312 to the naked eye. Silken in the writ
369 2288 1039 2348 ing, it is overlong in the acting. If
368 2322 1041 2379 it were half as long it would be twice
376 2351 1039 2410 as good in the theatre. Certainly the
378 2392 1048 2449 production would be brisker amuse¬
376 2420 1043 2482 ment if a half hour were taken out
376 2471 491 2521 of it.
407 2473 1051 2537 Although Mr. Schildkraut lacks
385 2518 1051 2573 the spontaneity that Anatol needs
390 2547 1060 2602 to keep you steadily interested in
386 2587 1056 2638 his adventures, he has spirit enough
385 2617 1065 2666 for the dramatic episodes. The two
385 2643 1058 2700 lively concluding scenes are his
388 2683 1063 2734 best. As the operatie huss Miriam
393 2710 1063 2770 Hopins is vastly amusing, gazing
393 2748 1063 2803 shamelessly at the table, flying into
390 2770 1068 2832 a passion, tearing angrily around the
393 2806 1063 2854 room. And the horseplay of the
393 2837 1067 2896 concluding scene on Anatole wed-
395 2868 1067 2925 ding day is likewise unconsciously
400 2903 1075 2961 funny. As the possessive bagage
405 2933 1070 2985 who finds that she is losing her
407 2966 1070 3021 lover almost at the church door,
405 3004 1075 3054 Ruthelma Stevens is immense. As
405 3030 1075 3083 the directors Marc Connelly and
405 3059 1079 3119 Gabriel Beer-Hofmman have done
410 3109 948 3157 their redest work here.
429 3112 1079 3193 Despite these fitful thunderstorms
405 3164 1077 3207 of comedy and the gossamer ro¬
405 3183 1085 3243 mance of Patricia Collinges acting.
417 3222 1082 3267 Anatol without a dynamic Anton
414 3255 1084 3310 is makes it entertainment. You can
409 3291 1089 3342 console yourself with the sundry
414 3318 1087 3378 blandishments of the production, and
410 3354 1099 3404 still reluctantly confers that there is
416 3382 1091 3462 a murmur in the heart of Schitzlers
417 3430 510 3487 play.
1865 127 2380 220 4.9. Anatol
2971 137 3323 222 box 9/4
2372 125 2805 240 Zyklus
2039 818 2765 972 Anatol Revived
1697 1015 3062 1120 Bela Blau Offers Schnitzler Comedy Hand¬
1901 1104 2863 1182 somely at the Lyceum Theater.
2095 1206 2664 1276 By RICHARD LOCKRIDGE.
1748 1254 3064 1338 Arthur Schnitzler's "Anatol," that gentle merger of the
1697 1307 3064 1410 irony and sentimentality of old Vienna, was revived at the
1695 1365 3069 1453 Lyceum Theater last evening by Bela Blau, Inc., amid a pro¬
1695 1441 3061 1494 fusion of handsome sets designed for the occasion by Jo Miel¬
1697 1494 3061 1561 ziner. It was revived with Joseph Schildkraut in the title
1695 1553 3061 1620 role and with a hushed solemnity which, during four of the
1695 1599 3067 1673 six episodes, managed always to suggest that the next scene
1704 1663 3061 1728 would be from something with camels, produced by Morris
1697 1705 2386 1772 Gest, assisted by a large choir.
1731 1766 2377 1833 Anatol happens, however, to be
2626 1798 2834 1863 ANATOL
1692 1815 2368 1889 a play which it is very easy to lose
2437 1836 3028 1888 Granville Barkers version of Arthur
2417 1870 3033 1915 Schnitzer comes called "The Af¬
1693 1863 2372 1934 under a plus sota. It has charm
2420 1903 3019 1942 faire of Anatolin two acts and si
2418 1937 3019 1972 scenes. Setting by Jo Mietziner, Dire
1688 1915 2374 1984 rather than substance; it comes to us
2509 1961 3028 1994 Gabriel Beer-Hofmann and Wal¬
2453 1987 3033 2032 Connolly. Presented at the Lyceum
1692 1980 2367 2032 from a day when the epigram was
2411 2006 3011 2066 Theater by Bela Blau, Inc. The cast
1685 2013 2365 2066 more highly prized than it now is
2411 2042 3025 2092 Max Walter Connol-
1688 2056 2365 2118 and grace was at a greater premium;
2417 2073 3025 2111 Anatol............. Joseph Schau¬
2413 2101 3021 2138 Hilda
1692 2106 2365 2161 when love was a game played pret¬
2417 2128 3019 2166 Emily.................. Anne Forre¬
2411 2152 3033 2217 Blancalen Miramove
1692 2143 2365 2198 tily along the Danube, with just the
1688 2188 2365 2240 right admixture of sighs, and re¬
2410 2207 3033 2267 M.
1683 2229 2363 2295 signed smile and wistful memories
2420 2260 3037 2298 Frans ................. Roger Ramadell
1692 2272 2368 2317 Then, when there was so much time
2404 2286 3050 2331 Lon Ruthem even
1683 2313 2363 2375 for everything young men who had
1683 2356 3061 2415 the time devoted it to the collecting I have seldom seen an offering freer
1683 2411 3052 2456 of souvenirs and to the turning of from skimpines nevertheless proves
1685 2451 3052 2497 them over with far away glances and a handicap. Somehow in all this
1680 2487 2351 2547 occasional little comments, attune
2380 2492 3052 2540 carefulness and in spite of all this
1685 2533 3045 2593 just to the proper pitch of cynicism, effort to give full measure, the play
1716 2581 3054 2631 The enactment of such a play, is slowed down and impeded through¬
1683 2609 2353 2660 when really found necessary, mus
2384 2617 3052 2669 out the first long act. It is always
1680 2666 2829 2712 attain a light hardnessa hard light to slight for its setting.
1676 2703 2363 2751 ness will do quite as well. It is in¬
2408 2691 3050 2765 The last two scenes have, by con¬
1676 2746 3057 2794 stantly fatal if any one, from pro¬ trast, a singular sprightliness. For
1683 2786 3052 2842 ducer to the least member of the this quality we and Bela Blau have
1675 2834 3049 2884 cast, permits himself to believe that to thank Miss Miriam Hopkins and
1680 2872 3052 2927 any emotion is of the least conse¬ Miss Ruthelm Stevens, two of the
1680 2906 2353 2963 quence. The game is played on cer¬
2384 2918 3045 2970 half dozen charming young women
1678 2961 3049 3023 tain well understood terms each in the cast. Miss Hopkins takes her
1680 3006 3040 3052 path of eternal fidelity is worn with scene up and throws it into the air
1676 3037 2353 3086 an abiding sense of the relativity of
2384 3047 3043 3090 precisely as though it were a hand¬
1676 3088 3045 3138 eternity which is shared by every one ful of confettinet, on the whole,
1676 3122 2348 3176 and needs no Einstein for its expla¬
2377 3126 3045 3176 such a bad description of it. She
1673 3165 1817 3213 nation.
2377 3169 3049 3213 turns it into farce and into a per¬
1709 3212 3049 3256 One of the difficulties with the sonal performance but she turns it
1680 3255 3045 3299 present chronicling of Anatols vari¬ into fun, which it hadn't been earlier.
1673 3292 3045 3347 ous participations in the Viennes Miss Stevens, using somewhat simi¬
1680 3339 3045 3382 game is that Mr. Schildkraut, al¬ lar technic, performs a similar ser¬
1680 3375 3047 3428 though to all appearances ideally ce for the final scere, in which she
1676 3420 3043 3468 sulted for the part, does not ever pursus Mr. Schildkraut and the ad¬
1680 3456 3045 3511 quite attain the degree of superfi¬ mirable Walter Connolly who has
1680 3502 3043 3552 ciality which the pari requires. He not much of importance to do and
1673 3541 2344 3591 is too tender an Anatol, too disturbe¬
2375 3541 3043 3614 does it excellently to the top of a
1680 3590 2482 3631 an one has foelings not the piano.
1683 3624 2348 3675 pretty little feelings proper to the
2401 3607 3040 3687 The others, with fewer opportuni¬
1680 3675 3038 3727 moment, but real feelinge; emotions ties, perform with grace. Yet the
1680 3715 3040 3768 by the faintes shade too ingenuous difficulties inherent in the scheme of
1676 3749 2164 3799 for a character so brittle.
2372 3760 3033 3811 the play the half dozen episodes
1709 3785 2341 3859 The producers contribution, al¬
2372 3801 3040 3852 each telling of a different love, are
1669 3823 2341 3887 though it is in every respect ad
2372 3842 3037 3895 so many short plays grouped have
1671 3871 3043 3938 mirable the sets are beautifully thor not been fully conquered by any one
1671 3923 3037 3973 ough in their fidelity to detail, and save Miss Hopkins and Miss Stevens,
