3436 4320
272 121 1273 174 maradsz, egeszen egyedil es nezheted busan az
270 174 732 245 asszonyok elvonulását.
360 216 1277 297 Akzepen egy fatal ember all es körülotte
270 290 534 360 sok asszony.
360 384 1280 455 Az „An tol“ nem az a szindarab, amelyben a
275 437 1273 506 függony összecsapásakor az embetek reflexio¬
267 490 1273 549 gaskent keidenek el tapsoni. Aki nagy zgalma¬
290 549 1280 618 kat var a szinháztól, emberek és sorsk összerop¬
285 597 1281 670 panását, derékbatörését, az ne nézze meg. It
282 660 1280 728 sak kalandok tredékeit kaphatja, egy paján
275 711 1280 770 mosolyt, egy nehez sohajtást, egy köönséges
275 771 1280 832 disszonanciara érez des és banalis floldst, egy
290 813 1280 867 elhalkuló futamot a harán. Itt nem „torténik" semmi.
287 862 1273 932 Két féri beszelget a hipnozistólés a nok hütenségé¬
282 925 1281 993 ról, amely megbizony sodni nem lehet. Az egyik
278 976 1280 1039 at tanácsolia a másiknak, hogy hipnotizáljaa
282 1029 1283 1090 szeretjétés igy kényszeritse az igamondasta. A
282 1078 1279 1141 leany alomba merulés ... a féri nem meri fol¬
285 1138 1283 1202 tenni a kerdest. A leany folébred. „Mit kerdezté
282 1192 1279 1253 tölem?" — kérdi szorongó hangon. „Megkérdez-
285 1244 1275 1312 tem, hogy szeresz-e?“ — mondja Anatol. „Hogy
279 1293 1283 1366 szeretlek-e? Hiszen erre ébren is valaszolhattam
290 1351 1287 1415 volna!" Nincs tovább. „Es ez egy drama Ez
290 1405 1271 1470 pointe?“ — kérdi a köönsé, amely me-
287 1459 1280 1527 huktattaa „Liebeleit. A második képben, kara-
285 1517 1281 1578 cony délutan összetalalkozik Anatol egy uri
282 1577 1280 1636 asszonynyal, aki laasan és kivancsian er¬
282 1618 1285 1681 deklodik Anatol szeremei irant, a lánykák
282 1664 1285 1739 iránt a külvárosbol, és az egynek virgot
287 1737 1279 1794 küld. Ezzel az uzenettel: „Egy olyan as-
285 1776 1281 1841 szon, küldi onnek et a virgot, aki szerette
287 1838 1284 1907 volna megtenni az, amit On, de nem volt hozza
287 1895 1285 1945 bátorsaga. Es elmegy. Anatol egredil marada
285 1941 1283 2010 hide téli utcan. Esik a hó és o sehogysem tudia
290 2000 1288 2065 kinytni az esernyjét. Bosszankodik. Végre siker
282 2047 1283 2109 és akkor neki vag a karacony estének. Vége.
282 2096 1280 2166 gy nez ki egy folvonásvég az Anatolban, Látni-
290 2157 1287 2213 valo, hogy amint mondani szokták, az egzben
282 2208 1285 2287 nincs dramai élet és inkább novellanak valo, mint
287 2263 566 2350 szindarabnak.
759 2294 842 2367 III.
368 2359 1285 2434 A fiatal élet tavaszillatos levegöjeben dünnek
282 2416 1279 2476 fol ezek a képek, kalando foszlánya. Eläke-
282 2474 1287 2542 hetünk reajuk : talan tegna, tegnapelot tortének
287 2530 1285 2588 meg velink. Eletutak keresztezdnek és valnak
279 2576 1289 2648 ketté, minden nagyobb megrázkodtatas nelkul.
287 2631 1284 2688 Kis rômök és mulo boszusagok jelik a talal-
282 2689 1289 2757 kozás és a bucsu pillanatait és a legnagyobb rossz,
285 2747 1288 2805 ami éri Anatolt: egy elrontott este. Csak finoman
260 2785 1285 2861 zemberk, kiknek lelke a leggengeb érintére
290 2849 1283 2913 is megreszket, érezhetik et fajdalmasnak és
282 2903 1283 2965 szomorunak. Az o zámukra iródtak e bezege¬
272 2956 1280 3024 tés, a lettre, a été été en de¬
2499 784 2861 900 Telephon 12.801.
2641 886 2720 968 44
1949 874 2497 1022 OBSERV
1798 1018 2845 1099 1. österr. beh. konz. Unternehmen für Zeitungs¬
2000 1060 2642 1145 Ausschnitte und Bibliographie.
1964 1114 2689 1203 Wien, I., Concordiaplatz 4.
2192 1198 2456 1262 Vertretungen
1786 1240 2842 1307 in Berlin, Brüssel, Budapest, Chicago, Cleveland, Christiania,
1791 1279 2842 1347 Genf, Kopenhagen, London, Madrid, Mailand, Minneapolis,
1791 1310 2845 1404 New-York, Paris, Rom, San Francisco, Stockholm, St. Peters¬
2184 1365 2456 1419 burg, Toronto.
2146 1404 2501 1461 Quellenangabe ohne Gewähr.)
1788 1440 2871 1540 Ausschnitt aus: Budapester Tagblatt
1788 1551 2204 1641 von:
1844 1606 2751 1691 (Ungarisches Theater.) „Anatol." Fünf
1756 1632 2750 1724 Bilder von Artur Schnitzler. Zum erstenmal
1756 1710 2747 1776 am 25. Februar. — Die Anakol-Szenen sind ein
1763 1748 2750 1825 Jugendwerk Schnitzlers, seit Jahren liegen sie
1761 1797 2754 1864 auch im Druck vor. Fünf von sieben werden nun
1749 1832 2777 1926 uns heute gezeigt. Sie schließen sich zu keinem
1771 1900 2764 1972 einheitlichen Stück zusammen, obwohl die zwei
1770 1938 2761 2000 männlichen Personen dieselben bleiben und nur
1768 1988 2768 2053 die weiblichen wechseln. Die ersten flüchtigen Ent¬
1778 2033 2758 2087 würfe zur „Liebelei stellen diese Szenen dar,
1778 2070 2764 2128 die ersten Skizzen zum Porträt des Wiener süßen
1778 2123 2762 2177 Mädels. In der ersten Szene, die „Die Frage
1775 2165 2770 2234 an das Schicksal" betitelt ist, hypnotisiert Anatol
1787 2215 2772 2265 sein süßes Mädel, diesmal heißt es Cora, um die
1780 2248 2773 2301 Wahrheit zu erfahren, zu ergründen, ob sie ihm
1780 2293 2766 2344 treu ist. Im letzten Moment kommt jedoch über
1775 2337 2769 2398 ihn die Angst vor der Wahrheit und er weckt
1775 2375 2765 2437 die Kleine, ehe er die entscheidende Frage ge¬
1778 2424 2768 2491 wagt. Damit doch die Illusion bleibe. „Weih¬
1775 2468 2769 2524 nachtseinkäufe" nennt sich die zweite Skizze. Am
1783 2510 2766 2569 Weihnachtsabend begegnet Anatol einer anständi¬
1783 2550 2766 2621 gen Frau auf der Straße und malt ihr das
1775 2607 2774 2666 Glück aus, das er bei einem süßen Mädel, einem
1778 2652 2774 2711 Vorstadttind, gefunden. Mählich steigt in der
1780 2684 2773 2745 noblen Dame die Erkenntnis auf, daß auch sie
1787 2735 2773 2792 ihn lieben könnte. Da verläßt sie ihn schleunigst,
1783 2781 2766 2835 drückt ihm aber noch zuletzt einen Blumenstrauf
1783 2826 2769 2897 in die Hand als Geschenk für die Geliebte. „Das
1790 2869 2773 2920 Abschiedssouper ist die dritte, die lustigste
1792 2912 2773 2965 Szene. Anatol will seine Tänzerin — Annie
1787 2958 2770 3019 heißt sie — verabschieden und ist zuletzt entsetzt,
1780 2998 2777 3054 als er den Abschied bekommt. „Episode" ist eine
1792 3037 2778 3099 kleine, feine Pikanterie. Anatol bildet sich ein,
1792 3095 2780 3147 seine Liebesbegegnung mit Bianca sei für sie
1790 3141 2782 3199 Lebensschicksal geworden und ist furchtbar ent¬
1780 3167 2788 3224 täuscht, da sie ihn nicht wiedererkennt. Die letzte
1790 3222 2761 3277 der fünf Szenen ist „Anatols Hochzeitsmorgen
1787 3261 2778 3322 Der armselige, nun schon etwas liebesinvalide
1792 3307 2782 3361 Held hat am Morgen seines Hochzeitstages eine
1787 3350 2781 3415 frühere Freundin bei sich. Die Schwierigkeit, die
1787 3395 2788 3455 Kleine loszuwerden, ihre Wut und Anatols Angst,
1799 3435 2785 3497 sie könnte die Hochzeit stören, bildet den Inhalt
1792 3485 2785 3546 dieser Episode. — Die Anatol-Szenen werden
1790 3527 2788 3588 recht flott gespielt. Liebenswürdig schreiten Göth
1787 3574 2787 3627 als Anatol und Z. Molnár, der Freund, durch
1792 3611 2791 3663 die fünf Szenen, trefflich sind auch die Damen
1795 3655 2795 3714 Töth, Báthory, Forrai, Nagy und Ker¬
1792 3698 2791 3752 reß. Ein großer Heiterkeitserfolg ist mit Be¬
1787 3748 2333 3833 stimmtheit vorauszusagen.
