3344 4256
192 165 880 263 4.9. Anatol-
1311 165 1665 263 box 9/5
986 177 1109 273 lu
514 214 676 285 .
964 1015 1234 1119 31. AUG. 1917
681 1097 1682 1234 sen Extrabat, wie
1866 1311 2732 1411 Die Darstellerin der Rolle hat im Sinne der
853 1205 1431 1451 M
1753 1362 2732 1446 szenischen Anordnung in die Schüssel zu greifen.
1753 1419 2729 1495 Mit den Fingern! Die dann „abgeschleckt" werden.
1760 1460 2732 1542 Ehevordem ... ja anno dazumal ... türmte sich in
1768 1507 2727 1583 der Schüssel ein Berg von echter, unverfälschter,
851 1497 1404 1603 Der zentrierte.
1758 1542 2722 1615 bester Vanillecreme auf und jede Soubrette führte
1758 1603 2729 1662 eine Ladung der köstlichen Speise in den Mund.
964 1579 1510 1679 Annie:
1628 1615 2724 1726 nen Vorschriftsmäßig mit den Fingern. Jetzt erregt die
1183 1640 1726 1719 Bordeaux geben. Keinen Cham¬
1753 1687 2724 1758 „Mischung beinahe Widerwillen . . . Denn sie
1175 1692 1726 1743 pagner; keine Filets aux
1753 1726 2724 1800 wird... erschrecken Sie nicht ... aus Schaum von
1173 1738 2724 1847 truffen; keine Austern. Das ist Seifenersatz oder aus einem anderen „Stoff" zu¬
1183 1775 1591 1854 nun Alles vorbei.
1753 1805 2727 1901 bereitet. In diese „Delikatesse" taucht keine Schau¬
964 1792 1726 1920 Anatol: Herrgott, Haben Sie einen
1756 1847 2717 1923 spielerin die Finger und unberührt bleiben die
1173 1866 1588 1942 sentimentalen Magen.
1741 1901 2724 1965 Lippen. Der Zuschauer hat keine Ahnung von diesen
1197 1918 1701 1994 „Abschiedssouper.
1748 1945 2714 2014 Kulissengeheimnissen. Statt Vanillecreme — Seifen¬
824 1957 1721 2048 an muß nicht Besitzer eines sentimentalen
1751 1982 2712 2058 schaum! Ihn „abzuschlecken ist kein Musenkind
750 1997 1721 2105 Magens sein, um der entschwundenen Zeiten
1748 2024 2710 2100 kontraktlich verpflichtet. Arme Annie! Mit den
747 2073 1716 2124 mit einiger Wehmut zu gedenken, da
1743 2060 2710 2144 Zigaretten geht es nun ebenfalls schlecht. Der reizende
745 2115 1716 2181 alles Land von Milch und Honig floß. Die
1751 2124 2714 2188 Einakter Schnitzlers schließt mit einem Angriff des
750 2149 1719 2210 Menschen haben sich in den Ueberfluß an Mangel
1746 2151 2717 2223 lecken Frauenzimmerchens auf eine Schachtel mit
747 2188 2714 2277 hineingefunden und die Theaterdirektoren, die doch Zigaretten. Annie stopft eine Handvoll Zigaretten in
735 2230 1719 2304 auch Menschen sind, sozusagen, tragen den veränderten
1741 2242 2712 2319 ihre Tasche. Einst konnte sie zugreifen und hinein¬
745 2277 1716 2341 Zustanden Rechnung. Im Deutschen Volks¬
1751 2284 2712 2360 zwängen. Die Zeiten sind vorüber. Statt der knisternden
743 2324 1709 2383 theater wird seit Beginn des neuen Spiel¬
1743 2326 2722 2410 Rauchware liegen nun — — leere Hülsen in dem
735 2355 1706 2432 jahres Arthur Schnitzer wieder gegeben. „Liebelei
1738 2365 2714 2449 Behälter. Und da soll eine Raucherin keinen senti¬
735 2412 2702 2486 und „Abschiedsouper bilden das Programm mentalen Magen bekommen. Vor einigen
735 2446 1706 2513 von Abenden, die starker Teilnahme be¬
1741 2456 2714 2528 Tagen traf ich Artur Schnitzler in der
735 2491 1709 2564 gegnen. Die kulinarische Not des vierten Kriegs¬
1738 2498 2705 2587 Halle des „Hotel Bristol. Er arbeitet
738 2542 1709 2621 sommers zwang die Spielleitung zu bezeichnenden
1731 2542 2705 2616 gegenwärtig an mehreren Werken:
730 2574 1704 2643 Aenderungen im Dialoge. Wäre die Sache
1738 2594 2700 2660 teils an Stücken, die für die Bühne bestimmt sind,
733 2633 1711 2695 nicht so ernst, man könnte sie beinahe ultig
1731 2633 2705 2705 teils an Novellen. Die Uraufführung eines vor
733 2673 2705 2754 nennen. So kann in „Liebelei" nicht mehr kurzem vollendeten Schauspiels findet am
733 2712 1704 2771 von — Mocca-Cremetorte die Rede sein,
1726 2712 2742 2805 Berliner Lessing=Theater statt. Warum
730 2744 1697 2815 sie muß durch eine gewöhnliche „Bäckerei
1738 2756 2024 2830 nicht in Wien?
730 2796 1706 2862 ersetzt werden. Eine luriose Verwandlung erfuhr in
733 2847 1706 2904 „Abschieds ouper die Kotelette. Sie, die einst in
735 2887 1716 2948 fleischreichen Epochen, in appetitlicher Natürlichkeit
725 2921 1704 2997 die Augen des Publikums auf sich zog und deren
733 2965 1655 3044 feiner Duft die Nasen kitzelte, wich nun einem —
733 2997 1704 3083 kachierten, angestrichenen Requisit aus Pappendeckel,
725 3061 1706 3120 belegt mit einer ebenfalls nachgetäuschten Masse, die
725 3100 1699 3167 den Hunger des flotten Mädels Annie nicht reizt,
723 3145 1701 3219 sondern auf dem Teller liegen bleibt. Kürzlich kam
723 3191 1704 3268 es zu einer drolligen Episode. Der Kellner in „Ab¬
735 3228 1706 3319 schiedssouper tritt mit einer Schüssel voll
733 3265 942 3329 Creme auf.
834 3295 1711 3423 Anatol: Gehen Sie zum Teufel mit Ihrer
718 3334 856 3418 Creme
829 3378 1724 3536 Annie: Wie ... Bouillerme...60
