3436 4352
1348 233 1718 336 box 9/5
229 244 1191 344 4.9. Anatol - Zyklus
321 1546 416 1642 a
466 1863 3214 1943 letzten Schrei der Mode. Dies enthüllte mit über würrschten Erfolg, sondern auf allen Gebieten nur schießen (vom vor zwei Jahren gespielten „Franz
1386 1928 2287 1989 bittere Enttäuschung gebracht haben. Da ist nicht
466 1924 1321 1989 raschender Deutlichkeit der Film „Masberade".
2317 1928 3218 1989 Josef I." bis zum jüngst im Deutschen Volkstheater
195 1913 389 2016 Politik
519 1974 3211 2042 Daß Großmütterchen modern geworden ist, ist natürlicher, als daß wir zunächst einmal die eben uraufgeführten „Doktor Lueger") und daß schließ
470 2019 3214 2081 sicher mehr als Zufall, wie die Mode überhaupt noch bekämpfte Vorkriegszeit und ihre Mentalität lich die Mehrzahl der letzten Filme in diesen Jahr¬
153 2061 3214 2130 Verspätung, mit viel weniger als wir glauben das Produkt ge¬ historisch gerecht beurteilen und dann mit Sehn zehnten spielte, beweist, daß es sich hier nicht um
153 2119 3211 2184 Unmassen von nielen Erfindergeistes eines Modediktators oder sucht die uns nun paradiesisch scheinenden Frie¬ eine reine Mode — oder Regieangelegenheit allein
130 2165 2283 2241 te wettzumachen der extravaganten Laune eines Stars ist (Girardi¬ denszeiten zurückwünschen — freilich bereichert un
2306 2165 3211 2237 handelt, sondern daß dies vielmehr nur Auswir
2310 2222 3153 2302 kung einer ganz allgemeinen Rückwendung ist
141 2218 2252 2287 terliche Moden Hut oder neuestens Greta=Garbo- oder Königin, die paar guten Erfahrungen der Nachkriegszeit.
1439 2252 2283 2317 Diesen Weg, den zuerst die Politik in allen
2363 2256 3218 2329 Und nun gehen wir über diese objektive Ein¬
477 2260 1374 2313 Christine=Kragen). Diese bestimmen vielmehr
141 2271 450 2348 überraschung mit
149 2302 2287 2367 benes Stiefkind, die zufälligen Einzelheiten; das Wesen, der Stil europäischen Ländern energisch eingeschlagen hat
2313 2298 3188 2363 stellung noch hinaus und kleiden uns selber
1393 2359 3214 2413 ist auch die Mode gegangen. Es ist nicht lange her, oder doch zumindest unsere Frauen — im Stil der
149 2355 1370 2424 Mode zurück. Er einer Mode ist aber stets irgendwie im Zusammen
1393 2401 2287 2462 da lachten wir über die Kleider der Jahrhundert
2306 2405 3218 2478 Vorkriegszeit, aber ohne deshalb den Körper in
145 2409 1367 2478 t in seiner letzten hang mit den kulturell künstlerischen Strömungen
1386 2451 3214 2508 wende und des Jahrzehntes vor und nachher, und das ungesunde Korsett zu schnüren. In demselben
157 2455 718 2520 Pelztasche, in die einer Epoche
527 2466 2283 2558 Die Gewänder einer nahe vergangenen Zeit in der Karikatur und auf dem Theater dienten si
2306 2504 3207 2573 Maß, wie die Frau von heute wieder viel wenigen
157 2512 458 2569 auch die vielen
473 2535 3207 2611 tun wir ironisch als altmodische Kleider ab, die nur als komisches Requisit. Hier in Graz sehen als gleichberechtigte Berufsgenossin und vermann
149 2550 450 2615 seinkaufes der
1393 2600 3207 2653 wir vor zwei Jahren Schnitzlers „Anatol“ vom lichte Garçonne als vielmehr als Frau und Mut
477 2592 1370 2653 einer länger vergangenen betrachten wir mit Ehr
149 2604 454 2676 erfalls auch ih=
157 2646 3211 2710 sondern als der furcht als „historische Kostüme". Das ist in der Burgtheater in Kostüm der Vorkriegszeit gespielt, ter gelten will, kehrt auch die Mode zu Formen
157 2691 3207 2756 unsere Mütter in Mode wie in allen übrigen Dingen. In dem Noch zog Frau Seidler im „Abschiedsouper aus zurück, die sie nicht vermännlichen und den semi¬
149 2745 3207 2806 ches alte Mütter, Streben nach Verbesserung auf allen Gebieten sehen dem Straußenfedernhütchen und dem Kampf mit ninen Gigolos angleichen, sondern ihre weiblichen
149 2783 3211 2840 der es die Mode wir jede Neuerung gern als Fortschritt an gegen den Hutnadeln komische Wirkung, aber in den Reize heben und in Gegensatz zu der wieder beton¬
149 2836 3218 2894 inem Muff ließ, über dem überwundenen Alten. Erst wenn wir übrigen Szenen trug das Kostüm bereits wesentlich ten heroisch festen Art des Mannes bringen. An
153 2882 3211 2939 Rodedame spöttich die nötige Distanz gewonnen haben, läßt objektive dazu bei, die spielerisch-melancholische Grazie einer Stelle des Eton= und Bubenkopfes tritt wieder
477 2924 3222 2989 Rückschau uns erkennen, daß nicht jeder Schritt vergangenen Epoche zu unterstreichen. Heute spielt eine mädchenhafte oder frauliche Frisur und die
141 2936 454 3016 erlichen Spazier
145 2974 2287 3039 oben sehen, den nach vorne auch zugleich ein Schritt nach aufwärts man allerorten Ibsen= und Hauptmann-Dramen
2310 2981 3203 3031 Kleider sollen die weiblichen Formen nicht ver¬
149 3023 3211 3085 wünschen wie die war. Und so erscheint uns manches noch eben Be- ohne ungewollte Heiterkeitsausbrüche befürchten zu decken, sondern in ihrer Natürlichkeit wirken lassen.
149 3065 2287 3149 um das „eiskalte kämpfte als im Grund gar nicht so schlecht. Und müssen, im Kostüm ihrer Entstehungszeit. Daß ab
2359 3081 3207 3134 Wir wundern uns nach dem Gesagten nicht
477 3115 3214 3176 wenn wir gar erkennen müssen, daß wir, in einem auch bereits vergessene oder überwunden geglaubte wenn das schlichte Mädel, das Paula Wessely in
160 3172 3211 3233 die übrige Mode Irrtum befangen, in eine Sackgasse geraten sind, Dramatiker dieser Zeit wie z. B. Hermann Suder „Maskerade" als ungesundes Weibsbild in echt
477 3211 3207 3272 aus der wir nicht aus noch ein wissen, dann sehnen mann mit „Schmetterlingsschlacht", der jüngsten weiblicher Kleidung vor uns hinstellt, die jungen
176 3218 458 3283 Zeit der Groß
160 3260 2283 3321 den Abendkleidern wir uns einfach zurück. So ein Wendepunkt ist „Neuheit" des Wiener Akademietheaters, stärkst
2306 3268 3211 3317 Männer von heute begeistert und den alten liebe
157 3310 3207 3367 Rüschen, in den für uns gekommen. Wir mußten sehen, daß der Wirkung auf das heutige Publikum üben, daß Erinnerungen wachruft an die Tage, da Groß¬
1397 3352 2283 3413 ferner neue historische Stücke aus dieser geschicht
153 3356 1374 3413 abendlichen Um¬ Krieg und die nachfolgende Revolution uns poli¬
2302 3363 3207 3440 mütterchen noch jung und die Zeiten noch so schö¬
153 3401 2428 3470 nen Blusen, dem tisch, wirtschaftlich und kulturell nicht den ge¬ lichen Zeitspanne wie Pilze aus dem Boden waren
2878 3413 3180 3485 Karl Fuchs.
