3436 4352
277 170 1072 232 Zwei Stücke werden da gespielt, beide als
277 194 1072 248 Weihnachtsgaben gedacht, Rumpenlichter
270 239 1074 296 auf dem Christbaum, beide in kleinen Thea¬
277 277 1078 331 tern, in denen man ihrem Charakter und
270 318 1068 369 dem Londoner Vorbild widersprechend —
277 359 1080 405 nicht rauchen darf. (Wenn man noch rau¬
277 394 1074 446 chen dürfte!) Beide Stücke österreichischer
279 435 1078 475 Autoren, beide französischen Vorbildern
277 474 1086 519 nacheiternd. „Ping-Pong heißt das Spiel
283 516 1078 554 vom Jaray. Kein Tennis des Geistes, kein
279 553 1080 603 Match zwischen der Lenglen und Kozeluk,
277 589 1078 640 kein Spiel mit starken Backhands und kün¬
270 633 1079 683 nen Sprüngen am Netz, aber ein nettes
283 668 1072 714 Spielchen auf dem grünen Tisch — Ping¬
277 705 1074 754 Pons, ein neues Wort für Flirt, für jeder¬
273 745 1080 786 leichtes Hin und Her. De kommt eine Frau
270 785 1080 826 zu ihrem Mann zurück, paar Wochen waren
277 823 1074 869 sie verheiratet und schon ist sie für sechs
283 865 1080 910 Monate abgereist, um französisch zu lernen,
283 904 1074 948 nicht erwarten konnte sie es, scheinbar, das
277 941 1080 987 ranzösisch, und nun steht sie wieder da,
277 977 1078 1029 mitten im Zimmer und ... nein, sie hat
277 1013 1074 1058 kein richtiges Pariserisch erlernt, und Hans
279 1058 1080 1108 Jaray auch nicht, sonst wurde jetzt etwas
277 1093 1083 1139 anderes geschehen, als hier geschieht, wo
277 1130 1074 1174 die beiden — statt Tennis — gleich anfan¬
285 1168 1078 1217 gen zu pingen und zu pongen, einen Flirt¬
279 1211 1080 1264 Flort sozusagen, Pferdesport zu treiben,
277 1244 1080 1291 statt Körpersport, und wo einem die Ge¬
277 1286 1078 1331 schichte von der pruden Engländerin, dem
283 1322 1074 1370 Affen und dem Wärter einfällt, dem Wärter
277 1365 1080 1412 der die Engländerin fragt, ob sie für Nüsse
273 1404 1086 1452 alle Unsittlichkeit lassen würde? Ja, die
285 1444 1086 1488 beiden Leute lassen hier für etwas Ping¬
279 1482 1078 1528 Pong die Unsittlichkeit, noch dazu die le¬
277 1521 1074 1565 gitime, und erobern einander erst im letz¬
277 1562 1083 1602 ten Sett. Und trotzdem das ganze ist um¬
277 1601 1078 1641 weit von einem süßerben Hauch des, so¬
284 1635 1083 1684 gar, Möglichen. Wie hier zwei Menschen
285 1676 1078 1720 einen Liebeskampf beginnen, mit allen auf¬
277 1714 1078 1758 gezogenen Registern, wie sie uneinander
283 1756 1078 1797 raufen — es gibt ja auch Bormeister des
277 1786 1083 1833 Federgewichtes —, und wie diese Rauferei
283 1825 1078 1877 pikant wirkt durch das schon Miteinander¬
277 1869 1086 1917 Erlebte, du ch gelebte Stunden, durch leise
277 1910 1080 1958 Dagewesenheiten, wie hier Neugierde
279 1948 1086 1992 zweier Menschen gezeigt wird, die einander
283 1979 1086 2032 kennen (man ist nur neugierig auf das, was
283 2022 1086 2070 man kennt: das alles ist bestes Theater,
289 2062 1083 2112 gespielt von einer unendlich großen Frau,
285 2102 1086 2148 Paula Wessely, und einem sehr begabten
283 2139 1083 2190 jungen Mann, der auch der Autor ist und
283 2175 1083 2218 sein Stück „Ping-Pong“ nennt, obwohl er
279 2215 1074 2270 es am besten „Der Müller und sein Kind
283 2251 1086 2305 nennen sollte, denn Monar heißt zu
289 2295 1086 2355 deutsch Müller, und der Jardy ist sein
283 2333 405 2398 Kind.
327 2396 1083 2473 Freilich: Auch hier ist ein Zug ins Pos-
295 2461 1080 2502 senhafte, auch hier spukt Blumenthal. Ka¬
289 2500 1089 2541 delburg, ja sogar Vater L'Arronge. Hier ist
289 2538 1086 2586 ein Rechtsanwalt, der ein fideles Haus ist
289 2575 1083 2636 (denkt an den Dr. Lenz in Großstadtluft“
297 2602 1086 2659 und sich benimmt, als spielte er eine
295 2648 1089 2696 „Fledermaus" ohne Musik. „Puschel" nennt
289 2695 1089 2741 Kerr jene alten Lustspielfiguren, die nur
297 2731 1083 2774 eine einzige Eigenschaft, eine einzige
285 2764 1089 2810 „Pusche!“ haben. Dieser stückstörende
289 2808 1089 2860 Rechtsanwalt Jarays — glänzend von Karl¬
289 2842 1089 2896 weis gespielt, dem die Czepa brillant, bril¬
295 2889 1092 2931 lant, brillant assistiert — hat die einzige
297 2926 1092 2977 Eigenschaft, daß er ein fideles Haus ist,
297 2966 1100 3018 von Früh bis Abend, von Abend bis Früh,
291 3004 1100 3045 von Kopf bis Fuß, von oben bis unten, ein
297 3042 1095 3087 fideles Haus in allen Lebenslagen, ein
297 3075 1089 3130 wandelndes Ha-de-Le, ein zweieiniges
306 3121 1086 3166 Vauen. Diese Puschelhaftigkeit teilt er
291 3161 1093 3206 allerdings mit sämtlichen Gestalten der
300 3193 1083 3245 Verwechslungskomödie „Mädchen für
300 3230 1089 3288 Alles, in der ein englischer Zeitungs¬
297 3270 1089 3322 magnat vorkommt, der die einzigen Eigen¬
295 3312 1095 3359 schaft hat, daß er Medizin nimmt, in der
300 3345 1087 3396 sich eine Journalistensgattin über ihre Kö¬
295 3384 1089 3434 chin und eine Köchin über die Journa¬
295 3424 1089 3485 listensgattin vier Akte lang aufregen, in der
289 3468 1092 3544 ein junger Mann die einzige Eigenschaft
1400 230 2344 357 4.9. Anatol - Zyklus
2519 251 2872 337 box 9/5
