3436 4256
253 212 1201 307 4.9. Anatol - Zyklus
850 1243 943 1318 26
501 1370 1369 1426 GROSSTES DEUTSCHEN ZEITUNGSAUSSCHNITT-BRO
471 1409 1405 1501 BERLIN SO 16, RUNGESTRASSE 22-24
488 1550 1380 1661 Hamburger Fremdenblatt
654 1700 1219 1780 Ausschnitt aus der Nummer vom
1028 1758 1405 1865 20 MAI
571 1873 1421 1958 Pester Retten, Vater nur durch
511 1936 1416 1997 aus Frankfurt: Schnitzlers 60. Geburtstag
507 1975 1419 2028 feierte man im Neuen Theute mit ener Neuein¬
511 2015 1416 2065 studierung seines Jugendwerkes Anatol, dem wie¬
504 2052 1413 2096 nerichsten, wenn auch nicht bedeutendsten seiner Stücke.
535 2090 1409 2140 Am gleichen Abend gab man im Schauspiel¬
502 2111 1408 2171 hause die Erstaufführung von Sternheim
501 2160 1413 2199 „Manon Lescant. Da Sternheim selbst in diesem
494 2191 1414 2233 Schauspiel die Durchdringung der gegebenen Anekdote
504 2218 1413 2272 mit seinem derlichen Apparat nicht völlig geglückt ist,
507 2253 1414 2305 so ist auch im Schauspielerischen mit großen Schwierig¬
498 2287 1414 2338 keiten zu kämpfen. Die Tendenz, den wahren freien
494 2328 1406 2372 Willen des aus Adel und Volk sich zusammensetzenden
504 2360 1413 2409 Liebesbundes auszuspielen gegen den verhaßten, beide
504 2401 1409 2449 einschränkenden und bindenden Bürger, wird immer
489 2422 1409 2481 wieder verdeckt und teilweise gefährdet durch zu ge¬
458 2460 1408 2519 naues Innhalten der Begebenheiten der Romanvor¬
498 2496 1385 2541 lage, die auf ein so ganz anderes Ziel gerichtet war.
494 2528 1406 2581 Direktor Weichert fand als Regisseur für diesen
494 2568 1406 2617 Zwiespalt in den meisten Szenen ein ausgezeichnet ver¬
507 2605 1406 2648 mittelndes Bühnenbild. Ein silhouettierender schwarzer
501 2636 1406 2687 Rahmen im Louis seize Stil, ein meist goldsarbener
504 2670 1409 2718 Hintergrund preßten die Bühne mit nur wenigen halb¬
493 2706 1406 2758 wegs im Zeitgeschmack gebildeten Requisiten schmal zu¬
494 2740 1409 2785 kommen, so daß im flächigen Spiel die möglichste Klar¬
494 2781 1406 2830 heit und Betonung des gedanklichen Wortes erreicht
494 2806 1406 2855 werden konnte. Bis auf den wieder einmal unerträg¬
494 2842 1406 2891 lich manirierten Herrn Feldhammer als Chevalier
501 2874 1406 2922 waren die schauspielerischen Leistungen sehr gut, vor
494 2913 1409 2988 allem ein dickende und schöne Gestalt Fritta Brod
491 2941 703 3016 die Manon.
1223 2951 1346 3016 5. J.
1369 210 1721 307 box 9/3
1944 931 2721 1096 Kasserger allgemeine Zeilen,
2174 1006 2680 1135 Königsberg Pr.
2230 1269 2621 1400 MAI
1984 1475 2895 1548 „Anatol" im Neuen Schauspielhaus.
1918 1528 3091 1602 Während unsere Kammerspielbühne, Sonnabend und Sonntag abend,
1793 1584 3085 1641 in der Stadthalle die Wunder= und Sagenwelt der „St. Jakobsfahrt auf¬
1799 1635 3080 1688 baute, räumte sie gleichzeitig ihr eigenes Haus dem Mikrokosmos der
1803 1675 3083 1731 Schnitzlerschen „Anatole-Szenen ein. Oskar Walleck, der als Titel¬
1793 1719 3088 1776 held und Spiellen die Seele des Ganzen war, hatte von den sieben Bildern
1789 1767 3103 1822 die vier beliebtesten und wirksamsten ausgewählt: „Frage an das
1799 1811 3080 1868 Schicksal, „Weihnachtseinkäufe", „Abschiedssouper,
1803 1850 3081 1910 „Anatols Hochzeitsmorgen". Wir wissen von früher, daß Walleck
1789 1896 3085 1944 nicht an sich, aber relativ, nämlich von seinen Kollegen, der denkbar beste
1799 1936 3094 1995 Anatol ist; daß er zwar nicht in der Rolle lebt, aber sie wenigstens geschickt
1793 1979 3088 2041 „darstellt; daß in seiner Auffassung des leichtsinnigen Melancholikers zwar
1789 2029 3081 2083 die Melancholie, die schwermütige Weichheit, der nachdenkliche Zug zu kurz
1799 2073 3081 2127 kommt, dafür aber um so stärker der geistreiche Wiener Causeur und elegante
1834 2112 3081 2166 lüßiggänger betont wird. So wandelte dieser Faustulus mit bedächtiger
1799 2161 3081 2210 Schnelle seinen genußreichen Leidensweg durch die Stationen philosophischer
1803 2205 3085 2259 Liebelei, begleitet von seinem treuen Famulus und Mephistopheles Max
1803 2245 3081 2300 (Friedrich), der mit seinen trockenen Zwischenbemerkungen, ernüchternd
1796 2284 3078 2344 cynischen Ratschlägen und witzigen Apercus sozusagen der Bonmotor des
1796 2329 3078 2390 Dialogs war. Die wechselnden Gegenstände seiner Neigung fanden durchweg
1799 2378 3081 2426 sehr anziehende Verkörperung. Cora, das Opfer der Hypnose, war Grete
1799 2414 3070 2484 Holtz-Walleck: wie immer lieb und schlicht, das richtige süße Mädel
1775 2478 3063 2533 Gabriele, unter Nutten die einzige Dame, gab Ruth Baldor etwas unver¬
1776 2522 3055 2587 sönlich und ungefestigt, aber mit angenehm diskreter Andeutung der heimlichen
1772 2566 3055 2623 Eifersucht gegen die Vorstadt=Konkurrenz. Annie, die Partnerin im „Ab¬
1778 2610 3046 2675 schiedssouper, stattete Mizzi Mößi=Friedrich höchst ergötzlich mit einem
1775 2654 3054 2713 charakteristischen „frisierten Mundwerk“ und der alleweil durchbrechenden
1778 2700 3049 2747 Ordinärheit aus, die in ansteckendem Gelächter explodiert. Als Heldin des
1772 2742 3054 2801 letzten nächtlichen Abenteuers endlich bildete Helene Sauer schon durch
1775 2789 3049 2838 die interessanten Enthüllungen ihrer Toilette eine kleine Sensation für sich.
1778 2833 3060 2884 Sie blieb dem furiosen Temperament der feurigen Ungarn nichts schuldig und
1772 2879 3055 2930 ließ bei aller komischen Wirkung eine leise Tragik der Verlassenheit durch¬
1786 2917 3052 2974 schimmern, die besänftigendes Oel auf die Heiterkeitswellen goß. Diese stark
1772 2957 3050 3023 ins Schwankhafte entgleisende Coda des ganzen Reigens zündete natürlich
1772 3002 3046 3054 wieder am meisten, aber auch die anderen Stückchen hatten den üblichen Er¬
1785 3047 3052 3104 folg, um den sich noch Arthur Petraschk, ein „Ober“ und Diener mit
1775 3096 3055 3140 diskret wissenden Lakaienlächeln, verdient machte. Auch die geschmackvolle
1786 3135 3057 3202 szenische Ausstattung — von der uns nur die „schwarze Weihnacht nicht
1778 3186 2285 3251 recht gefiel — trug dazu bei.
1892 3202 3057 3274 Trotz allem Erfolg; man hatte das Gefühl, daß diese etappenweise
1772 3266 3055 3326 Komödie der Worte und Gefühle, diese Welt spielerisch=sorgloser Nichtstuer
1781 3313 3052 3355 unserer ernsten, notbedrängten Zeit etwas fremd geworden ist. Wie wär's,
1778 3351 3052 3408 wenn man den Einaktern das gereimte Watteaubildchen von „Loris" (Hof¬
1778 3393 3049 3452 mannsthal), das uns durch historische Parallelen so hübsch mit jener Sphäre
1778 3440 3059 3493 vertraut macht, vorausschickte? Natürlich müßte diesen reizvollen Prolog kein
1778 3488 3060 3546 befrackter Rezitator, sondern ein Roccocco, oder Anatol-Mensch in legerer
1786 3530 3057 3584 Haltung, womöglich in liegender Stellung sprechen — vorausgesetzt, daß sich
1785 3574 3059 3625 der Moissi findet, der ihn sprechen kann. Merkwürdig, daß unsere sonst so
1778 3608 3057 3688 einfallreichen Regisseure auf diesen Gedanken noch nie gekommen sind. H.W.
