3484 4352
1356 147 1717 253 box 8/4
1098 176 1189 234 S
241 154 914 280 4.9. Anatol
1096 220 1195 280 .
418 741 761 841 OBSERVER
388 817 812 898 I. Österbehördl.
437 885 554 958 kon¬
403 988 601 1071 für Zeit
430 1096 664 1169 Konkorda.
825 1105 1620 1213 Presse Wie¬
564 1166 819 1250 1310
497 1262 1549 1369 Deutsches Volkstheater.) Fünf von den sieben
407 1356 1553 1429 reizenden Einakten, die Alter Schnitzler als junger Autor
424 1409 1546 1450 unter dem Titel „Anatoligen Buche ver¬
413 1443 1543 1497 eint hat, sind heute zusammen über die Bühne gegangen und
415 1479 1550 1545 haben dank ihrer Fröhlichkeit und Jugend einen richtigen
421 1522 1539 1590 Lustspielerfolg davongetragen. Die durch die Aufschriften
423 1566 1539 1630 Die Frage an das Schicksal", „Weihnachtseinkäufe", „Ab¬
418 1606 1545 1664 schiedssouper, „Episode" und „Anatols Hochzeitsmorgen" ge¬
414 1649 1543 1717 kennzeichneten Abschnitte bilden in ihrer Gesamtheit einen ver¬
411 1690 1543 1757 liebten Reigen, den nur die Figur des Anatol zu einer
414 1737 1546 1799 höheren dramatischen Einheit verbindet. Aber diese Figur ist
413 1770 1543 1831 liebenswürdig und anziehend genug, um einen ganzen Abend
410 1823 1539 1880 zu unterhalten. Sie ist zudem eminent wienerisch, so daß es
410 1864 1546 1924 eigentlich zu verwundern ist, daß man den Zyklus als solchen,
410 1910 1539 1967 erst jetzt, achtzehn Jahre nach seinem Erscheinen, in Wien
408 1946 1535 2010 spielt. Mitterwurzer hat jedenfalls einen guten Fair bewiesen,
408 1994 1537 2053 als er, ganz kurze Zeit vor seinem Tode, nach der Rolle des
407 2030 1543 2090 Anatol langte. Ein vorzeitiges Ende verhinderte ihn, sein
408 2061 1536 2138 Vorhaben auszuführen, und nun übernimmt Herr Kramer
403 2120 1539 2171 diesen Teil der Hinterlassenschaft des großen Schauspielers.
398 2156 1536 2221 Natürlich cum beneficio inventarii, das heißt, er spielt den
408 2201 1536 2273 Anatol nicht als einen dämonischen Verführer, wie ihn viel¬
400 2241 1535 2300 leicht Mitterwurzer erfaßt hätte, sondern als einen liebens¬
397 2288 1523 2343 würdigen Schwerenter, der dieser „leichtsinnige Melancholiker
398 2334 1532 2395 ja auch im Grunde ist. Daß er dabei auch den Dichter nicht
407 2378 1527 2425 ganz schuldig bleibt und etwas von der Mussetschen Anmut
400 2425 1533 2464 ahnen läßt, die die Gestalt verklärt, sei Herrn Kramer be¬
400 2460 1527 2522 besonders hoch angerechnet, da das Feinpoetische eigentlich
393 2505 1525 2567 nicht in der Richtung seines Talents liegt. Als Freund Ma¬
410 2547 1525 2601 stand ihm Herr Lackner sehr tüchtig zur Seite; er entledigte
401 2592 1525 2652 sich seiner auf die Dauer nicht eben dankbaren Aufgabe, dem
403 2638 1533 2684 Helden das Stichwort zu bringen, auf eine ebenso ergötzliche
394 2677 1527 2725 als taktvolle Weise. Was schließlich das weibliche Personal
397 2712 1530 2772 der fünf kleinen Komödien betrifft — bezeichnenderweise liebt
393 2751 1530 2821 Anatol in jedem Stück eine andere Frau — so wollen wir
397 2804 1522 2856 dieses nach dem Muster des liebenswürdigen Don Juan für
394 2848 1520 2902 heute in Bausch und Bogen abtun und bloß konstatieren,
394 2892 1529 2939 daß die Damen Hannemann, Reinau, Glöckner, Müller und
391 2928 1527 2989 Calafrés zusammengerechnet eine Summe weiblicher An¬
388 2981 1525 3041 ziehung repräsentieren, über die kein anderes Wiener Theater
391 3023 1522 3076 heute verfügt, und die gewiß dazu beitragen wird, die an¬
391 3068 1323 3138 mutige Dichtung lange im Spielplane zu erhalten.
2127 772 2821 895 OBSERVE.
1961 859 3019 972 1. österr. beh. konz. Unternehmen für Zeitungs¬
2168 926 2815 995 Ausschnitte und Bibliographie.
2136 961 2861 1069 Wien, I., Concordiaplatz 4.
2358 1041 2632 1121 Vertretungen
1954 1081 3009 1186 in Berlin, Brüssel, Budapest, Chicago, Cleveland, Christiania,
1953 1128 3012 1223 Genf, Kopenhagen, London, Madrid, Mailand, Minneapolis,
1949 1152 3002 1246 New-York, Paris, Rom, San Francisco, Stockholm, St. Peters¬
2343 1212 2612 1276 burg, Toronto.
2300 1245 2659 1335 gelangt uns der
1943 1280 2317 1382 Ausschnitt aus:
2941 1382 3071 1467 Wie¬
1943 1420 2087 1467 vom
2345 1378 2889 1503 Arbeiter. Zeitung
2721 1456 2838 1530 1910
1983 1600 2978 1677 Deutsches Volkstheater. Unter dem Jubel der Schnitzler¬
1874 1642 2975 1734 Gemeinde ging gestern hier die Szenenreihe „Anatol über
1869 1696 2979 1783 die Bühne, deren Aufführung schon vor zwanzig Jahren eine
1876 1759 2988 1830 erfolgsicher nicht erst Kühnheit erfordernde Tat gewesen wäre.
1884 1780 2985 1879 Heute natürlich ging's noch glatter. Die fünf Einakter sind in
1876 1831 2988 1924 Wien nicht mehr ganz neu und auch der psychologische Refrain
1881 1890 2991 1971 dieser Dichtungen ist schon oft, auch von Schnitzlers Imitatoren,
1879 1934 2995 2014 wiederholt worden. Man kennt den melancholischen Ironier
1881 1987 2934 2058 Anatol Schnitzler, der nur ein Thema erlebt hat, dieses
1884 2013 3002 2108 vielen Variationen: die kleine Liebe Weiß Gott, Anatols Ironie
1893 2063 2999 2166 scheint mir echter als das Pathos des Medardus. Schnitzlers
1886 2117 2998 2207 Grundstellung ist skeptisch, ironisch, und das Beste, was er
1890 2161 3008 2263 hat, ist die große Güte, die jedem wahrhaft ironischen Gemüt
1887 2207 3006 2300 entspringt. Er ist geschaffen, die Abenteuer des eleganten
1886 2254 3001 2354 Lebenszuschauers zu schildern, den Drang des jugendlich¬
1887 2300 3006 2397 kriegerischen Menschen kann er nicht so überzeugend darstellen¬
1896 2355 3009 2451 weil seinem kultivierten Geschmack nichts ferner liegt als die
1899 2395 3012 2481 Gewalt des Heroischen. Ich habe den Eindruck, daß auch das
1903 2450 3015 2534 Publikum an den kleinen Abenteuern Anatols mehr Anteil nahm
1899 2484 3012 2582 als an den Aktionen des jungen Medardus, der nur zufällig der
1899 2542 3018 2627 Weltgeschichte entkam . . . Die fünf Akte wurden im Volkstheater
1903 2584 3021 2688 von den Herren Kramer und Lackner ausgezeichnet
1911 2631 3021 2727 gespielt. Das haben sie erlebt, das können sie inszenieren, das
1914 2678 3023 2769 können sie darstellen. Herrn Lackners behutsame Ironie, Herrn
1917 2725 3023 2811 Kramers melancholische Schwärmerei waren mit hundert wahr¬
1917 2782 3026 2856 haften Nuancen ausgestattet. Während Anatol und Max in
1919 2838 3038 2928 allen Stücken dieselben bleiben, wechseln, türlich die Damen.
1929 2928 3043 3022 Fräulein Hannemann, Fräulein Rainan, Fräulein
1929 2981 3038 3059 Müller, die Glöckner und die Galafres sind Anatols
1943 3028 3039 3123 flüchtige Erlebnisse gewesen. Das Deutsche Volkstheater ist reich
1936 3082 3041 3170 an interessanten Schauspielerinnen, reicher sogar als Anatols
1940 3119 3041 3206 Gedächtnis. Diesmal ging Frau Glöckner als Erste durchs Ziel,
1941 3170 3048 3258 Ihre Annie im „Abschiedssouper ist übersetzte wienerische
1944 3218 3045 3299 Wirklichkeit, sie wurde bei jedem Satze vom Lachen der Zuschauer
2894 3270 3019 3333 st. gr.
1940 3299 2113 3363 übertönt.
