3436 4256
1365 206 1736 311 box 8/6
934 210 1200 319 Zyklus
244 206 788 315 4.9. Anatol
502 1230 1222 1358 Dr. Max Goldschmidt
630 1324 1088 1425 Bureau für
1189 1320 1384 1425 154
615 1391 1102 1504 Zeitungsausschnitte
431 1455 728 1541 Berlin N. 24
998 1470 1290 1564 Telephon 1, 381.
690 1582 1028 1699 Ausschnitt aus
532 1725 1208 1879 Derener Zeitung, Baron
806 1856 1005 1972 24
1481 1901 3322 2002 konnte. An die altbewährten Kunstgesetze durfte er sich könne lieben wie eine Halbwelt
1481 1984 3326 2048 nicht halten; das wäre zu unmodern und — schwierig ge¬ Mut. (2) Die „Episode" erzäl
551 1942 1234 2074 Theater und Musik.
1489 2032 3322 2085 wesen, etwas Neues mußte es sein, das dem verwöhnten der Liebe einer Zirkusreitering
1095 2025 1436 2115 Düren, 20. Nov.
1485 2074 2629 2126 Geschmacke Rechnung trug. Titel: etwas mysteriös; Mi¬
2666 2078 3322 2134 „Abschiedssouper“ mit einer Dirn
390 2092 1466 2168 Stadttheater Düren. Zu Beginn des 20. Jahrhun
1489 2119 2632 2171 lien: Halbwelt; Idee keine (das Publikum will doch
2655 2122 3326 2171 sagen lassen, „daß so ein Mann
326 2145 3322 2216 dert war manchen Theaterdirektoren kein Bühnenstück nicht denken); Erfolg; hängt vom Publikum ab, ein biß ist als so ein Frauenzimmer“. F.
334 2209 3322 2265 bekannt, das der Aufführung wert gewesen wäre. Ihrer chen auch von den Schauspielern, die sich bei den Zu= nung, Schnitzler geißele in scharf
330 2246 1470 2302 Not erbarmte sich ein Schriftsteller, der nach seinen Erst
1496 2250 3330 2306 schauern so vieler Sympathie erfreuen, daß diese mit der der Zeit und Menschen, nein, nu
322 2295 3338 2344 lingsarbeiten gewissen Kreisen als „Führer und Säule Absicht zum Theater kommen, auf alle Fälle beim Herab¬ weiter nichts. Wenn die Zuschau
322 2332 3322 2404 der Modernen“ galt: Arthur Schnitzler, über den lassen des Vorhanges zu klatschen, die meisten aus Geträglich fanden, so ist das aussch
330 2381 3292 2449 der bekannte Kritiker Härt unter „Schnitzelden wohnheit, einige aus Freude darüber, daß die langweili¬ zu danken. Walter Steinbeck
338 2426 2625 2479 sind fast durchweg Weiber, mögen sie nun Unter= oder gen Geschichten zu Ende sind, wenige endlich, weil nach
2651 2422 3322 2482 Anatol ganz vortrefflich und Ru
330 2471 3330 2524 Ueberröcke tragen.“ Das ist wenig schmeichelhaft, noch ihren Begriffen die „Kunst" verherrlicht worden. Von Max passend zur Seite. Als Cor¬
330 2512 2632 2565 weniger, was derselbe Kritiker unter Hinweis auf den sieben Einaktern des Anatol=Zyklus wurden durch die
2655 2516 3326 2565 und als Gabriele Helene Rober¬
330 2558 2625 2610 Schnitzler sagt: „Wie fern muß ein Künstler allem Ern Düsseldorfer gestern vier aufgeführt; sie reichten bei 4.
2655 2565 3326 2618 H. Osterloh ebenfalls gut, wäh-
338 2602 3326 2655 sten und Großen seiner Zeit stehen, wenn er einen Stof Minuten Gesamtpause auch hin für den Abend, mehr der Halbweltdame Annie ein fu
322 2648 3326 2711 der gerade für eine novellistische Skizze ausreicht, dessen wäre vielen doch zuviel gewesen, weil es doch nicht jeder präge verlieh. Als fliegender K.
330 2696 1470 2745 Geistes- und Empfindungsinhalt den einer Anekdote
1500 2696 3322 2749 für belehrend und interessant finden kann, in der Welt Oswald. Auf die Ausstattung
326 2741 3322 2794 nicht allzu sehr überragt, so breitschlägt.“ Dieser Schrift der Lebemänner und Halbwelidamen herumgeführt zu wandt; namentlich gab es bei den
338 2782 3322 2839 steller sollte nun die Bühne mit Stoff versehen, mit werden. Anatol ist der Typus eines Lebemannes nach eine reizende Schneelandschaft
334 2824 3319 2880 Stücken, die ziehen mußten. Was Schnitzler im „Frei= Schnitzler'scher Auffassung, der in der „Frage an das bewundern. Schade nur, daß der
322 2869 3330 2921 wild“, in „Liebelei“, im „Grünen Kakadu" wie auch in Schicksal“ an die hypnotisierte Geliebte nicht die Frage Mögliche tat, diese Illusion zu ze¬
334 2910 3334 2974 seinen Novellen und Romanen geboten, ist bekannt und zu stellen wagt, ob sie ihm treu sei, der in den „Weih= nahme durch das Publikum ist ob¬
341 2951 3116 3022 für sein Schaffen so charakteristisch, daß Besseres im nachtseinkäufen von einer verheirateten Frau und Mut= dige vermutet worden.
341 3004 2632 3090 Maatal=Zyklus schwerlich erwartet werden ter mehrerer Kinder das Geständnis entgegennimmt, si¬
