3436 4256
299 211 1253 303 4.9. Anatol - Zyklus
442 1355 799 1473 OBSERVER
411 1428 847 1536 letter behördl.
458 1480 793 1591 esse
529 1557 713 1637 Boren
402 1570 801 1714 in Leitungen ersten
516 1661 676 1736 Wien,
890 1921 1547 2064 Prager Tagblatt
569 1976 855 2069 4-12. 1910
560 2035 1386 2196 in s.
662 2128 1498 2230 Berlin, 3. Dez. (Priv.) J. Lessing=Theater
556 2177 1495 2292 wurden fünf Akte aus Schnitters Einakter=
572 2221 1505 2328 Zyklus „Anatol zum erstenmal aufgeführt. Die
569 2261 1510 2366 Darstellung wich der Gefahr, schwankmäßig zu
568 2314 1516 2412 wirken, vorsichtig aus und holte alle Stimmungen
575 2356 1514 2450 und Feinheiten des Dialogs sorgfältig aus. Mon¬
572 2390 1519 2489 nard spielte den Anatol recht gut, Reicher den
580 2433 1522 2549 Max. Am besten aber waren die Tamen Herte¬
578 2474 1520 2575 rich und Triesch. Das Publikum spendete leb¬
584 2520 1520 2628 haften Beifall, vor allem nach dem „Abschieds¬
597 2610 741 2688 souper".
1409 198 1766 294 box 8/5
2296 1239 3080 1357 Vossische Zeitung. Ber¬
2193 1443 2881 1565 Theater und Musik.
2394 1535 2696 1607 Lessing=Theater.
1943 1570 3129 1652 Sonnabend, 3. Dezember. Zum 1. Male: „Anatol. Fünf
1959 1634 2551 1711 Einakter von Arthur Schnitzlei
2005 1670 3135 1749 Mit diesen liebenswürdigen Plaudereien wurde Schnitzler und
1958 1729 3132 1807 das ganze Geschlecht der neuen Wiener Poeten entdeckt, dieser
1958 1792 3129 1843 ironischen, welchen, koketten und sehr begabten Herren, die die Ver¬
1961 1838 3129 1896 führungskraft der alten Phaafenstadt in ihrer träumerischen
1961 1890 3129 1945 Sinnlichkeit erneuert haben. Das Leben diktiert der Literatur
1964 1939 3131 1998 und die Literatur dem Leben. Der junge Wiener ist ent¬
1955 1990 3129 2047 weder Anatoll oder Max, der heitere Melancholicus mit der Be¬
1961 2036 3128 2103 ständigkeit eines Schmetterlings oder der gelassene spöttische Beob¬
1961 2081 3135 2135 achter. Dieses Büchlein der geplauderten Dialoge, die die besten
1958 2126 3126 2194 Franzosen nicht übertroffen haben, begehrte ursprünglich wohl nicht
1958 2186 3125 2239 nach der Bühne. Nur das „Abschiedssouper", das man als voll¬
1964 2230 3126 2288 ständige kleine Komödie herausnehmen konnte, hat für sich eine
1958 2282 3125 2341 Theaterexistenz geführt, wobei es sich gewöhnlich eine ziemlich
1958 2325 3125 2376 minderwertige Gesellschaft gefallen lassen mußte. Herr Brahm
1961 2375 3128 2431 hat die ebenso einfache wie gescheidte Idee gehabt, den ganzen
1964 2428 3123 2484 Anatol-Zyklus zu einem Abend zusammenzufassen, und er hat sich
1964 2477 3126 2530 den herzlichen Dank aller notleidenden Theaterbesucher verdient, die
1961 2521 3128 2577 einmal lachen wollen, ohne es hinterher zu bereuen. Es gab einen
1956 2570 3125 2629 stürmischen Erfolg, von dem auch die Aufführung ihr wohl ge¬
1958 2622 3120 2672 messenes Teil beanspruchen kann. Herr Monnard, dessen ein¬
1967 2669 3119 2724 fache Tüchtigkeit vielleicht gerade wegen ihrer Selbstverständ¬
1952 2712 3125 2771 lichkeit noch nicht genügend bemerkt worden ist, dürfte gestern
1962 2771 3125 2826 als Anatol endlich durchgedrungen sein. Sein Wesen hat
1961 2814 3128 2878 einen Vorzug, den ich als mimische Wahrscheinlichkeit bezeichnen
1955 2866 3117 2916 möchte. An diesem lyrischen Genüßling war alles weich, das Ge¬
1958 2910 3126 2966 sicht, die Figur, die Geste, und er trägt seine Abenteuer mit einem
1955 2960 3123 3023 so pastosen Anstrich vor, daß die kleine Übertreibung und der Hauch
1955 3008 3123 3067 von Selbstpersiflage den Typus nur befestigt. Herr Reicher als
1961 3057 3123 3116 Max sekundierte ihm mit gutem Humor, obgleich ich von dem
1955 3104 3126 3160 kühleren Lebemann eine elegantere und weniger bürgerliche
1961 3157 3123 3216 Erscheinung erwartete. Die beiden kamen plandernd immer
1955 3207 3122 3259 wieder, während die holde Weiblichkeit sich fünfmal variiert
1959 3252 3114 3321 durch sehr reizvolle Vertreterinnen, die sich zwar ähneln
1955 3302 3122 3360 aber nicht gleichen. Die Dame der Gesellschaft war nur in einem
1961 3351 3120 3403 Exemplar vorhanden, das Fräulein Lossen in seine Haltung faßte.
1958 3395 3117 3451 Die lieben süßen Mädel, die Anatol glücklich machen bis zu seinem
1958 3451 3117 3499 Hochzeitsmorgen und bis zum Verlust der jugendlichen Locken, ver¬
1958 3496 3125 3553 dienen viel Lob und Preis, von Fräulein Somary bis zu Fräulein
1952 3540 3119 3595 Herterich und Frau Triesch. Die ergiebigste Rolle im „Abschieds¬
1958 3598 3114 3651 souper" war Fräulein Sussin zugefallen, was zu einer Entdeckung
1961 3641 3117 3697 führte. Wir kannten diese Dame bisher nur in der Spezialität von
1949 3689 3117 3747 unglücklichen Frauen und vernachlässigten Tanten, bis sie gestern
1949 3743 3116 3809 als leichteste dieser leichten Damen durch verwegene Laune und
1945 3784 2679 3870 graziöse Spitzbübigkeit überraschte. A. E.
