3436 4352
392 79 1325 141 funny and bear down upon or isolate what is not.
396 131 1310 188 I suspect that in any playing of "Anatol" it is the
392 170 1315 236 more elusive and more serious side of it that will
399 225 1312 279 suffer. Anything so sharply witty, so full of comi¬
396 267 1308 317 surprises, will tempt the actors to play it for the
399 313 1312 370 laugh. There is a tendency toward this in the
399 358 1310 408 present production. Sometimes it goes even further
392 399 973 479 than a pardonable exaggeration.
423 460 1312 551 In the character of Anatol there is now and then
387 542 1308 596 a touch of the ridiculous which he himself acknow¬
392 584 1312 642 edges. This "toy philosophen" looks in the mirror
392 632 1315 680 off and on and is amused, though what he sees there
387 676 1317 738 is too personal for his amusement to be unalloyed.
392 723 1312 775 Sometimes Mr. Bildkraut gets this admirably, as in
399 768 1312 811 the scene called "Episode," where Anatol puts be¬
384 807 1315 864 fore Max the collection of tiny parcels that are his
392 854 1315 912 past. At other times, as in "Keepsakes," he seems
392 904 1312 964 too much to be Mr. Schildkraut, the actor, making
392 950 1320 1000 fun, very obvious fun, of Anatol, the character
391 993 1315 1050 which, together with the way Miss Forrest insists on
392 1038 1308 1102 crying, carries the scene away from Schnitzler to¬
399 1083 1241 1141 ward the Hoboken manner of kidding revivals.
434 1102 1315 1184 The scene in which the mixture of dark and light,
389 1145 1320 1243 of the gay and brooding, is perfectly balanced, is
398 1215 1315 1282 Christmas Present to my mind the best of them
396 1267 1312 1322 all, and as beautiful a piece of acting as one could
392 1315 1315 1360 wish for. A chance meeting of the toy philosopher
401 1360 1315 1415 (on his way to buy a present for the nice little girl
389 1399 1308 1458 who always says the right thing) and the lady of
389 1446 1318 1501 fashion, so quick to take mock offense at words she
389 1489 1308 1556 half wishes she had the courage to lead into some¬
387 1534 1308 1592 thing more than words. The way Miss Collinge be¬
387 1575 1312 1635 trayed this ladys uncertain heart, the accurate,
387 1625 1308 1676 shaded beauty of her speech, the excitement behind
387 1673 1303 1732 the neat verbal fencing, the throb of controlled fee¬
387 1716 1312 1776 ing underneath the banter, and Mr. Schildkraut
389 1763 1303 1825 quiet warmth and esse, made it one of the few
384 1807 1036 1876 memorable moments of the season.
417 1837 1318 1907 In this scene M. Schildkraut was at his very best.
389 1902 1312 1950 In the earlier scenes especially in the first two-
389 1947 1312 2007 played in larger type than was necessary, and dis¬
389 1990 1312 2045 turbed one by a stiffness of gesture, a periodic lock¬
389 2036 1312 2093 ing out over te audience, and other mannerisme.
382 2083 1312 2138 But as a whole it is a rich, varied Anatol, and in
389 2126 1294 2184 at least two scenes easily the most impressive per¬
384 2167 1248 2243 formance that I have seen Mr. Schildkraut give.
417 2231 1318 2319 A complete contrast to les Colinge, perform
396 2310 1308 2356 ance, and in its own way quite a remarkable, is the
384 2358 1308 2422 Mimi of Miriam Hopins. An uproariously funny
387 2401 1308 2456 splash of animal life and color, brillantly vulgar.
387 2444 1312 2501 disarmingly young, frank and greedy. This Mimi
392 2485 1306 2551 ought to be kept permanently in a cage, so we can
387 2539 1300 2589 all go when we are feeling depressed and watch her
389 2580 1308 2632 gobble up the oysters, or fall asleep heavily in the
384 2627 1312 2689 middle of the party, or dig into the souffle with her
389 2677 938 2739 eyes still streaming with tears.
422 2699 1308 2768 I have now seen Anator twice (it was auch
387 2759 1312 2816 smoother a day or two later than on the opening
389 2802 1300 2861 night) and bits of it, stray thoughts about it, keep
392 2854 1306 2916 irrepressibly coming back. The lovely pictures
391 2911 1306 2964 made by Jo Mieliner sets, exactly right for Mar¬
392 2943 1308 3010 room, too beautiful to be quite right for the scene
389 2988 1303 3047 with Emily, breathtaking in the snowstorm under
389 3035 1308 3098 the arcade.... But need the Rathaus have stood
392 3078 1303 3138 out quite so clear and picture postcard; need the
389 3124 1303 3181 excellent snow have gone on falling with such a
389 3171 1303 3239 resolute counterfeit of nature all through that scene?
404 3215 1303 3276 The writing of the scene in Maxis room, which
386 3262 1308 3317 says more, and more kinds of things, than the others,
382 3305 1306 3351 but does not say them so loud. How Miss For¬
389 3350 1303 3410 rest and Mr. Schildkraut hurried the end of their
392 3398 1303 3451 scene, when the final, bitter, angry note comes into
389 3442 1300 3518 what might have turned out just another silly quar¬
387 3489 1306 3547 rel. . . . Mr. Schildkraut fantastic dressing gown
384 3535 1303 3582 in the last scene.... And those comio-opera
387 3582 1306 3635 guardsmen's uniforms of his and Mr. Connolly's al¬
389 3630 1308 3687 most tipping what was already te farce enough
389 3668 1308 3725 into burlesque.... And the perhaps foolish ques¬
387 3718 1306 3775 tion, when it is all over, and one wants to see half
389 3761 1303 3823 of it all over again did Schnitzler ever ask himself
392 3806 1308 3857 what "Anatol" did with his time, his thoughts, when
387 3850 1312 3907 they weren't occupied with his preoccupation? It
387 3895 1300 3950 Schnitzler had written a scene between Max and
384 3943 1312 3986 Anatol in which they do not talk about women, but
389 3988 1312 4043 about work, politics, horses or life, would these two
387 4035 1308 4105 characters have shrunk in our eyes or would they
379 4067 652 4155 be color fast
1701 167 2577 286 4.9. Anatol - Zykle
2811 186 3162 281 box 9/4
1795 1602 2306 1702 American Hebrew
1988 1675 2306 1763 Jan 30-31
1961 1857 2881 2035 the Prompt Book
2076 2033 2773 2110 By MILDRED EDELHERTZ FISHER
2637 2155 2866 2219 -
1771 2210 3112 2303 BREATH of old Vienna, the Vienna that is gone, has been waited over to
1742 2274 3121 2320 Broadway, in the revival of Granville Barkers version of Schnitzler’s
1737 2308 3112 2358 Anatol. The play, when only read, gives one the clearest and truest impres¬
1742 2348 3112 2401 sion of that delightful city, but in the present production, the atmosphere
1745 2380 3117 2436 which Schnitzler created has been even more enhanced by the authenticity and
1752 2425 3119 2475 taste of the settings which were done by Jo Mielziner. Each of the six scenes,
1745 2460 3126 2510 aside from their intrinsic charm, are set and painted in such perfect recreation
1745 2498 3117 2544 of all that is Viennese, that we forgot, for the time, the Lyceum Theatre and
1754 2532 3109 2582 Times Square outside it. It is not necessary to say that Mr. Joseph Schild¬
1737 2573 3117 2616 kraut was ideally cast as Anatol, for those who know him and his background
1749 2609 3121 2658 will comprehend how fully capable he is to interpret the character. An
1742 2642 3112 2690 American actor would never have been able to give to the part that subtle
1742 2678 3112 2730 touch of effeminacy which is so typical of the Viennese dandy. Mr. Schild¬
1745 2714 3121 2773 kraut has naturally understood this, and still more, he has known how to con¬
1752 2757 3115 2804 vey the impression, as the piece progresses, that Anatol the naive, Anatol the
1745 2795 3115 2845 debonair, is gradually growing older, wiser and sadder. Of the six women
1745 2826 3117 2895 who symbolized the six affairs, the best performances were given by Patricia
1749 2868 2747 2918 Collinge and Miriam Hopkins, which was to be expected.
