3296 4224
1292 174 1652 268 box 8/6
171 182 584 280 4.9. Ana¬
645 179 1098 291 1 Zyklus
377 651 1360 736 Bitte Rückseite beachten!
979 717 1381 798 Telephon 12.801.
618 888 1219 995 BSERVER
367 979 1422 1058 I. österr. behördl. konz. Unternehmen für
662 1036 1128 1115 Zeitungsausschnitte
382 1082 1422 1156 Wien, I., Konkordiaplatz 4.
779 1147 1025 1207 Vertretungen
374 1164 1422 1243 in Berlin, Basel, Budapest, Chicago, Cleveland, Christiania,
382 1232 1429 1283 Genf, Kopenhagen, London, Madrid, Mailand, Minneapolis,
382 1278 1419 1343 New-York, Paris, Rom, San Francisco, Stockholm, St. Peters¬
767 1315 1047 1373 burg, Toronto.
622 1359 1189 1438 (Quellenangabe ohne Gewähr).
380 1408 730 1508 Ausschnitt aus:
748 1455 1493 1535 oslauer Morgen Zeitung,
681 1533 797 1619 1911
386 1535 641 1630 vom
234 1612 1031 1682 sie die Aufführung
290 1676 1484 1750 Lobe=Theater. Sonnabend, 18 Februar. „Anatol.) Vier
223 1726 1486 1790 Einakter von Arthur Schich Mit dem „Anatol, einem
223 1777 1482 1824 pielerischen Zyklus von 7 Zwei= und Dreigesprächen aus dem bunten
226 1813 1484 1861 Liebesdasein eines Wiener Lebemännchens, hat Arthur Schnitzler vor
223 1851 1486 1900 nahezu 20 Jahren seine dramatische Laufbahn begonnen. Es ist ihm
220 1889 1479 1937 wunderlich mit diesen zierlichen Einakterchen ergangen. Erst waren
223 1927 1482 1977 sie lange Zeit nur eine pikante Lektüre für litterarische Genießer,
226 1967 1486 2016 die den eigentümlichen Duft der für den jungen Schnitzler so be¬
226 2000 1486 2051 zeichnenden sich selbst ironisierenden Melancholie zärtlich einsogen,
217 2040 1482 2083 dann erschienen allmählich die prägnantesten der sieben Stückchen
226 2076 1489 2124 bald da, bald dort einzeln auf der Bühne. Und jüngst — als die
223 2113 1486 2162 Zeit des „Anato eigentlich schon vorüber schien —, kam das Ber¬
230 2160 1486 2205 liner Lessing=Theater auf den Einfall, einmal die Abenteuer Anatols
223 2187 1482 2241 für sich allein wirken zu lassen und stellte ein Quartett oder Quintett
226 2235 1495 2279 von ihnen zusammen. Der Einfall gefiel. So bekamen auch wir heute
223 2265 1489 2315 vier Anatol-Akte zu sehen, von denen übrigens mindestens drei
226 2303 812 2365 hier schon gezielt worden sind.
295 2330 1493 2387 Vielleicht trafen aber die Theater zuerst doch das Rechte, als sie
226 2371 1489 2422 immer nur einen Anatol=Gang als Vorspeise servierten. Vier
226 2410 1489 2460 Vorspeisen ohne ein ordentliches Mittelgericht und einen gehörigen
223 2452 1490 2501 Magenschluß sind selbst für den zartgaumigsten Gourmand nicht ganz
226 2488 1493 2534 das richtige Essen. Alle diese niedlichen Junggesellen=Späße gleichen
230 2529 1495 2575 sich in Anlage, Entwickelung. Stimmung und Pointe doch gar zu
233 2563 1486 2615 sehr, und dem Eindruck einer gewissen Einfärbigkeit, für den die
233 2597 1490 2656 Herren Theaterregisseure eine besonders empfindliche Witterung
233 2639 1490 2694 haben, begegnen diese gern, indem sie selbst ein wenig koloristisch
223 2681 428 2735 nachhelfen.
298 2699 1492 2760 Auch Herr Bonno hat die vier Einakter nicht als die salon¬
225 2753 1493 2800 philosophischen, koketten Phantasien vor uns ausgebreitet, die sie
228 2789 1490 2841 sind, sondern nach den drolligen Wirkungen gesucht. Wenigstens
230 2829 1495 2879 denke ich mir, daß Herr Skoda nicht ohne Einwilligung des Re¬
230 2867 1495 2920 gisseurs den ein wenig selbstgefälligen, ein wenig naiven, ein wenig
230 2901 1497 2952 egoistischen Anatol mit den äußeren und inneren Behelfen des
233 2936 1498 2989 Komikers gespielt hat. Zumal das häufige Fistulieren, ein Lieb¬
230 2979 1490 3025 lingsmittel überroutinierter Humoristen, wollte garnicht zu dem
233 3023 1500 3068 lieben Burschen passen, der in dem Buche Schnitzlers so lebendig
233 3052 1493 3101 vor uns dasteht. Herr Skoda ist jung, elegant, Oesterreicher, ein
233 3087 1490 3141 trefflicher Darsteller, und dennoch hat er an dem Anatol gehörig
233 3126 1490 3177 vorbeigegriffen. Herr Müller hat wohl den rechten überlegenen
236 3166 1493 3223 Sarkasmus für den Max, ist aber in der Erscheinung — trotz seites
580 3202 1490 3251 zu norddeutsch-schwerfällig für diesen älteren,
230 3213 531 3263 Österreichertums
230 3250 1492 3293 weiseren Doppelgänger Anatols. Von den vier Damen, die in
233 3286 1495 3331 unserem Zyklus auf Anatols munterem Lebenswege zur Heirat die
233 3318 1493 3367 Liebesstationen markieren, war die muntere Annie des Frl. Jauck
226 3353 1497 3405 die schnitzlerischste Figur. Das echte Wiener Vorstadtmädel mit dem
230 3392 1490 3454 leichten Herzen, dem reschen Lerchenfelder Schnabel und dem
233 3429 1490 3479 urgesunden Magen! Sehr fein in ihrer unbefangenen Gedächtnis¬
233 3470 1498 3521 schwäche für verklungene Episoden aus ihrer internationalen
230 3506 1495 3554 Steeple-Chase über Männerherren wirkte die Zirkusdame Bianca
233 3544 1493 3592 des Frl. Lamberg. Die kleine Cora aus der „Frage an das
233 3584 1501 3635 Schicksal darf den größten Teil ihres Bühnendaseins im hypnotischen
238 3627 1498 3670 Schlafe zubringen. Das war für Frl. von Pothy und die Zu¬
236 3658 1497 3715 schauer angenehm, da sie weit natürlicher schläft, als spricht. Als
233 3693 1498 3744 eifersüchtige Ilona aus dem Hochzeitsmorgen gab sich endlich Frl.
233 3734 1498 3785 Fabry ungemein geräuschvoll. Ich glaube, selbst diese rabiate junge
233 3772 1500 3825 Dame kann seiner und liebenswürdiger dargestellt werden, als es
241 3817 477 3875 hier geschah.
290 3858 1044 3950 Buchhausgabe bei S. Fischer, Berlin
1817 1257 2838 1373 Die Rückseite beachten
2412 1341 2827 1435 Telephon 12.801.
2065 1516 2661 1627 BSERVER
1798 1612 2854 1707 I. österr. behördl. konz. Unternehmen für
2098 1669 2563 1744 Zeitungsausschnitte
1824 1709 2857 1799 Wien, I., Konkordiaplatz 4.
2214 1783 2466 1845 Vertretungen
1812 1791 2867 1891 in Berlin, Basel, Budapest, Chicago, Cleveland, Christiania,
1815 1851 2868 1924 Genf, Kopenhagen, London, Madrid, Mailand, Minneapolis,
1813 1891 2860 1975 New-York, Paris, Rom, San Francisco, Stockholm, St. Peters¬
2203 1943 2499 2005 burg, Toronto.
2062 1988 2640 2086 (Quellenangabe ohne Gewähr).
1812 2056 2182 2154 Ausschnitt aus:
2211 2083 2768 2173 Wiesbadner Tagblatt
1958 2121 2239 2228 2
2346 2152 2637 2239 Wiesbaden
1832 2171 1962 2271 vom
2132 2371 2618 2471 Residenz=Theater.
1896 2426 2932 2537 Samstag, 25. Februar: Faschings=Prolog. Verfaßt
1829 2502 2941 2578 von Julius Rosenthal. — „Anatol." Von Artur
1837 2526 2919 2621 Schnitzler. Die Frage an das Schicksal. — Episode. —
1845 2588 2726 2670 — Anna Hagmorgen.
1900 2594 2925 2715 Auch der diesjährige Faschings=Prolog stammt aus der
1832 2673 2941 2757 versgewandten Feder Julius Rosenthals, und wieder
1839 2711 2943 2800 war es Herr Winter, der als Prinz Karneval mit
1836 2757 2944 2846 hübscher Pointierung den witzigen Versen Geltung ver¬
1845 2813 2965 2894 schaffte. Allerdings könnte der junge Künstler etwas mehr
1840 2846 2946 2938 Mäßigung in den Bewegungen während des Vortrags
1848 2879 2944 2981 zeigen. Natürlich belächelte Herr Rosenthal wieder die
1850 2922 2947 3019 Kurtaxe und ließ den Prinzen Karneval einen Rundgang
1847 2971 2944 3058 durch die Stadt antreren, auf der Suche nach Frau Sorge,
