3296 4224
1243 157 1615 254 box 8/6
134 170 1083 268 4.9. Anatol - Zyklus
170 669 1106 838 Bitte Rückseite beachten
669 783 1096 904 Telephon 240.
62 1037 1148 1210 I. österr. behördl. konz. Unternehmen für
369 1129 845 1210 Zeitungsausschnitte
88 1135 1145 1298 Wien, I., Konkordiaplatz.
483 1236 747 1312 Vertretungen
85 1253 1152 1370 in Berlin, Basel, Budapest, Chicago, Cleveland, Christiania,
91 1312 1145 1406 Genf, Kopenhagen, London, Madrid, Mailand, Minneapolis,
85 1351 1152 1481 New-York, Paris, Rom, San Francisco, Stockholm, St. Peters¬
486 1409 770 1478 burg, Toronto.
336 1436 917 1537 (Quellenangabe ohne Gewähr.
91 1475 1080 1654 Ausschnitt Münchner Zeitung
1331 1546 3148 1690 hat an denen Frau zu schuhe. Die Menge de
1331 1648 3148 1729 n Lebens kräftigst auch in die weichliche Herrn Direktor Stollberg war von derselbe
117 1631 480 1768 12
1279 1690 3152 1768 Atmosphäre Wiens zu fahren, und so wird die wohlbekannten Qualität, wie die von Herrn Go¬
1279 1726 3145 1817 bunte Welt der schmerzlich-süßen Liebeleien entworfene Ausstattung. Einer ganz besonder
1289 1781 3139 1850 Schnitzlers vielleicht schon bald nur mehr eine originellen Eindruck machte die Wiener Straße
1298 1817 3044 1909 historische sein. Ihr ältestes Dokument aber, der dekoration für die „Weihnachtseinkäufe.
493 1719 1161 1912 Das Besseren.
1305 1827 3148 1987 Anatol-Zollus, diese übliche Formel erscheitel klang nach jeder Szene lebhaft zu er¬
378 1869 1279 1941 Die Première, die wir am Samstag im
349 1899 2975 2039 Schauspielhaus erlebt haben, ist eigentlich Dinge, wird den Duft und Zauber dieser sten allerdings nach dem Abschieds¬
346 1961 2228 2036 nur eine halbe oder vielleicht gar nur eine Vier= odernen Schäferzeit auch späteren Generationen
1325 2000 2225 2049 zu bewahren. Und man wird immer wieder
349 2019 1292 2078 telspremière gewesen. Man gab nämlich Arthur
1334 2036 2228 2117 ne den vom eleganten Schnitzlerschen Feuille¬
359 2062 1272 2114 Schnitzlers lose Szenenreihe „Anato!"
352 2065 2271 2157 und zwar im Zusammenhang, wie sie geschrieben nitz umfunkelten Anatol durch die rasch
362 2114 2267 2205 ist — allerdings mit Weglassung der zwei Szenen wechselnden Episoden seines Liebeslebens be¬
352 2179 2261 2241 „Denksteine“ und „Agonie", um die es aber nicht gleiten, dessen erste Etappe mit einem sehr stür¬
359 2202 2267 2284 sehr schade war. Eine solche Gesamtaufführung mischen Hochzeitsmorgen einen wirkungsvollen,
346 2251 1847 2326 dieses Zyklus ist merkwürdigerweise in München vorläufigen Abschluß findet.
1321 2267 2232 2356 Die beinahe französische Grazie (und Salopp¬
349 2310 1282 2362 bis zuletzt noch nicht versucht worden; in dieser
352 2326 2267 2404 Beziehung liegt also tatsächlich eine Erstauf¬ heit!) dieser Szenen „liegt dem Schauspielhaus
352 2375 2228 2447 führung vor. Dagegen ist die populärte der sieben gut. Und für den Anatol besitzt es ja — einst¬
352 2418 2235 2486 Szenen, „Abschiedssouper, hier wie überall seit weilen noch — in Herrn Waldau den aller¬
356 2463 2248 2538 langem ein Grundstein des Repertoirs. Auch die berufensten Darsteller. Diese Mischung aus
346 2499 2251 2574 „Frage an das Schicksal“ ist im Schauspielhaus kokettem Selbstbewußtsein und müder, frühreifer
346 2541 2267 2626 und im Residenztheater schon öfter gestellt oder Lebemann-Art, aus Zärtlichkeit und Melancholie
346 2587 2235 2659 richtiger: nicht gestellt worden. Und die „Weih= ist nun einmal unwiderstehlich. Und extra be¬
352 2623 2267 2698 nachtseinkäufe" hat uns Schnitzler erst vor kur=wundert zu werden verdient die geistige und kör¬
359 2669 2235 2740 zem selbst vorgelesen. Wirklich neu waren also perliche Spannkraft, mit der Herr Waldau die
346 2708 2267 2780 nur „Episode" und „Anatols Hochzeitsmorgen". Strapazen dieser anstrengenden Rolle überwand.
382 2757 2271 2816 Die Anmut dieser tändelnden, verliebten Dem klug überlegenen, trocken witzigen ganz un¬
1305 2796 2232 2858 sentimentalen Max, diesem Spiegel Anatols und
356 2806 1282 2864 Szenen, die ein Mittelding zwischen Novellette
352 2835 2258 2900 und Komödie darstellen, schmeichelt den Sinnen personifizierten Chorus, war Herr Randolf ein
356 2884 2264 2940 heute noch ebenso wie vor 18 Jahren, da Schnitz= kaum weniger geeigneter und sympathischer Ver¬
352 2917 2251 2982 ler sich mit ihnen in die Literatur eingeführt hat, lebendiger. Und sehr nett war die Parade der
352 2969 2245 3031 Die Zeiten haben sich allerdings unterdessen Geliebten Anatols. Zuerst startete Frl. Stein¬
346 2998 2238 3067 gründlich geändert, und so mag es wohl sein, daß brecher (Cora), die etwas zu versprechen
356 3037 2248 3106 der berufsmäßig, aber doch nur oberflächlich scheint. Den zweiten Platz hielt das zierliche
1298 3086 2254 3145 Frl. Landing (Bianca) in höchst aparter
349 3103 1279 3161 liebende und halb empfindende Anatol, diese
352 3122 2245 3194 „leichtsinnige Melancholiker" und „Hypochonder Hosenrock-Toilette. Dann kam Frau Ger¬
346 3161 2235 3240 der Liebe, wie er sich gelegentlich nennt, heute häuser, die wissende, reife, reservierte „Mon¬
356 3210 2245 3272 nicht mehr im selben Grade wie um 1890 typisch dane", an die Reihe. Nummer 4 war Frl. Woi¬
356 3246 2232 3315 für Wien ist. Das gleiche mag von dem füßen wode (Annie), die ihre köstliche frische „Süße¬
352 3295 2232 3357 Mädel gelten, das Schnitzler literaturfähig ge¬ Mädel=Anmut unversehrt aus Rußland zurück¬
346 3331 2241 3396 macht und das dann die Wiener Bühne lange gebracht hat. Und als letzte trat Frau Schaffer
1305 3370 2235 3426 in die Arena, die als stolze, rassige Ilona den
349 3390 1279 3465 Jahre, aber nicht immer zu ihrem Vorteil, be¬
1272 3413 2251 3491 Reigen mit einem temperamentvollen Furioso
349 3429 600 3507 derricht hat,
