3344 4224
173 101 602 218 4.9. Anat
649 105 971 229 1 Zyk
439 1370 919 1488 THEATER.
291 1554 1156 1628 Das Gastspiel der Philharmoniker in
189 1620 1142 1690 Berlin hat einen geradezu stürmischen
195 1671 1151 1750 Erfolg gehabt und die Kunst kann sich an
195 1724 1147 1813 diesem bundesbrüderlichen Enthusiasmus
199 1785 573 1860 herzlich erfreuen.
290 1859 1141 1940 Die Wiener Künstler haben ihre bekannte
195 1926 1142 1984 Wärme und den sinnlichen Glanz ihrer In¬
191 1976 1150 2043 strumente zur Wirkung gebracht — hoffentlich
191 2032 1146 2105 bringen sie aus der norddeutschen
191 2095 1132 2164 Atmosphäre auch Elemente der straffen Or¬
199 2164 1140 2222 ganisation, der eisernen Disziplin und des
199 2212 1136 2279 unbegrenzten Strebens nach Österreich
191 2263 358 2340 zurück.
295 2315 1142 2393 Unsere Heimat lechzt mehr als je nach
191 2380 1150 2448 Befruchtung jenes Geistes, der in Kant und
193 2443 1134 2517 Fichte, sowie in Bismarck und in¬
191 2503 1044 2581 denburg geleuchtet und gewirkt hat.
301 2573 1136 2634 Wir sind stets in Gefahr, zu weich zu
189 2635 1146 2701 werden, ja zu zerfließen und unsre eignen
191 2686 725 2752 Reichtümer zu verlieren.
291 2739 1142 2816 Männlichkeit aber ist das letzte um und
185 2813 1146 2876 auf aller Volksgröße und die österreichische
192 2863 1146 2966 Kunst ist oft in Gefahr, das Männliche ganz
187 2932 472 3024 zu verlieren.
1285 117 1647 205 box 9/5
1501 1249 2171 1370 Aus der (0
1289 1340 2145 1404 Man mustere zum Beispiel unsere Drama¬
1194 1395 2149 1468 tiker von Grillparzer an bis zum heutigen
1194 1452 1976 1521 Modepoeten Artur Schnitzler.
1296 1503 2143 1591 Werden wir je ernstlich wünschen, daß
1200 1588 2140 1649 Männer unsere Geschicke leiten, die den
1205 1640 2141 1724 Typen unserer heimischen Dramatiker ent¬
1193 1705 1421 1774 sprechen?
1295 1766 2145 1862 Lauter Zwielichtgestalten, teils vergrämt,
1194 1834 2134 1902 teils in schwüle Sinnlichkeit versunken, geist¬
1194 1895 2143 1977 reichelnde Schwächlinge oder ewige Raunzer.
1289 1944 2145 2020 Oder gar die Figuren des Herrn Rudolf
1196 2019 2134 2100 Bartsch oder die buntgemalten Karten¬
1196 2075 1964 2131 „könige des Herrn Hans Müller.
1283 2146 2140 2206 Man begreift vieles, was bei uns geschieht,
1193 2207 2137 2279 wenn man unsre heimische Literatur studiert.
1284 2273 2141 2340 Man denke sich Herrn Anatol oder die
1187 2322 2143 2392 Zwölf aus der Steiermark Völker mit
1194 2388 2153 2449 Brot versorgend oder ihr Eisenbahnwesen
1196 2444 1501 2533 organisierend.
1283 2516 2140 2580 Man versuche aus dem konfusen Quatsch
1196 2568 2137 2641 der „Zwölf aus der Steiermark oder aus
1195 2634 2137 2696 dem Ringstraßenkaffeegewitzel Schnitzlers
1187 2698 2134 2772 etwas Heilsames, Ordnendes, Hoffnungsfrohes
1188 2749 1934 2813 für Österreich herauszudestillieren.
1279 2813 2135 2906 Der einzige Schönher hat noch Män¬
1193 2878 2134 2966 liches in sich, aber er beginnt in Manier zu
1182 2942 1398 3033 erstarren.
2293 1326 3146 1421 Und Peter Rosegger, der letzte wirkliche
2200 1394 2865 1478 Könner, ist soeben gestorben.
2285 1456 3143 1539 Der Himmel erbarme sich unsrer Literatur.
2285 1572 3137 1643 in einem allerdings sind wir groß, im
2190 1637 3141 1711 Anstrudeln des eigenen Wesens, im senti¬
2190 1690 3141 1783 mentalen Schwelgen in den Herrlichkeiten
2189 1753 2576 1829 früherer Epochen.
2284 1805 3140 1888 Man denke nur an den üppigen, noch
2190 1877 3134 1947 immer schwellenden Kultus von Alt-Wien,
2190 1934 3134 2004 den wir charakteristischer Weise in unserem
2190 1990 3141 2080 literarischen Lieblingsprodukt in der Operette
2189 2041 2405 2121 betreiben.
2285 2094 2668 2188 „Dreimäderlhaus"
2749 2097 3144 2181 „Hannel" und
2195 2161 3140 2231 womöglich noch eine ganze Trilogie über
2190 2226 3137 2300 das Thema: patzwache Gemütlichkeit bei
2183 2276 2766 2358 Schubertscher Musik.
2279 2334 3140 2414 Natürlich unterhalten sich auch andre
2199 2402 3131 2487 Volksstämme bei diesen Operetten aber sie
2184 2472 2991 2540 machen sich eigene Gedanken dabei.
2291 2526 3136 2604 Wäre es nicht besser, statt schwächlich
2183 2590 3134 2664 in Alt-Wien reminiscenzen zu schweigen,
2178 2664 3138 2748 am Aufbau eines geordneten, lebenskräftigen
2183 2697 2764 2764 Neu-Wien zu arbeiten?
2272 2778 3159 2846 Bartsch und Schnitzlerhelden,
2178 2825 2556 2897 können es nicht.
