3344 4224
1265 158 1617 282 box 9/5
145 174 1078 293 4.9. Anatol - Zyklus
430 1420 1607 1474 gedeihen. In Wahrheit handelt es sich um die Vizepräsidentin
1656 1417 2824 1472 seine List und sein Vorhaben als Erzählung seines Stückes
435 1469 1604 1513 eines Schwimmklubs, die sich durch eine Rekordleistung auf den
1651 1461 2832 1508 dem Hausherrn haarklein mitzuteilen und dann unter dem
57 1366 231 1521 lik.
441 1498 1612 1552 Präsidententhron schwingen wollte und der es äußerst fatal ist, an
1656 1503 2832 1547 Vorwande, daß der Schluß des Stückes seine Gegenwart
438 1534 1614 1586 der Befriedigung ihres Ehrgeizes gehindert worden zu sein. Indes:
1666 1544 2830 1586 fordere, sich mit der Geliebten, die einer ihrer plötzlichen Launen zu
54 1544 267 1632 sei Einakter
430 1570 1607 1622 der Zuspruch des Hausarztes, der herangeeilt ist, um den Narren
1656 1581 2824 1625 folgen scheint, aus dem Staube zu machen. Der Hausherr wird
438 1617 1614 1666 des Beglückungsdranges von der letzten Torheit abzuhalten, bringt
1651 1614 2832 1671 durch einen klügeren Freund darauf aufmerksam gemacht,
433 1661 1614 1710 die ehrgeizige Nymphe dazu, den Don Quichotte der Donau eine
1651 1656 2822 1705 daß es sich wohl um einen Abschied auf Nimmerwieder¬
60 1638 399 1713 schen, die mit der
441 1695 1617 1747 Weile in seinem Lebensretterwahne zu lassen, und das Schwimm¬
1661 1700 2824 1747 sehen handle. Aber es kommt anders. Nina kehrt
62 1702 396 1757 vereinigen möchten,
433 1731 1614 1775 kostüm der Dame, das schließlich die holde Täuschung enthüllt, ver¬
1661 1736 2830 1785 wider ihren eigenen Wunsch zurück, denn das Stück
93 1744 391 1804 uns eine Anzahl
441 1775 1604 1819 mag nichts mehr wider die beglückende Kraft des Herzensbundes
1656 1767 2824 1822 ist durchgefallen, sie muß noch eine Weile in der Garage bleiben,
62 1775 389 1832 die Seitenlinie der
441 1811 1604 1868 Die Komik des unbeschäftigten guten Herzens ist hier gerade star¬
1653 1814 2830 1861 und der aus allen Himmeln gestürzte Freiherr glaubt wieder an
57 1816 396 1863 zu Hans Müller
433 1850 1482 1902 genug, um die Verwegenheit der Voraussetzungen zu decken.
1656 1850 2824 1899 sein verteufeltes Glück, das ihm schon unheimlich geworden ist. Die
57 1861 391 1910 kürlichen Sammel¬
485 1858 1612 1936 Dagegen leidet in den beiden anderen Einaktern der groteske
1651 1889 2822 1941 überraschende Schlußwendung ist recht hübsch, aber sie kommt etwas
60 1894 394 1951 zelt in Wien, und
430 1907 1614 1972 Witz unter der Kompliziertheit des Anekdotenapparats, der ihn
1653 1930 2824 1982 zu spät, um für die schwerfälligen und obendrein recht unbehaglichen
60 1933 396 1987 darf als ihr ähn¬
435 1967 1607 2016 zu erdrücken droht. Das Stückchen „Der Minister" hat
1661 1975 2830 2021 Voraussetzungen, die den überlegenen Spötter zu tief in die
52 1972 399 2034 anten Plaudereien
438 2003 1498 2060 spezifisch österreichische Verhältnisse zur Voraussetzung.
1651 2011 2376 2057 Gemeinheit hinabdrücken, zu entschädigen.
57 2013 394 2070 die sich dramatisch
433 2039 1612 2094 deutschnationale Abgeordnete Herterdings hat bei einem
1689 2024 2819 2094 Gespielt wurde überwiegend nach den guten Traditionen des
57 2052 391 2104 im gesellschaftlichen
433 2081 1609 2138 der häufigen Systemwechsel Aussicht, Landsmann-Minister
1653 2078 2822 2143 Kleinen Theaters. Dem Ministerkandidaten, dessen Gesinnung
52 2089 394 2146 die ihren Verwaltern
441 2127 1612 2174 zu werden, muß aber jede Gefahr der Verdächtigung aus dem
1651 2130 2819 2171 ohne rechtes Behagen karikiert ist und der für eine Lustspiel¬
44 2127 394 2192 Zeiten und überzahm
438 2164 1614 2208 Wege räumen, wenn ihm die ersehnte Würde nicht entgehen soll.
1645 2166 2824 2213 wirkung nur durch einen Beisatz von ausgesprochener Komik zu
60 2169 394 2226 lag einer blasierten
441 2203 1607 2247 Deshalb will er einen Scheinbruch mit seiner Geliebten, der tschechi¬
1656 2205 2835 2247 retten wäre, gab Herr Hartau zu viel staatsmännische Feier¬
57 2210 396 2270 ligen und wertlosen
438 2239 1614 2283 schen (Müller sagt fälschlich: böhmischen) Sängerin Maruschka,
1656 2244 2819 2293 lichkeit. Aber Herr Adalbert, der den parteifrommen Parlamen¬
54 2247 396 2304 tigt hat, ehe ihr
438 2283 1614 2327 herbeiführen und diese angebliche Tre ung dadurch besiegeln, daß
1651 2285 2819 2330 tarier in die dümmliche Temperamentlosigkeit hinüberspielte, und
295 2291 391 2337 weist
62 2288 179 2345 gangen
438 2317 1614 2363 er die Dame einem Parlamentskollegen, der ihm blindlings Folge
1661 2324 2824 2374 Frl. Irma Klaar, die als Maruschka ein Bohèmetum
101 2324 389 2389 ein Charakter,
433 2355 1612 2402 leistet, als Braut aufhalst. Während er sich mit dieser diplomati¬
1651 2366 2819 2418 plumperer Art mit einem glaubwürdigen Tschechisch-Deutsch aus¬
277 2368 391 2425 keiner
446 2394 1609 2444 schen Tätigkeit befaßt, erscheint der Ministerpräsident bei ihm, um
1661 2402 2830 2446 rüstete, taten genug des Drastischen für den superklugen politischen
67 2397 396 2457 vielen Seiten in
433 2433 1614 2480 ihm einen Stimmungswechsel in den höheren Sphären be¬
1658 2436 2830 2493 Scherz. In den Einaktern „Garage“ und „Das Höchste sorgte
54 2438 394 2498 piegel der Lebewelt,
438 2477 1614 2526 greiflich zu machen; man wünscht jetzt keinen streng nationalen
1661 2469 2830 2532 Herr Gustav Waldau für ausgiebige schauspielerische Würze.
54 2480 394 2537 risch bearbeitet hat.
438 2516 1614 2555 Mann, sondern einen Vertreter der milden Ausgleichstimmung ins
1661 2521 2830 2568 Er hatte für die zwei Hauptnarren der beiden Stückchen, für den
57 2526 391 2573 sind gesucht, ins
433 2552 1614 2602 Ministerium zu bekommen. Rasch gefaßt, glaubt Herterdings auch
1653 2558 2824 2604 Stümper der tatendurstigen Tugend und für den bornierten
52 2568 394 2612 uen großen Apparat
438 2591 1614 2635 mit solcher Gesinnung dienen zu können und ruft zum Erweise die
1653 2599 2824 2643 Lebemann, der in seinem ungestillten Drange nach einer großen
54 2602 389 2656 kupellose Hyperbeln,
433 2630 1612 2677 tschechische Geliebte als seine angebliche Braut heran; aber die Dame
1661 2635 2824 2685 Eselei den Wald vor lauter Bäumen nicht sieht, die rechten Farben
54 2640 187 2690 hweben.
218 2640 391 2703 Ist dieser
433 2666 1604 2710 hat sich auf seine Weisung bereits mit dem devoten Kollegen ver¬
1656 2674 2824 2721 auf der Palette. Von jener lässigen Spielart des Wiener Dialekts,
52 2679 391 2736 genug, um eine
435 2708 1607 2752 lobt, der nun mit der Braut zugleich die Ministerschaft davonträgt.
1651 2716 2827 2767 die das Wort erst zerdehnt und dann fallen läßt, weiß er einen
86 2718 394 2775 erkannt ist, so
433 2747 1604 2801 Nicht nur der Held, auch der Autor ist hier überschlau und die Ge¬
1656 2749 2824 2796 sehr lustigen Gebrauch zu machen. Neben ihm haben Frl. Char¬
54 2754 394 2819 den aufgepfropften
433 2788 1319 2845 schichte so künstlich pointiert, daß die Spitze bricht.
1651 2793 2822 2845 lotte Waldow, die die Sachlichkeit der Schwimmerin recht
44 2791 391 2853 r luftigen Speise
1653 2824 2832 2876 energisch betonte, und Frl. Paula Silten, die als Heldin der
469 2804 1607 2874 Auch die dramatisierte Anekdote von der „Garage" leidet an allzu
62 2830 396 2887 Das gilt von dem
1656 2871 2824 2920 Garage die halbweltliche Verwegenheit hervorkehrte, das meiste für
44 2861 394 2928 Blasiertheit, ja Ver¬
441 2871 1612 2923 großer Umständlichkeit der Erfindung. Ein zwischen Ueberfluß und
1651 2905 2819 2954 die Wirkung getan. Das Publikum dankte für jede lustige Wen¬
433 2907 1609 2957 Mangel schwankender Schriftsteller pflegt in den Tagen der Ebbe
52 2913 391 2970 setzung hat und die
1651 2946 2822 2990 dung; nach dem Mittelstück „Das Höchste“ war der Beifall an¬
441 2946 1607 3001 seine Herzensdamen einem reichen ältlichen Verehrer anzuhängen,
44 2951 391 3003 een sucht. Der Held
1651 2988 2819 3032 haltend genug, um mit den Darstellern auch den Autor an die
435 2985 1607 3040 um sie in der Zeit der Flut wieder heimzuholen. Die jeweiligen
54 2990 394 3047 lauter Unheil ange¬
1651 3027 2166 3091 Rampe zu bringen. A. K.
435 3029 1607 3073 Unterkunftsstellen vergleicht er mit Garagen. Seine schöne
54 3032 391 3086 sser zu gehen. Aus
435 3068 1607 3112 Nina befindet sich seit einiger Zeit in der Garage eines ältlichen
54 3065 391 3125 will, taucht ihm die
1687 3078 2830 3159 Die gestern neu aufgeführten Einakter Hans Müllers sind in
435 3107 1607 3154 Freiherrn von mäßiger Gefährlichkeit; während sein neues Stück
57 3110 396 3167 ein mit den Fluten
1661 3133 2824 3190 Gemeinschaft mit drei anderen desselben Autors unter dem Gesamt¬
433 3143 1614 3190 aufgeführt wird, läßt er sich von ihrer Lanne zum Souper in das
80 3146 396 3200 um die vermeint¬
1651 3182 2827 3236 titel: „Gesinnung, respektlose Komödien“ im Deutsch=Oester¬
448 3182 1612 3229 freiherrliche Haus bestellen, um für den Fall eines Erfolges mit
62 3187 389 3244 ihres Widerstandes
430 3218 2508 3288 ihr auf und davon zu gehen. Es macht ihm diabolischen Spaß, reichischen Verlage (Wien) als Buch erschienen.
60 3224 394 3293 gfältigste Pflege an¬
