3436 4320
243 199 646 294 4.9. Ana¬
724 191 1170 299 1 Zyklus
1357 174 1716 272 box 8/7
1213 717 2256 824 Bitte Rückseite beachten!
1816 791 2214 888 Telephon 12.491.
1472 888 1904 1075 BSERV
1190 1060 2248 1142 I. österr. behördl. konz. Unternehmen für
1494 1128 1961 1199 Zeitungsausschnitte
1211 1162 2248 1257 Wien, I., Konkordiaplatz 4.
1598 1230 1855 1292 Vertretungen
1201 1253 2248 1337 in Berlin, Basel, Budapest, Chicago, Cleveland, Christiania,
1201 1324 2245 1374 Genf, Kopenhagen, London, Madrid, Mailand, Minneapolis,
1201 1361 2248 1428 New-York, Paris, Rom, San Francisco, Stockholm, St. Peters¬
1597 1397 1874 1459 burg, Toronto.
1449 1444 2011 1522 (Quellenangabe ohne Gewähr).
1208 1502 1576 1582 Ausschnitt aus:
1631 1535 1902 1619 Der Mar¬
1205 1596 1550 1705 von 15
1499 1685 1940 1751 Anatol in Budapest.
1383 1743 2127 1801 Aus dem leichtsinnigen Melancholiker, aus
1303 1795 2127 1834 dem Hypochonder der Liebe ist auf der Bühne
1303 1832 2126 1877 des Ungarischen Theaters ein Oberflächling mit
1306 1874 2131 1915 unschöfen, manchmal geradezu clownartigen
1308 1912 2127 1957 Bewegungen geworden. Max, sein skeptischer
1303 1956 2135 2001 Sancho pansa hat ein abstoßendes, grelles
1312 1991 2131 2035 Lachen angenommen. Und erst die weiblichen
1315 2032 2127 2076 Wesen! Entweder zu unbedeutend oder zu ge¬
1302 2064 2132 2122 rauschvoll. Am besten ist noch das „Abschieds¬
1306 2106 2131 2161 souper gelungen, denn da gibt es Pointen und
1306 2155 2127 2198 ganze Töne, da kann eine Charakterkomikerin
1303 2186 2134 2238 wie Frau Forrai mit der sympathisch falschen
1303 2226 2134 2270 Stimme, mit dem Vorstadtbenehmen das freche
1312 2264 2131 2312 Luderchen vom Ballett unvergeßlich machen.
1308 2306 2127 2353 Auch der „Hochzeitsmorgen mit seinem kom¬
1308 2343 2131 2387 schen Lärm hat eingeschlagen. Wem aber der
1308 2376 2127 2428 liebe, kleine Katechismus von den kleinen Ge¬
1312 2415 2135 2466 fühlen, an denen wir alle kränkeln, als Buch
1306 2463 2131 2511 beschaulicher Stunden ans Herz gewachsen war,
1321 2504 2134 2548 vie auch in Budapest so vielen jungen Frauen
1312 2535 2136 2585 und jungen Männern), der tat und tut am
1312 2574 2136 2624 besten, dieser übrigens publikums erfolgreichen
1303 2620 2134 2668 Aufführung fern zu bleiben. Die ansonsten auf
1306 2659 2142 2705 der Höhe ihrer Aufgabe stehende Regie wollte
1312 2699 2135 2752 dekorativ des Guten zu viel geben und richtete
1312 2736 2131 2780 Anatols Zimmer als Kitschwohnraum aus Berlin-
1312 2776 2136 2817 Westen ein, alles funkelnagelnen, letzte Wert¬
1308 2814 2138 2860 heimeleganz. Selbst das könnte noch verziehen
1306 2855 2131 2904 werden. Nicht aber, was der Darsteller des
1312 2889 2131 2943 Anatol — ich nenne Herrn Alexander Gott nur
1308 2934 2138 2982 ungern, denn sonst ist er ein Schauspieler von
1470 2972 2142 3016 bei den „Weihnachtseinkäufen sich
1312 2976 1410 3025 Takt
1308 3015 2131 3061 leistet. Die Winterstimmung des Bildes ist an¬
1306 3054 2131 3094 heimelnd gut, dicht fällt der Schnee, und die
1312 3092 2142 3132 Gabriele in Budapest ist schön und elegant.
1312 3132 2135 3177 Herr Goth hält es aber für notwendig, während
1312 3172 2135 3220 des lieblichlebhaften Gespräches halb und halb
1312 3205 2135 3260 auf Trottoir und Fahrweg, einen Fuß oben,
1307 3249 2127 3306 einen unten, zu hopen, der jungen Frau Maroni
1312 3288 2128 3350 zu kaufen und zuende, als sie fort ist und er
1308 3326 2107 3380 mit einem sordinierten „Gnädige Frau —
1308 3364 2139 3408 stehen zu bleiben hat, einer vorbeikommenden
1308 3405 2125 3450 Midinette nachzusteigen. Unser lieber Anatol,
1312 3443 2131 3495 der Freund beschaulicher Stunden, wäre zu dieser
1312 3480 2131 3546 Gemütsroheit nicht fähig, denn draußen in der
1327 3567 2140 3629 Vorstadt erwartet ihn sehnsüchtig das süße
1327 3620 2146 3669 Mädel im kleinen Zimmer. Anatol in Budapest
1324 3662 2148 3714 (Ungarisches Theater, Isabellaplatz) braucht einen
1324 3703 2155 3752 wirksamen Szenenschlußeffekt, und er nimmt
1321 3743 1842 3806 sich heraus, was er braucht.
1780 3769 2121 3840 Eugen Mohágs.
