3344 4256
261 160 758 289 4.9. Anato
659 238 758 294 .
932 165 1122 279 Zykl
1376 175 1731 291 box 9/1
1862 291 2777 388 anderen als rein primitiven Motiven
1878 375 2787 428 tief erschütternder Weise zur Darstellung
1878 423 2871 481 bringen. Die Christine und sogar die Mizzi Schlagen
1880 464 2883 532 sind unvergängliche Standbilder in der Halle dra¬
1880 512 2883 578 matischen Frauengestalten. Die Wienerin, wohlge¬
1875 560 2881 621 merkt jene der Neunzigerjahre, erscheint da in zwei
1872 611 2876 666 ihrer markantesten Typen mit klassischer Meister¬
1885 656 2883 727 schaft verewigt, und das ganze Werk trägt in
1875 707 2886 793 weichen Pastelltönen ein Zeit- und Lokalkolorit von
1872 747 2883 808 unüberbotener Treue. So allgemein menschlich
1883 803 2883 874 sein Vorwurf ist, diese Handlung und diese Gestalten
1875 854 2888 920 würden, an einen fremden Ort versetzt, fremd
991 854 1361 963 alone uns den
1872 897 2883 973 wirken und verblassen; sie danken ihr Dasein eben
1878 950 2878 1026 einem Wiener Dichter, der Jude und doch wieneri¬
818 907 1769 1031 t aus GRAZER TABLAT
1885 1006 2536 1069 scher ist, als irgend ein anderer.
988 993 1206 1087 791.
1943 1026 2876 1107 Auch in der Reihe jener Autoren, die es ver
1885 1090 2886 1163 suchen, die Bühne ohne Rücksicht auf das Thea¬
1878 1150 2891 1216 tralische der einfachen dramatischen Aufrollung
960 1150 1756 1267 Theater und Kunst.
1880 1193 2891 1259 ernsten menschlicher Probleme dienstbar zu machen,
1878 1244 2891 1310 wie dies im „Weiten Land“ geschieht, nimmt
1880 1287 2883 1356 Schnitzler eine führende Stelle ein, und deshalb ist
1145 1287 1586 1386 Schauspielhaus.
1885 1338 2891 1399 es, auch wenn man ihn im Sinne des Gesagten
864 1335 1852 1457 Schnitzler-Feier anläßlich des 50. Geburtstages de¬
1885 1388 2886 1459 nicht als deutschen Dichter gelten lassen kann und
1077 1424 1647 1480 Dichters am 15. Mai 1912.
1878 1437 2894 1497 will, erfreulich gewesen, daß sein fünfzigster Ge¬
925 1452 1855 1538 Artur Schnitzler ist vielleicht noch weniger als
1885 1480 2894 1558 burtstag an fast allen deutschen Bühnen und auch
864 1510 1855 1589 Heinrich Heine im eigentlichen Sinne ein Deutscher
1888 1541 2595 1619 bei uns würdig gefeiert worden ist.
864 1579 1855 1637 aber er ist ein großer jüdischer Dichter mit aller
1948 1553 2888 1644 Den gestrigen Abend füllten die vier Einakter
867 1627 1860 1685 Eig ümlichkeiten seiner Rasse und vor allem ist
1888 1624 2891 1700 „Die Frage an das Schicksal“, „Weihnachtsein¬
864 1672 1862 1733 er auch ein Wiener Dichter. Denn er hat die Lie¬
1893 1685 2894 1746 käufe", „Abschiedssouper" und „Anatols Hochzeits¬
867 1725 1860 1781 belei“ geschrieben. Wenn einmal jemand daran
1895 1733 2896 1791 morgen" aus der Anatolserie. Sie sind für Graz
864 1763 1855 1834 gehen will, eine Psychologie Wiens an der Wend¬
1893 1776 2894 1842 nicht neu, doch aber ist diese Wahl als eine glück¬
864 1817 1852 1883 des 19. und 20. Jahrhunderts zu arbeiten, so wir
1893 1827 2899 1893 liche zu bezeichnen, denn neben der „Liebelei" zählen
867 1862 1860 1928 er neben Weininger an Schnitzler wohl die er¬
1900 1878 2899 1941 sie zu Schnitzlers charakteristischesten Werken. Auch
867 1913 1857 1981 giebigste Quelle zur Darlegung der Pathogenie der
1893 1923 2896 1986 hier klingen echt wienerische Akkorde an, bald im
1396 1966 1865 2040 Schnitzler reflektiert in
854 1969 1307 2040 Wiener Volksseele für
1895 1979 2899 2040 Moll des sentimentalen Volksliedes, bald im
869 2019 1855 2078 seinem Schaffen das erbende Wienertum und
1893 2019 2896 2083 hüpfenden Walzertakt; man atmet Praterduft, steht
867 2068 1865 2126 die Ursachen dieses Absterbens klarer, überzeugen¬
1895 2080 2896 2136 im Schatten des Stephansturmes und aus dem
867 2116 1867 2182 der schleierloser als irgend ein anderer, und er
1900 2118 2894 2182 Dunst der Großstadt lächeln die entzückenden Wiener
861 2169 1862 2247 gescheint hiezu prädestiniert, weil er Jude und
1900 2174 2894 2232 Grisetten, die ja erst Schnitzler literarisch typisiert
846 2212 1865 2293 och auch bodenständiger Wiener ist. Hierin liegt
1893 2227 2894 2288 hat. Oberflächliche Kritik könnte diese kleinen
872 2255 1870 2331 sein Konflikt und hierin liegt auch der Schlüssel zu
1900 2265 2899 2331 Dinger unbedeutend nennen, aber sie täte damit
872 2313 1870 2377 all dem scheinbar Rätselhaften in seiner menschlichen
1890 2323 2896 2382 unrecht, denn jedes von ihnen liefert ein liebevoll
867 2372 2899 2420 und künstlerischen Persönlichkeit. Denn an diesem beobachtetes Genrebild, und der neben einigen
869 2412 1872 2470 bodenständig gewordenen Wiener Judentum hat
1900 2420 2899 2498 Franzosen nur noch, von Bahr erreichte glitzernde
869 2458 1867 2524 Wien sich selbst verlor und niemand vermag
1900 2465 2810 2531 Plauderstil gleicht an Grazie jenen Grisetten.
874 2511 1862 2567 diesen Verlust treffenden zu kennzeichnen als jemand
1964 2491 2899 2584 Die Aufführung verdient bis auf einige Ein¬
869 2562 1870 2620 der ihn unbewußt so energisch fördern half wie
1900 2567 2901 2630 zelheiten alles Lob. Sie war zunächst nicht nur für
882 2607 1870 2663 Artur Schnitzler. Gleich vielen anderen seiner
1900 2615 2901 2678 Artur Schnitzler, sondern auch für Lori Weiser
869 2655 1872 2719 literarisch tätigen Stammesgenossen hat er das
1895 2668 2906 2726 ein wahrer Ehrenabend, in den drei „süßen
882 2706 1872 2772 ganze ehemalige Wienertum in sich eingesogen
1900 2719 2904 2785 Mädeln“ Kora, Annie und Ilona wieder einmal
874 2752 1862 2812 und er gibt es wieder als ein Zwitterding, das
1903 2769 2904 2823 ein gutes Stück ihres ureigensten Wesens ausleben
869 2805 1867 2871 nur einmal anders als rein äußerlich an die zeu¬
1895 2815 2899 2876 konnte. Und wenn sie das kann, strömt die sichtliche
884 2850 1870 2919 gende Scholle mahnt; an diese Scholle, die inzwischen
1905 2866 2899 2924 Freude an ihrer fröhlichen Kunst auf das ganze
874 2904 1872 2959 unfruchtbar geworden ist und von der fast nur
1905 2914 2896 2975 Haus über, sie freut sich in ausgelassenster Laune
872 2947 1865 3015 mehr an Grünzeugständen und in Hausmeister
1903 2964 2901 3018 an dem Publikum, das sie in ihrer Macht weiß, und
874 3013 2899 3063 wohnungen ein paar letzte, auch ohne fremden das Publikum freut sich mit ihr Darsteller und
879 3051 1870 3109 Dünger noch tragfähige Krumen übrig geblieben
1903 3063 2896 3117 Zuhörer fließen das sagen zu gemeinsamen
884 3099 1872 3160 sind. Es liegt eine seltsame Ironie darin, daß ge¬
1903 3104 2901 3187 Wirken ineinander, und das schafft erst den wirk¬
874 3144 1862 3200 rede ein Jude diese letzten Reste treulich ge
1903 3157 2904 3215 lichen Theatergenuß. Vor allem war die Annie
884 3193 1872 3256 sammelt und daß gerade er es verstanden hat, ihre
1908 3203 2899 3263 im Abschiedssouper, die sie zu ihren besten Rollen
879 3241 1870 3304 Keime der Kunst dienstbar zu machen. Schnitzler hat
1903 3256 2904 3314 zählen darf, ein kleines Kabinettstück, welches auch
882 3301 2899 3367 ja die „Liebelei“ geschrieben, er hat sie geschrieben, die Niese in ihrer glücklichsten Zeit nicht lebens¬
884 3345 1870 3400 während Lueger und Konsorten das gefeiert
1908 3357 2906 3410 frischer zu geben hatte. In den „Weihnachtsein¬
882 3395 1870 3448 Wiener Herz an Kerzelweiber männlichen und
1903 3403 2901 3454 käufen", spielte Alice Gerald die Gabriele,
1786 3443 1875 3497 Und
882 3438 1594 3497 weiblichen Geschlechtes verschacherten
1903 3454 2909 3527 Naturgemäß mangelte ihr die hier unerläßliche
884 3489 1865 3557 noch etwas gibt es, das ihn fast allen anderen Mit
1903 3504 2896 3555 Wiener Note, die noch kein norddeutscher Dar¬
887 3545 1880 3606 gliedern der „Jungwiener Gruppe gegenüber
1910 3552 2904 3613 steller echt anzuschlagen verstand, im allgemeinen
882 3593 1870 3646 adelt; er hat seine Kraft immer den eigenen innerer
1903 3600 2906 3654 bot jedoch auch sie wieder eine vortrefflich aufgefaßte
887 3638 1878 3699 Impulsen dienstbar erhalten, er hat sie niemals
1903 3651 2901 3712 Gestalt von großer Liebenswürdigkeit und Lebens¬
879 3689 1872 3750 auf den Tantiemenmarkt geworfen, auf welchen
1903 3699 2904 3752 wahrheit. Louis Neher ist kein Anatol. Was er
889 3737 1878 3801 gerade aus seinen Kreisen schon so manches viel¬
1908 3745 2906 3811 brachte, war wie immer eine an sich interessante,
889 3785 1880 3849 versprechende Talent vergendender Prostitution
1913 3798 2904 3859 geistvoll durchgearbeitete schauspielerische Leistung,
1910 3849 2909 3907 über man hatte nicht den jungen, sinnesfrohen
953 3851 1878 3943 Dagegen hat sich Schnitzler viele Sympathien
1908 3897 2906 3948 Schwärmer vor sich, der überlegungslos immer nur
879 3935 1872 3996 dadurch verscherzt, daß er sein Können auch zu so
1908 3945 2906 4001 der Augenblicksstimmung seines Herzens gehorcht,
882 3986 1880 4041 ausgesprochenen Rachenkten mißbrauchte, wie sie
1913 3996 2914 4044 der immer der Liebe, aber niemals einem Weibe¬
897 4026 1872 4097 Freiwild, Leutnant Gustl und teilweise and
1908 4044 2896 4092 treu bleibt. Ab und zu, so namentlich in den Weih¬
894 4082 1444 4135 noch der Ruf des Lebens
1492 4077 2845 4143 stellen. Er man nachteinen, mahnte Neher an Korff, und
