3436 4256
391 177 811 287 4.9. Ana
905 199 995 293 .
1117 188 1216 295 yk-
1516 191 1868 303 box 8/5
984 1112 2275 1187 sucht hatte, griff er zu dem verzweifelten Mittel, Anatol zu parodieren.
973 1156 2270 1232 Er machte das Publikum, das über den Herrn längst keine Illusionen
978 1211 2273 1287 mehr hatte, durch Blicke und Mätzchen darauf aufmerksam, daß es da
978 1278 2275 1347 eigentlich einen Thaddädl vor sich habe, und schmückte sich für seinen
974 1326 2275 1389 Hochzeitsmorgen mit einer Possenglatze, die Alfred Schmasow den Dank
987 1375 2270 1454 jeder berliner Vorstadt eintragen würde. Als Freund Max war
979 1432 2279 1514 Reicher am besten in dem Akt, für den ihn der Zettel zwar ankündigte,
981 1490 2270 1553 aber nicht auf die Bühne ließ. Max ist ein etwa gleichaltriger Freund
981 1548 2271 1607 des wiener Lebejünglings Anatol. Reicher war ein Schnittwaren¬
987 1592 2273 1672 händler aus der Bukowina, der Anatols Großonkel zu sein schien. Ihr
981 1649 2279 1727 Frauen verdient, daß man euch Tempel baute! Denn ohne euch wäre
978 1696 2279 1769 man an diesem Abend schwermütig geworden. Als Erste schwebte
987 1764 2281 1838 Fräulein Somary herein, lieb und lind und leichten Sinns. Als
994 1814 2275 1889 Zweite schritt durch eine Winterlandschaft Fräulein Lossen, dunkel,
987 1861 2276 1944 vornehm, seelenvoll und würdig, weniger flüchtig durch Schnitzlers
984 1916 2283 1988 ernste Dichtungen zu schreiten. Als Dritte wirbelte Fräulein Sussin
991 1981 2284 2048 herein, nicht gut angezogen, aber so gut gelaunt und so überraschend
982 2025 2283 2098 befähigt, ihre gute Laune mit künstlerischer Delikatesse zu übertragen,
984 2083 2283 2143 daß Brahm sie in Zukunft nur richtig zu beschäftigen braucht, um
991 2143 2279 2208 eine wertvolle Kraft mehr zu haben. Als Vierte erschien Fräulein
989 2182 2286 2271 Herterich, die vielleicht eines Tages auch noch ihr Feld finden wird.
994 2236 2283 2310 Als Fünfte schließlich tollte sich die Triesch aus, von der wir immer
994 2292 2283 2372 gewußt haben, daß sie mehr als ein Lustspieltemperament, daß sie eine
994 2352 2283 2419 Lustspielcharakteristikerin von blühendem mimischen Reichtum ist. Ihr
992 2396 2284 2489 Frauen verdient... Aber vor allem verdiente Arthur Schnitzler,
994 2455 2283 2526 nach seinem wirklichen Alter und nicht als ein Literaturgreis
994 2510 2286 2588 behandelt zu werden, dessen Entwicklung man pedantisch und
991 2575 2289 2638 chronologisch aufzeigt. Dazu ist seine Gegenwart zu fruchtbar. Sein
999 2618 2291 2693 jüngstes Drama heißt: Das weite Land. Warum also kriecht man in
991 2680 1748 2772 die engen Winkel seiner Anfänge zurück?
994 2790 1929 2891 Der junge Medardus / von Alfred Polgar
1089 2862 2289 2941 Eine sehr große, mit historischen Bildchen bunt bemalte äußerste
991 2931 2291 2985 Hülle. In ihr fest eingewickelt: ein Theaterstück, eine starke
2108 2978 2294 3050 In dieses
999 2986 2075 3046 Komödie voll Spannung und Konflikt, Ueberspannung.
1005 3027 2296 3095 Theaterstück gebettet: eine balladeske Dichtung von Helden, Tod und
991 3077 2289 3140 Liebe. Und im Innersten dieser Dichtung: ein kleines, schüchtern¬
994 3129 2294 3197 modernes psychologisches Drama von den Edelmenschen, die an ihrem
995 3174 2292 3244 ethischen Temperament, an ihren fanatischen Herzens=Reinlichkeiten
994 3238 1305 3327 zugrunde gehen.
2182 3328 2301 3411 1263
