3436 4256
275 203 803 298 4.9. Anatol
1390 188 1749 286 box 9/3
839 193 1202 298 Zyklus
1027 1110 2328 1202 Aufklärung angelegen sein lassen und sie alle miteinander zu ihrer aus¬
1035 1176 2320 1262 giebigen Befriedigung auf die natürlichste Weise von der Welt er¬
1032 1220 2328 1300 reichen. Im Unterschied von den Saloncauseuren der übrigen euro¬
1041 1259 2332 1354 päischen Länder sagt solch ein Spanier, umgürtet mit dem ganzen
1038 1305 2338 1398 Stolz seiner pittoresken Heimat, beispielsweise: „Frauen sind wie die
1037 1359 2343 1449 Musik" — und da es mancherlei Musiken gibt und Sache des Kritikers
1045 1406 2348 1504 ist, sie genau zu bestimmen, so will mir vorkommen, als ob Frau
1046 1450 2341 1547 Lili Marberg derjenigen gliche, die auf einem verstimmten Spinett des
1046 1506 2196 1617 Burgtheaters gemacht wurde, als der Vater die Mutter nahm.
1128 1573 2345 1682 Während Anatol, auch ein historisches Stück Wien, sich allmäh¬
1046 1655 2358 1738 lich so verjüngt hat, daß er, dieser Dämon der neunziger Jahre, heute
1050 1697 2353 1787 auffallend Herzblättchens Zeitvertreib ähnelt. Er hat seine Sieges¬
1058 1754 2358 1841 trophen in Briefumschlägen gesammelt, öffnet einen, findet darin den
1058 1800 2354 1893 Staub einer Blume und spricht bekommen: „Daß von so viel Süßig¬
1055 1846 2359 1955 keit nichts andres übrig bleibt, ist traurig.“ Ist traurig, aber das Los
1059 1890 2361 1993 des Schönen auf einer Erde, die sich, mitsamt dem Himmel über ihr,
1063 1951 2366 2027 für Schnitzlers Lebemännchen nur um einen Pol dreht; die Liebe.
1063 1990 2366 2080 Immer und immer wieder Anatol: da wird nicht einmal angedeutet,
1063 2040 2366 2122 daß noch der idyllischste Frieden sonst allerhand Nöte, Ideen, Ziele
1071 2088 2364 2178 und Strömungen gehabt hat. Das ist eine Welt, das heißt eine Welt
1073 2150 2363 2220 An sich ist dieses Weltehen mit maestria gezeichnet. Wir spa¬
1077 2184 2374 2284 zieren behaglich um die Liebe im allgemeinen, sortieren vielerlei Arten
1076 2242 2379 2328 von Liebe, erfahren unüberrascht, daß weder Männer noch Frauen
1074 2286 2376 2366 monogam sind, und wünschten für eine dramatische Steigerung nur,
1082 2328 2377 2420 daß Anatol, dem jede Frau, mehr oder minder schnell, langweilig wird,
1086 2384 2382 2482 genügend Ressourcen in sich hätte, um in jedem Fall uns nicht am
1082 2438 2392 2523 schnellsten langweilig zu werden. Diese Gefahr hat Schnitzler, tief, allzu
1082 2487 2384 2564 tief in sein Weltchen, sein Lustwelchen eingesponnen, ganz und gar
1082 2523 2385 2621 übersehen: daß sein Anatoll, im Geiste schwach, im Herzen arm, auch
1084 2575 2384 2657 als purer Liebhaber, als Viveur im oberflächlichsten Sinne kein ge¬
1084 2636 2384 2708 nügend reizvolles, launenhaftes, schillerndes Exemplar seiner Gattung
1086 2681 2397 2758 ist. Nach zwanzig Minuten kennt man ihn auswendig. Dann beginnt
1095 2734 2399 2824 er uns zu verdrießen. Schließlich droht er unerträglich zu werden.
1092 2770 2394 2860 Aber da, zum Glück, macht er Hochzeit. Mit keiner der fünf Damen,
1091 2820 2400 2925 denen in die Kammerspiele die Kleider aus der Elsasser Straße 53,
1099 2886 2397 2953 die Hüte vom Kurfürstendamm 232 geliefert worden sind. Mit einer
1104 2930 2400 3003 hoffentlich, bei der dieser melancholische, feine, leise, appetitliche An¬
1107 2959 2403 3064 ton Edthöfer wohlgeborgen ist und sein quadratischer, goldbebrillter,
1104 3023 2408 3098 lachfreudiger und hungriger Spezi Hermann Thimig immer ein Gul¬
1102 3062 2413 3154 lasch mit Nockerln und einen Kaiserschmarrn findet. Und wenn sie
1104 3110 2412 3203 nicht gestorben sind, so leben sie heute noch. Heute, wo das Theater
1110 3160 2413 3259 keine Gegenwart hat, dieweil erst seine gesamte Vergangenheit an
1117 3211 2415 3306 uns vorbeidefilieren muß, wo es ist, als ob die Gesellschaft für Theater¬
1118 3252 2418 3357 geschichte unsre Bühnenhäuser gepachtet hätte. Ein krankhafter Zu¬
1110 3306 2423 3407 stand. Denn das Theater soll ja durch Widerspiegelung des amenden
1127 3371 2121 3453 Tages der Gesellschaft ihre Geschichte formen helfen.
1174 3442 1262 3530 100
