3484 4352
1368 155 1726 258 box 8/4
247 145 786 247 4.9. Anatol
737 165 1168 291 Zyklu-
866 754 1457 869 and gegen 122.
597 931 1204 1020 „OBSERVER
397 1001 1453 1083 1. österr. behördl. konz. Unternehmen für Zeitungs-Ausschnitte
574 1066 1289 1135 Wien, I., Concordiaplatz 4.
790 1119 1063 1190 Vertretungen
394 1158 1446 1224 In Berlin, Basel, Budapest, Chicago, Cleveland, Christian
400 1219 1456 1269 Genf, Kopenhagen, London, Madrid, Mailand, Minneapolis,
403 1257 1452 1332 New-York, Paris, Rom, San Francisco, Stockholm, St. Peters¬
783 1293 1065 1348 burg, Toronto.
714 1325 1144 1403 (Osellenangabe eine Ge¬
400 1393 742 1478 Ausschnitt aus:
472 1466 715 1561 712.1910
827 1459 1089 1568 Wien
1234 1486 1387 1586 der
403 1531 518 1584 vom
984 1578 1468 1653 Deutsches Volkstheater
931 1630 1468 1701 Die gleichzeitige Aufführung
927 1682 1470 1755 des Anatol-Zyklus im Volks¬
931 1722 1465 1790 theater und des jungen Me¬
928 1771 1470 1852 dardus im Burgtheater gibt
928 1817 1469 1893 uns ein anschauliches Bild von
928 1870 1380 1939 dem Entwicklungsgang
928 1915 1465 1990 Dichters. Gleich mit seinen
928 1965 1469 2039 Erstlingsworten hat er sich in
919 2023 1456 2095 die erste Reihe der heimischen
927 2069 1456 2142 Dichter gestellt. Der Anatol¬
921 2125 1456 2197 Typus ist eine wirklich lebens¬
922 2162 1459 2243 echte Form, die in dieser
919 2210 1462 2295 Vollendung und mit ähnlicher
915 2266 1460 2334 Virtuosität der Charakteristik
912 2315 1453 2387 und des Dialogs noch nicht auf
915 2365 1452 2436 der Bühne war. Die kleinen
909 2424 1457 2489 Kunstwerke fanden auch ein
915 2466 1452 2534 begeistertes Publikum, das den
909 2516 1455 2585 Dichter und die Darsteller nach
906 2564 1446 2636 jedem Aktschlusse stürmisch her¬
908 2613 1449 2675 vorjubelte. Die Darstellung war
906 2667 1450 2728 eine durchaus vollendete Herr
901 2713 1446 2785 Kramer hat die Tonleiter für
908 2760 1447 2839 die schimmernden Stimmungs¬
901 2813 1446 2879 bilder, wie keiner in seiner
906 2856 1446 2928 Gewalt. Den kalten Spötter
902 2909 1446 2987 und ausgelernten Weltmenschen
904 2958 1445 3037 Max gab Herr Lackner
906 3001 1433 3077 mit köstlicher, trockener Ueber¬
902 3053 1433 3129 legenheit. Fräulein Hanne-
905 3121 1432 3183 mann spielte die hypno-
371 3158 1436 3229 tisierte Lora mit prächtigem Charm. Fräulein Reinau,
364 3208 1433 3288 blendend in Erscheinung und Spiel, enthusiasmierte das
371 3254 1406 3336 Publikum. Auch Frau Galafres und Fräulein Mülle
360 3308 1434 3380 boten Musterleistungen. Einen ganz spezifischen Genuß von
367 3364 1432 3434 übermütiger Laune und gleichwohl diskreter Charakteristik bot
360 3411 1433 3482 Frau Glöckner im „Abschiedssouper“. Der Zyklus ist eine
360 3469 1446 3521 Sehenswürdigkeit, die nicht sobald vom Repertoire verschwin¬
351 3509 544 3590 den wird.
1250 3523 1407 3594 V. Ch.
2806 322 3151 401 Telephon 12.801.
2928 413 3017 491 4
2256 396 2801 565 OBSER
2108 548 3151 609 1. österr. beh. konz. Unternehmen für Zeitungs¬
2311 594 2958 665 Ausschnitte und Bibliographie.
2275 645 2995 738 Wien, I., Concordiaplatz 4.
2496 729 2775 780 Vertretungen
2108 758 3154 822 in Berlin, Brüssel, Budapest, Chicago, Cleveland, Christiania,
2111 809 3154 856 Genf, Kopenhagen, London, Madrid, Mailand, Minneapolis,
2108 855 3154 909 New-York, Paris, Rom, San Francisco, Stockholm, St. Peters¬
2496 886 2765 944 burg, Toronto.
2452 909 2810 984 (Quellenangabe ohne Gewähr.
2103 983 2473 1066 Ausschnitt aus:
2168 1046 2429 1139 8-11910
2525 1023 3138 1164 kfurter un
2108 1106 2240 1194 von
2089 1209 3134 1309 Ein anderer Wiener Typus als der kleinbürgerliche Gi¬
2023 1250 3131 1347 rardis, der Hausherrnsohn aus der Ringstraßen¬
2030 1311 3113 1377 gegend hat jetzt im „Deutschen Volkstheater
2032 1348 3131 1416 seine Auferstehung gefeiert in den fünf Einaktern des
2026 1377 3126 1460 Schnitzlerschen „Anatol“ Zyklus. Zu diesem Typus
2017 1406 3128 1501 ein Verhältnis finden können und bin deshalb
2014 1459 3125 1538 auch ganz unfähig, ihn objektiv zu beurteilen. Zu einer Zeit,
2020 1491 3125 1577 da wir Altersgenossen Schnitzlers uns die Köpfe verbrachen,
2017 1525 3118 1607 wie das Elend aus der Welt geschafft und eine glückliche, freie
2019 1568 3126 1650 schöne Menschheit ins Leben gerufen werden könne, hat er
2023 1607 3128 1695 sich mit den erotischen Erlebnissen seines gutsituierten, leicht¬
2017 1644 3118 1732 sinnigen Melancholiker befaßt und an nichtige Menschen, nich¬
1981 1660 3138 1787 tige Dinge seine künstlerischen Sympathien verschwendet. Die
1978 1738 3118 1847 Liebeleien und Sterbeleien sind anmutig vorgetragen, sie lassen
1983 1819 3098 1876 zu sogar wirksam spielen, und doch ballt sich mir immer die
1975 1855 3089 1912 Faust, wenn ich sie auf der Bühne sehe. Keine andern Sor¬
1975 1891 3090 1954 gen, Herr Doktor Schnitzler, möchte ich dem verehrten und
1980 1924 3082 1984 persönlich lieben Autor zurufen. Hätten die Anatole nicht
1975 1961 3079 2027 Besseres und Wichtigeres zu tun in diesem verpfafften, rück¬
1983 1997 3076 2070 ständigen Lande? Gibt es gar keine sozialen Pflichten? Wenn
1973 2052 3076 2109 ihre Anatole keine kennen, so soll sie der Teufel holen mit¬
1975 2073 3075 2145 samt ihren Liebeleien; mich interessieren sie nicht. Das ist
1968 2126 3079 2181 natürlich ein persönlicher Standpunkt, auf dem von den be¬
1971 2152 3075 2214 häbigen Premièrenbesuchern schwerlich viele andere stehen. So
1964 2194 3073 2259 haben denn auch der Anatol-redivivus des Herrn Kramer
1968 2233 3070 2290 und die Damengalerie Hannemann, Reiman, Mar¬
1962 2267 3073 2329 berg, Calafrés ihren schönen Erfolg ein beim Es
1967 2302 3082 2403 sei dem Theater, wie dem Dichter gegen nur more gestattet
1965 2342 2339 2413 je, nicht mitzutun.
2806 2501 3106 2601 Telephon 12 901.
2787 2598 2918 2692 D
2255 2580 2711 2760 „OBSERV
2055 2725 3112 2814 k. österr. behördl. konz. Unternehmen für Zeitungs-Ausschnitte
2236 2800 2948 2878 Wien, I., Concordiaplatz 4.
2444 2853 2725 2921 Vertretungen
2042 2869 3109 2964 In Berlin, Basel, Budapest, Chicago, Cleveland, Christiania,
2052 2952 3101 3006 Genf, Kopenhagen, London, Madrid, Mailand, Minneapolis,
2047 2984 3105 3049 New-York, Paris, Rom, San Francisco, Stockholm, St. Peters¬
2444 3026 2718 3083 burg, Toronto.
2367 3066 2797 3145 lage des del.
2043 3128 2965 3226 Ausschnitt aus: Magyar Hirlap, Budapest
2171 3200 2431 3306 8 12. 1910
2055 3263 2175 3315 vom
1950 3293 2770 3372 ,
2121 3345 2934 3427 Anatol. Arthur Schnitzlernek van egy
1935 3400 2936 3488 tete ilyen crimen, a melyven talutz stelleme
1950 3457 2932 3528 és keves jeleet van egybefoglava. Ebböl a kötet
1960 3503 2939 3582 böl öt jelenet, melyck a leginkáb szinpadra val
2006 3557 2942 3627 min egy felonassa — most egy este et
1952 3623 2932 3689 sinpadon kerilt sine. A besi „Deutsches Volks¬
1962 3660 2942 3732 theater" is a berlini „Lessingtheater“ mutatt be¬
1960 3721 2944 3804 az „Anatole et le bajosabb jelenetet. A darabok k
1958 3771 2936 3852 zul legnagybb sikre volt mindet helen: „A bu¬
1957 3834 2954 3948 curarink. At efter erlusta können so
1960 3889 2326 3961 szerotettel fogata
2095 3923 2450 4014 — Parisienne
