3436 4352
1336 263 1703 352 box 9/5
220 267 1175 353 4.9. Anatol - Zyklus
719 755 1069 847 Der Morgen, Wien
587 915 826 1014 247
534 1015 1126 1086 Komödie und Josefstadt:
662 1079 2051 1232 Anatol 1934 und eine Köchin
1372 1234 2167 1315 lut, gerne in die Gletscherspalten herumzu¬
572 1235 1336 1322 In seiner literarischen Ankündigung (im
1377 1305 2176 1348 hecken, und ein Zeitungskorrespondent
539 1286 1329 1348 Programmheit der neueröffneten Komödie
1377 1346 2174 1391 die einzige Eigenschaft besitzt, verzweifelt
539 1341 1329 1388 schreibt der Regisseur des Hans Adler-
1377 1379 2174 1431 zu grinsen. Eine Verwechslungskomödie
537 1379 1329 1429 Stückes „Mädchen für Alles, Hans Thi¬
1374 1419 2169 1464 des wirklich so begabten Hans Adler-
539 1415 1337 1462 mig: „Ein Zuschauer dürfte nie auf die
1377 1459 2173 1504 einst schrieb er Verse, die Großes hoffen
537 1455 1341 1512 Idee kommen, zu fragen: „Wer hat das in¬
1384 1497 2166 1542 ließen — die das typische Merkmal sol
530 1497 1334 1547 szeniert. Ein kluger Satz. Er gilt für Paul
1377 1535 2169 1584 cher Komödien trägt, daß ihre Voraus¬
530 1537 1325 1578 Kalbeck, in dessen reizender Inszenierung
1372 1571 2171 1627 setzung nämlich die vollkommene Ver¬
537 1570 1336 1623 das „Ping-Pong-Spiel in der Josefstadt
1377 1609 2176 1665 trottelheit aller Mitspielenden ist. Immer
539 1613 1334 1658 Freitag so lebhaften Erfolg erntete. Wollte
1377 1656 2169 1694 wissen vier Leute und der ganze Zuschauer¬
530 1653 1336 1701 man aber Thimigs Satz umkehren und auch
1381 1693 2176 1734 raum das Richtige und immer ist ein
534 1689 1337 1743 gleich behaupten, daß ein schlechter Regis¬
1372 1731 2171 1776 Fünfter da, der nichts ahnt und nichts weiß
528 1738 1336 1784 sehr sei, bei dessen Inszenierung man den
1374 1769 2169 1816 und Kalamitäten verursacht. Wo aber liegt
539 1767 1329 1816 Regisseur rufe, dann hätte sich Hans Thi¬
1372 1805 2171 1852 der Humor, wenn die Voraussetzung der
534 1810 1337 1861 mig gleich nach dem ersten Akt von
1379 1849 2176 1913 Schwachsinn eines Mitwirkenden ist? Laßt
528 1849 1327 1897 „Mädchen für Alles mindestens fünfzehn¬
530 1888 970 1953 mal verbeugen müssen.
567 1953 1336 2034 Wir wollen eine Parallele aufweisen.
530 2008 1334 2069 Zwei Stücke werden da gespielt, beide als
530 2056 1336 2110 Weihnachtsgaben gedacht, Rampenlichter
530 2100 1327 2143 auf dem Christbaum, beide in kleinen Thea¬
530 2140 1334 2183 tern, in denen man — ihrem Charakter und
534 2181 1332 2219 dem Londoner Vorbild widersprechend —
534 2211 1337 2263 nicht rauchen darf. (Wenn man noch rau¬
537 2251 1332 2316 chen dürfte!) Beide Stücke österreichischer
530 2296 1334 2341 Autoren, beide französischen Vorbildern
530 2334 1339 2375 nacheiternd. „Ping-Pong heißt das Spiel
530 2375 1336 2420 vom Jaray. Kein Tennis des Geistes, kein
534 2412 1332 2453 Match zwischen der Lenglen und Kozeluh,
534 2448 1332 2500 kein Spiel mit starken Backhands und küh¬
534 2491 1337 2533 nen Sprüngen am Netz, aber ein nettes
527 2526 1324 2578 Spielchen auf dem grünen Tisch — Ping
530 2562 1334 2611 Pong, ein neues Wort für Flirt, für jeder¬
534 2602 1332 2656 leichtes Hin und Her. Da kommt eine Frau
534 2640 1337 2691 zu ihrem Mann zurück, paar Wochen waren
530 2682 1336 2736 sie verheiratet und schon ist sie für sechs
537 2718 1332 2772 Monate abgereist, um französisch zu lernen,
534 2762 1332 2808 nicht erwarten konnte sie es, scheinbar, das
534 2801 1332 2848 Französisch, und nun steht sie wieder da,
530 2836 1334 2888 mitten im Zimmer und ... nein, sie hat
530 2876 1336 2924 kein richtiges Pariserisch erlernt, und Hans
525 2918 1332 2961 Jaray auch nicht, sonst würde jetzt etwas
530 2956 1334 3002 anderes geschehen, als hier geschieht, wo
534 2989 1329 3039 die beiden — statt Tennis — gleich anfan¬
530 3030 1327 3080 gen zu pingen und zu pongen, einen Flirt¬
534 3072 1329 3117 Flort sozusagen, Pferdesport zu treiben,
527 3110 1331 3151 statt Körpersport, und wo einem die Ge¬
527 3151 1332 3195 schichte von der pruden Engländerin, dem
530 3191 1327 3233 Affen und dem Wärter einfällt, dem Wärter
534 3228 1332 3274 der die Engländerin fragt, ob sie für Nüsse
525 3266 1329 3314 alle Unsittlichkeit lassen würde? Ja, die
525 3300 1337 3352 beiden Leute lassen hier für etwas Ping¬
523 3344 1324 3399 Pong die Unsittlichkeit, noch dazu die le
525 3380 1329 3430 gitime, und erobern einander erst im letz¬
525 3423 1329 3465 ten Sett. Und trotzdem: das ganze ist um¬
525 3458 1337 3508 weht von einem süß-herben Hauch des, so¬
530 3496 1336 3545 gar, Möglichen. Wie hier zwei Menschen
525 3541 1327 3590 einen Liebeskampf beginnen, mit allen auf¬
527 3576 1336 3626 gezogenen Registern, wie sie umeinander
525 3621 1332 3659 raufen — es gibt ja auch Bormeister des
525 3659 1334 3699 Federgewichtes —, und wie diese Rauferei
537 3697 1332 3737 pikant wirkt durch das schon Miteinander¬
530 3732 1334 3782 Erlebte, durch gelebte Stunden, durch leise
525 3772 1329 3818 Dagewesenheiten, wie hier Neugierde
527 3808 1324 3851 zweier Menschen gezeigt wird, die einander
525 3846 1337 3895 kennen (man ist nur neugierig auf das, was
525 3889 1332 3935 man kennt: das alles ist bestes Theater,
532 3929 1332 3976 gespielt von einer unendlich großen Frau,
525 3962 1339 4006 Paula Wessely, und einem sehr begabten
504 4004 1341 4051 jungen Mann, der auch der Autor ist und
525 4042 1332 4084 sein Stück „Ping-Pong“ nennt, obwohl er
534 4077 1329 4127 es am besten „Der Müller und sein Kind
521 4109 1336 4167 nennen sollte, denn Monar heißt zu
527 4155 1339 4226 deutsch Müller, und der Jardy ist sein
537 4193 634 4231 Kind.
2223 799 3028 854 euch einen aus dem Steinhof kommen, und
2216 845 2763 911 ihr habt den gleichen Spaß.
2256 913 3025 986 Die Aufführung in der Komödie und die
2207 972 3016 1040 laute Regie Thimigs lassen alles zu wün¬
2214 1017 3021 1078 schen übrig. Da ist Oldens Journalist, des¬
2216 1057 3023 1104 sen Arme unter Denkmalschutz gestellt wer¬
2223 1098 3018 1140 den müßten, denn er bewegt sie zwei Stun¬
2214 1137 3027 1183 den hindurch unentwegt, als wären sie das
2216 1176 3016 1216 Riesenrad. Da ist Schafheitlin Thimig¬
2214 1214 3020 1258 Kopie d eine schrillende Unerträglichkeit
2223 1253 3018 1296 in Gestalt Fräulein Berndts. Ein Lichtblick
2212 1291 3021 1337 nur Leni Marenbach, die sich hier auch
2223 1332 3021 1372 von der komischen Seite zeigt: ein ganz
2223 1369 3028 1415 großer Gewinn für Wiens Theater. Ihre
2219 1409 3018 1459 Köchin — zum siebentenmale sehe ich eine
2219 1445 3015 1497 Küche auf der Bühne der Komödie. —
2214 1485 3021 1547 machte den versalzenen Abend schmackhaft.
2259 1554 3020 1625 Zwei Premieren in den bezauberndsten
2212 1608 3021 1681 Häusern Wiens. Mehr oder weniger Erfolg
2226 1656 3016 1700 (Mehr: in der Josefstadt. Weniger: in der
2219 1696 3025 1743 Johannesgasse). In der Josefstadt ein Stück
2223 1736 3018 1797 von Schnitzler-Flers, inkarniert in Hans
2214 1769 3018 1817 Jaray, Ein kleiner Anatol 1934/1935. In
2214 1810 3018 1864 der Johannesgasse ein Stück aus dem
2209 1847 2786 1918 Jahre 1880. Ob es 1935 erlebt?
2836 1849 2980 1913 (habe).
