3344 4256
140 140 1053 269 4.9. Anatol - Zyklu-
1254 150 1616 262 box 9/5
1544 992 2669 1089 Blutrote, runde Lampions zitterten als Deckenbeleuch¬
2748 1010 3214 1121 „Ah, — dort flirtet ja
1136 1010 1444 1125 J.
638 1017 1100 1136 Intermezzo
1476 1060 2673 1132 tung wie lohende Vollmonde über ihnen. Die Menge schob
2694 1060 3210 1146 kleinen Waldenburg," hört
1490 1114 3128 1189 sich an ihnen vorüber. Hier und da sah sie bekannte Ge¬ ihrer Begleiter sagen.
1143 1114 1462 1214 le
623 1111 1103 1214 Skizze von Gutti Alsen.
1487 1164 2673 1222 sichter. Sie erschienen ihr heute wie Schatten aus einem
2748 1161 3214 1254 Sie blickte zerstreut auf
337 1171 1454 1257 Sie standen etwas abseits vom großen Festestrubel an
1487 1207 2658 1265 früheren Leben. War sie das noch, sie, die sich so stolz von
2690 1204 3171 1283 vorüber, Arm in Arm.
262 1254 2662 1333 einer mit grellfarbigen Plakaten bedeckten Wand. Und so der Welt verschlossen, in sich selbst zurückgezogen, um ihre
2690 1268 3214 1329 neigt und eine innere Erre
269 1297 2157 1386 war es ihnen möglich, eine immerhin etwas zusammen heimlichen Wunden willen . . . .
2694 1326 3221 1397 undurchdringlichen Gesell¬
269 1336 946 1412 hängende Unterhaltung zu führen.
1537 1315 2669 1422 Und jetzt stand sie wie gebannt und lächelte diesem
2694 1369 3178 1444 auf seinen Zügen aus.
319 1354 1454 1447 „Ich liebe die Frauen", sagte er, „und ich liebe sie nicht
1480 1376 1748 1458 Fremden zu
2748 1422 3214 1480 Die Geigen kreischten p.
262 1426 1440 1487 nur trotz ihrer Lügen, — sondern um ihrer Lügen willen
1537 1426 2669 1494 Weshalb gelang es ihr nicht zu lügen? Weshalb wurden
2694 1437 3210 1519 gelassenheit der Menge in
269 1472 1454 1551 Sie erst machen für mein Empfinden den größten Reiz des
1480 1458 2669 1548 ihre Blicke zu Liebkosungen, — da doch jede Frau sonst eine
2690 1508 3206 1580 beleidigte sie. Es war ih
272 1519 810 1591 schwachen Geschlechtes aus.
1472 1526 1963 1605 lebende Lüge sein sollte
2701 1558 3160 1630 sammengedrückt würde,
337 1540 1447 1634 „Halten Sie die Unwahrheit denn für eine Eigenschaft
1540 1544 2665 1634 Es war ihr, als ob sie sich verstecken müßte, als ob jeder
344 1609 1150 1666 jeder Frau unbedingt innewohnen muß?
2748 1601 3217 1691 Sie bat um einen We
1465 1591 2662 1677 Vorübergehende die jubelnde Begleitmelodie der Faschings¬
2683 1637 2845 1734 wieder.
333 1659 1243 1712 „Und sind Sie anderer Meinung?“ fragte er.
1472 1662 2669 1730 musik in ihren Augen lesen könnte: „Du ... ge... fällst
2748 1673 3214 1763 Lange lag sie im Hal
333 1687 2364 1795 „Doch. Ich halte die meisten Frauen sogar für sehr viel ... mir, ... du gefällst mir
258 1741 752 1816 ehrlicher als den Mann.
2690 1730 3192 1820 Blickes der Kerze zu, wie
1537 1730 2662 1809 Sie empfand Scham darüber, wie bei einer Bloßstellung
326 1777 1437 1884 „Welch' eine entzückende Lüge ist allein dieser Ausspruch.
2680 1795 3214 1866 zertropfte. Und ihr trä¬
1465 1781 2665 1874 ihrer Seele, ihres Körpers..... und konnte doch nicht
330 1831 785 1892 Und er lachte belustigt.
2683 1838 2852 1917 mit ihr.
1465 1841 2117 1917 anders, als die Wahrheit sagen.
326 1852 1451 1945 Geigentöne klangen herüber. Sie schluchzten laut auf,
2748 1866 3196 1945 Sie erwachte, da man
1530 1884 2662 1956 „Ich liebe das Unvorhergesehene", hörte sie seine Stimme
258 1931 1447 1985 und man wußte nicht, ob es höchster Glückstaumel oder
2687 1938 3214 1999 Haufen von zu erledigende
1472 1913 2662 1995 jetzt sprechen, „und wie gut für mich! Wenn man sich nun
262 1974 2676 2042 bitterstes Weh war, das sich da so schamlos der Menge preis an eines jener schlangenfalschen, reizenden Geschöpfe bände!!
2694 1985 3196 2060 grau herauf, ein Tag wie
262 2021 1444 2074 gab. Sie jauchzten, und jeder Laut sang und jauchzte heim¬
1469 2028 2956 2081 Treue.... gibts ja gar nicht! Und die Untreue allein er ihre Zukunft.
262 2067 2662 2164 lich in ihr mit, — in ihrem Gemüte, in ihrer Seele, — in möglicht mir ein so eingehendes, interessantes Studium der
2748 2060 3206 2157 Die verlebte Faschings.
262 2103 519 2178 ihrem Blute.
1465 2110 3192 2185 verschiedenartigsten Frauentypen! Was habe ich meinen Con= zu liegen. Sie verhöhnte
319 2110 1444 2210 Sie standen sich heute erst zum zweiten Male gegenüber
1476 2164 2493 2225 fesseurs schon alles beichten können und — müssen!
2687 2175 3210 2232 sie, eine Frau in dem Alter
251 2171 1444 2261 Aber sie hatten viele Berührungspunkte und kannten sich
1537 2210 2132 2286 „Männlichen oder weiblichen?
2680 2225 3196 2282 der Frauen so verwöhnte
254 2246 1451 2321 wohl schon vorher dem Namen nach, denn ihr Wirkungskreis
1526 2246 1956 2321 Weiblichen natürlich.
2687 2271 3210 2350 der Mann das reizvollste
258 2282 631 2343 war ein ähnlicher.
2683 2311 2916 2386 sei.
1530 2261 2662 2411 „Würden Sie auch mich zu diesem vertrauenheischenden
322 2296 1447 2397 Sonst wußten sie nichts voneinander. Und ihr, deren
1472 2336 1773 2429 Amte zulassen?
2748 2350 3210 2425 War sie denn toll gew
254 2372 1444 2443 lebendige Phantasie sie ihrem nüchternen Leben so weit zu
1530 2386 1884 2458 „Mit Vergnügen.
2680 2400 3199 2479 Hatte sie nicht fast ebenso
258 2425 1440 2486 entführen vermochte, schien diese Unkenntnis ein Reiz mehr
1530 2407 2124 2511 Er verneigte sich zustimmend.
2683 2454 3217 2522 Und diese ganze Skala der
262 2472 1444 2522 zu sein. War es nicht fast wie ein Märchen, dem nahe zu
1526 2497 2655 2576 Und sie sah sich im Geiste im tête à tête mit ihm. Dämmer¬
2680 2504 3206 2561 dem ersten beginnenden G
262 2501 2655 2608 stehn, dessen bloße Anwesenheit diese süße, zehrende Unrast, stunde natürlich. Draußen mußte dichter Schnee nieder¬
2687 2547 3214 2615 Folter des Beiseite geschob
254 2558 1440 2619 dieses erhöhte Lebensgefühl wieder wachzurufen vermocht
1469 2587 2658 2651 flocken. Oder phantastische Nebelgebilde schwanken. Das
2683 2590 3199 2662 Fremden willen, von dem
251 2604 1164 2662 das sie für ewig erstorben gewähnt, — seit
1243 2608 1447 2690 Was ließ
1483 2633 2655 2701 Zimmer durfte nur durch ein Kaminfeuer erhellt sein....
2680 2640 3206 2719 nur ein geistreicher Salon
262 2615 1265 2716 sich nicht alles in dieses Rätsel hineingeheimnissen
1462 2687 2662 2751 eine Teemaschine summte.... Irgendwoher tönte aus
2737 2687 3206 2769 Welche Glück, daß es nu
319 2680 3196 2794 Sie plauderten weiter. Sie hörte Worte, aber sie faßte einer oberen oder unteren Etage eine Chopinsche oder Grieg, ernsten, großen Interessen
254 2712 1444 2802 nicht mehr immer ganz ihren Sinn. Ihre Seele schwang
1472 2769 2651 2837 sche Melodie abgerissen her..... ihre Gesichtszüge ver¬
258 2784 1444 2841 jetzt im Takte die Begleitung einer lockenden Wiener Melodie
2730 2798 3210 2859 Und sie setzte sich und be¬
1462 2816 2647 2902 schwammen im Zwielicht . . . . und er beichtete... gan
251 2837 1437 2891 mit. Sprach er nicht gerade von Wien? Und von Anatole
2673 2845 3210 2895 und sandte sie dem Geld¬
1465 2873 2655 2963 absonderliche Geschehnisse .... Eindrücke .... kleine
254 2877 1437 2930 — Von wem auch sonst? War er nicht die Verkörperung des
2680 2887 3214 2948 geistreich ironisierenden De
1458 2909 1748 2984 Novellen.
247 2923 1437 2973 Schnitzlerschen Anatol-Ideals? Wie sollte sie sich sonst auch
2673 2930 3210 2995 dieser Skizze und für die
1526 2927 2651 3024 „Würden Gnädige mich entschuldigen . . . . für einen
254 2963 1437 3024 seine Wirkung auf sie erklären? Seine Ansichten über die
2680 2973 3206 3038 fassung gekommen, daß zu
1462 2981 2651 3067 Augenblick.... ich sehe da alte Bekannte...." seine
258 3009 1437 3067 Frauen, über die Liebe waren nicht die ihren. Sie hätten
2733 3031 3224 3092 Dann packte sie eine A
1462 3042 2644 3117 Blicke, die suchend durch den Saal geglitten, schienen einer
254 3052 1437 3113 sie bei jedem andern empört. Aber die liebenswürdige, viel¬
2669 3067 3171 3142 eine Zeitungs=Redaktion.
1465 3085 2132 3163 festen Punkt gefunden zu haben.
254 3099 1437 3160 leicht erheuchelte Gleichgültigkeit seiner Sprechweise, seine
2730 3128 3156 3199 Denn es ist nach
1530 3106 2647 3221 Der Menschenstrom trennte sie voneinander. Sie tra¬
258 3145 1440 3203 Blicke, seine Haltung, die Vorstellung der Abenteuer, die er
2676 3160 3210 3231 Schriftstellers, daß er seine
1451 3174 2472 3274 mit ihrer früheren Gesellschaft zusammen......
247 3188 1379 3246 erlebt haben mochte, das war, was sie gefangen nahm,
2669 3231 3206 3299 und verkaufen muß, — un
251 3235 1437 3296 was selbst die ernstesten Frauen in ihrer Unlogik dieser Art
244 3274 1075 3357 von Männern stets entgegentreiben wird.
