3532 4224
1460 140 1820 251 box 8/5
332 158 790 267 4.9. Ana¬
839 154 1260 269 Zyklu-
1253 619 1565 718 Telephon 12.801.
1257 702 1373 784 4
516 710 1120 811 De
511 762 1518 847 New-York, Paris, Rom, San Francisco, Stockholm,
910 823 1189 881 burg, Toronto.
837 851 1257 934 lange des die
503 904 1429 1047 Ausschnitt aus Theater-Courier, Berlin
514 1045 641 1110 vom
758 1025 1239 1162 26
667 1152 1260 1245 Anatol." (Erstaufführung.
453 1201 1561 1280 Lessingtheater. — Es war entschieden eine glückliche
374 1262 1559 1332 Idee des Direktors Dr. Brahm, den literarischen Feinschmeckern
380 1320 1559 1365 als Weihnachtsgabe den ganzen Anatol=Zyklus darzubieten,
374 1357 1553 1399 nachdem der eine Einakter hieraus, „Ein Abschieds
386 1395 1563 1446 souper", bereits in zahlreichen Aufführungen (mit und ohne
374 1443 1561 1492 berühmte Gäste als „Anni", die größte Anerkennung für
374 1478 1565 1539 Schnitzlersche dramatische Schnitzereien gefunden hatte. Diese
374 1520 1559 1575 un tiemen dramatischen Scherzi d'amore mit ihren gleichen
378 1567 1559 1615 und doch so verschiedenen Gedanken und Empfindungen, alle auf
372 1611 1567 1660 eine Tonart gestimmt und doch so mannigfältig moduliert, alle
374 1652 1555 1704 mit einem leichten Seitensprung ins Erotische und doch ohne
380 1690 1561 1741 jede Zote, werden jedem Aestheten in der Ars amandi einen
374 1729 1559 1787 pikanten Genuß bereiten. Und so trifft es auch zu, daß all¬
378 1773 1563 1828 abendlich das Lessingtheater von einer frohgesinnten Menge
374 1818 1561 1866 von Menschen besucht wird, die den guten Anatol auf seinen
374 1860 1561 1913 5 verschiedenen Liebes=Irrwegen mit innerlicher Schadenfreude
378 1900 1563 1949 (und das ist ja bekanntlich die reinste aller Freuden) und heim¬
378 1941 1565 1999 lichem Schmunzeln (welches etwa besagt: Mir könnte das so
374 1983 1561 2030 leicht nicht passieren!) bis zum Abschluß, d. h. hier: bis zum
378 2024 1547 2072 Standesamt begleiten. Mit allzu großem „Geistreichsein
374 2064 1561 2115 prahlt hier Schnitzler in seiner dramatischen Jugendarbeit
374 2109 1561 2161 keineswegs, aber amüsant ist er von der ersten bis zur letzten
378 2153 1563 2204 Szene, und bei aller Pikanterie doch vornehm, von der ersten
368 2185 1559 2246 bis zur — vorläufig! — letzten Geliebten! Und das ist für
368 2234 1563 2283 einen unterhaltsamen Theaterabend vollauf genug. — Die Dar¬
380 2278 1567 2329 stellung des Lessingtheaters paßte sich den Intentionen des
378 2319 1559 2365 Dichters meist an mit leichte, hüpfenden Sprüngen, pittoresk¬
368 2361 1559 2410 graziös allerdings ohne man he notwendiger Capricen, wie ich
372 2396 1561 2452 sie als Widerspiel im Dialog gern bemerkt hätte. Dieses Manko
368 2438 1563 2503 an kapriziöser Eleganz machte sich am deutlichsten bei der
374 2483 1561 2535 Darstelleren der Annie im „Abschiedssouper" bemerkbar, die
378 2521 1555 2570 aus dem „lieben süßen Mädel“ mit dem Sektschwips ein wider¬
368 2562 1549 2608 haariges bezechtes Dämchen ich will mich nicht „zoologischer
372 2602 1561 2654 ausdrücken machte. Die übrigen Damen, Paula Menari als
368 2652 1555 2705 „Cora“ Lina Lossen als „Gabriele“, Hilde Herterich als
368 2689 1555 2745 „Bianca, und ganz besonders die temperamentvolle
378 2735 1555 2780 Frau Irene Triesch in der Rolle der feurigen „Ilona"
372 2774 1559 2824 verdienen uneingeschränkte Anerkennung. Anatol, der Mann
378 2818 1559 2869 mit dem Omnibus=Herzen, war Heinz Monnard. Im
368 2861 1555 2919 Tonfall das Spezifisch=Wienerische. Energielosigkeit mit
372 2897 1553 2952 einem Schuß von Selbstironie, sehr gut treffend, wußte
362 2944 1547 3000 er sich gewandt und amüsant aus allen mehr oder weni¬
370 3027 1545 3089 weniger heiklen Situationen mit seinen Weibchen und Weibern
374 3057 1543 3130 herauszuschlängeln. Etwas störend wirkte dabei für mein per¬
374 3101 1551 3174 sönliches Empfinden!) seine ziemlich kompakte Figur, die noch
378 3146 1545 3217 besonders im Gegensatz zu der kleinen und zarten Gestalt des
376 3180 1549 3259 Herrn Bruno Ziener als Freund „Max" doppelt auffiel. Ge¬
384 3229 1545 3297 rade umgekehrt denke ich mir die Zwei. Anatol, der „reine
384 3273 1547 3340 Tor“ der Liebe, etwas aetherisch, schlank, mit einer Dragoner¬
374 3305 1555 3384 leutnantstaille. Max. der Philosoph, etwas spießig, rundlich
378 3350 1555 3439 mit dem phlegmatischen Lukullusbauch Da wäre die Wirkung
386 3392 1553 3463 noch schlagender gewesen. Aber alles kann ja nicht auf dieser
386 3433 1553 3542 Welt vollkommen sein! Und es war ja auch so sehr lustig
2559 1684 2875 1787 Telephon 1230
2586 1773 2673 1866 4
2014 1838 2618 1939 „OBSERVER
1799 1884 2871 2002 1. österr. behördl. konz. Unternehmen für Zeitungs-Ausschnitte
1987 1971 2703 2056 Wien, I., Concordiaplatz 4.
2206 2026 2477 2095 Vertretungen
1803 2060 2859 2145 in Berlin, Basel, Budapest, Chicago, Cleveland, Christiania,
1801 2123 2859 2185 Genf, Kopenhagen, London, Madrid, Mailand, Minneapolis
1803 2157 2853 2226 New-York, Paris, Rom, San Francisco, Stockholm, St. Peter
2188 2200 2483 2258 burg, Toronto.
2119 2224 2555 2319 (duellenangabe ohne Gewähr.
1793 2285 2151 2384 Ausschnitt aus:
2020 2363 2750 2531 Deutsche Rundschau, Berlin
1813 2400 1906 2481 am
1741 2515 2788 2620 des redens mit dem rutschen Preis des Frühlings.
1832 2578 3316 2634 Hat hier das Gemütvolle des Inhaltes die Teilnahme des Publikums erweckt
1723 2630 3316 2699 und festgehalten, so ist es der Reiz des Prickelnden und Pikanten, der den fünf
1737 2673 3308 2731 einaktigen Skizzen von Arthur Schnitzler unter dem Gesamttitel „Anatol“,
1735 2727 3316 2782 zum ersten Male am Sonnabend, den 3. Dezember 1910 aufgeführt, den
1735 2768 3308 2826 Erfolg verschafft hat. Anatol, ein reicher, junger Herr aus Wien, gebildet,
1749 2816 3314 2871 skeptisch und blasiert, wird uns in verschiedenen Lebenslagen vorgeführt: an seinem
1743 2859 3314 2919 Hochzeitsmorgen im Stelldichein mit seiner Geliebten, die er doch der Schicklichkeit
1741 2915 3314 2966 wegen verabschieden muß; beim Abschiedssouper mit einer Geliebten, die er ab¬
1749 2954 3314 3008 schieben will, die ihn aber schon fortgeschoben hat — bei aller scheinbaren Ver¬
1747 3006 3322 3065 schiedenheit im Grund immer derselbe Gegensatz von Mann und Weib, vermittelt
1735 3049 3316 3103 durch die Rolle des Freundes, der zwischen beiden ausgleicht oder die Moral der
1737 3093 3310 3150 Szene ausspricht. Anatol, Max und die Geliebte unter verschiedenen Namen sind
1731 3142 3312 3196 die stehenden Figuren der einzelnen Szenen. Die geistreichste ist „Die Frage an
1731 3192 3314 3245 das Schicksal" betitelt. Anatol vermag seine Cora in einen hypnotischen Zustand
1737 3239 3305 3293 zu versetzen, in dem sie auf alle seine Fragen die Wahrheit antworten muß: er
1735 3277 3316 3344 will sie nun einmal daraufhin prüfen, ob sie ihm treu ist. Als sie aber kommt
1737 3330 3314 3394 und die Gelegenheit sich bietet, traut er sich doch nicht, die Gewissensfrage zu
1741 3378 3308 3437 stellen. Max der Philosoph meint im Abgehen: „Eins ist mir klar, daß die
1741 3429 2446 3500 Weiber auch in der Hypnose lügen.
