<?xml version="1.0" encoding="UTF-8" standalone="yes"?>
<PcGts xmlns="http://schema.primaresearch.org/PAGE/gts/pagecontent/2013-07-15" xmlns:xsi="http://www.w3.org/2001/XMLSchema-instance" xsi:schemaLocation="http://schema.primaresearch.org/PAGE/gts/pagecontent/2013-07-15 http://schema.primaresearch.org/PAGE/gts/pagecontent/2013-07-15/pagecontent.xsd">
    <Metadata>
        <Creator>prov=READ-COOP:name=PyLaia@TranskribusPlatform:version=2.12.1:model_id=39995:lm=provided:date=29_03_2024_01:47</Creator>
        <Created>2019-10-07T11:51:02.708+02:00</Created>
        <LastChange>2024-03-29T01:47:34.704+01:00</LastChange>
        <TranskribusMetadata docId="223994" pageId="9505485" pageNr="346" tsid="156430399" status="IN_PROGRESS" userId="40391" imgUrl="https://files.transkribus.eu/Get?id=RXIVNITXMGWMQPPPICURRPZX&amp;fileType=view" xmlUrl="https://files.transkribus.eu/Get?id=QFWKIPVXEBWSMHITJWSHXQIY" imageId="6195699"/>
    </Metadata>
    <Page imageFilename="223994_0346.jpeg" imageWidth="3344" imageHeight="4256">
        <ReadingOrder>
            <OrderedGroup id="ro_1712662536151" caption="Regions reading order">
                <RegionRefIndexed index="0" regionRef="tr_1"/>
                <RegionRefIndexed index="1" regionRef="tr_2"/>
            </OrderedGroup>
        </ReadingOrder>
        <TextRegion orientation="0.0" id="tr_1" custom="readingOrder {index:0;}">
            <Coords points="247,96 247,272 1175,272 1175,96"/>
            <TextLine id="tr_1_tl_1" custom="readingOrder {index:0;}">
                <Coords points="240,215 536,251 1172,239 1164,141 834,174 511,144 463,182 240,151"/>
                <Baseline points="247,196 293,205 339,208 386,208 432,205 479,205 525,206 571,208 618,208 664,208 711,209 757,213 803,221 850,222 896,214 943,209 989,208 1035,208 1082,205 1128,205 1175,209"/>
                <TextEquiv>
                    <Unicode>4.9. Anatol - Zyklus</Unicode>
                </TextEquiv>
            </TextLine>
            <TextEquiv>
                <Unicode></Unicode>
            </TextEquiv>
        </TextRegion>
        <TextRegion orientation="0.0" id="tr_2" custom="readingOrder {index:1;}">
            <Coords points="1304,185 1304,4146 2119,4146 2119,185"/>
            <TextLine id="tr_2_tl_1" custom="readingOrder {index:0;}">
                <Coords points="1356,231 1526,210 1549,230 1669,233 1713,209 1712,159 1690,151 1640,147 1613,165 1584,149 1548,171 1396,150 1355,163"/>
                <Baseline points="1363,205 1388,205 1413,205 1438,207 1463,208 1489,208 1514,209 1539,211 1564,210 1589,208 1615,208 1640,207 1665,206 1690,206 1716,208"/>
                <TextEquiv>
                    <Unicode>box 9/1</Unicode>
                </TextEquiv>
            </TextLine>
            <TextLine id="tr_2_tl_2" custom="readingOrder {index:1;}">
                <Coords points="1390,548 1541,521 1630,545 2048,533 2041,402 2011,388 1384,425"/>
                <Baseline points="1393,474 1425,476 1458,478 1491,481 1524,483 1557,483 1590,483 1622,483 1655,483 1688,488 1721,493 1754,495 1787,495 1820,497 1852,499 1885,501 1918,503 1951,504 1984,505 2017,507 2050,504"/>
                <TextEquiv>
                    <Unicode>-</Unicode>
                </TextEquiv>
            </TextLine>
            <TextLine id="tr_2_tl_3" custom="readingOrder {index:2;}">
                <Coords points="1417,606 1535,634 1603,606 1675,622 1695,600 1823,627 1839,624 1838,534 1776,563 1679,547 1637,563 1556,539 1416,547"/>
                <Baseline points="1423,596 1449,598 1475,599 1501,601 1527,602 1553,602 1579,602 1605,602 1632,600 1658,600 1684,601 1710,602 1736,602 1762,604 1788,605 1814,605 1841,602"/>
                <TextEquiv>
                    <Unicode>92.</Unicode>
                </TextEquiv>
            </TextLine>
            <TextLine id="tr_2_tl_4" custom="readingOrder {index:3;}">
                <Coords points="1454,751 2116,758 2113,691 1989,665 1888,697 1812,676 1728,701 1452,686"/>
                <Baseline points="1459,737 1492,737 1525,736 1558,735 1591,737 1624,737 1657,738 1690,740 1723,740 1756,742 1789,744 1822,746 1855,749 1888,751 1921,751 1954,749 1987,749 2020,749 2053,749 2086,749 2119,749"/>
                <TextEquiv>
                    <Unicode>NEW-YORK TRIBU</Unicode>
                </TextEquiv>
            </TextLine>
            <TextLine id="tr_2_tl_5" custom="readingOrder {index:4;}">
                <Coords points="1377,930 2094,956 2091,827 1376,814"/>
                <Baseline points="1384,919 1419,919 1455,919 1490,919 1526,919 1561,919 1597,921 1632,920 1668,920 1703,922 1739,925 1775,925 1810,925 1846,926 1881,928 1917,928 1952,928 1988,928 2023,928 2059,928 2095,928"/>
                <TextEquiv>
                    <Unicode>LOVE LAURES AT ANATO</Unicode>
                </TextEquiv>
            </TextLine>
            <TextLine id="tr_2_tl_6" custom="readingOrder {index:5;}">
                <Coords points="1370,1081 1560,1099 1599,1079 1662,1106 2007,1083 2086,1110 2084,1027 1980,1006 1900,1036 1769,1010 1368,1017"/>
                <Baseline points="1375,1068 1410,1068 1446,1070 1482,1071 1517,1071 1553,1071 1589,1073 1624,1074 1660,1075 1696,1077 1732,1077 1767,1077 1803,1079 1839,1080 1874,1080 1910,1080 1946,1082 1981,1083 2017,1082 2053,1080 2089,1083"/>
                <TextEquiv>
                    <Unicode>Schnitzlers Episodie Play Pre¬</Unicode>
                </TextEquiv>
            </TextLine>
            <TextLine id="tr_2_tl_7" custom="readingOrder {index:6;}">
                <Coords points="1429,1165 1583,1145 1673,1171 1793,1150 1860,1172 1895,1154 1940,1175 2017,1162 2016,1124 1918,1092 1663,1107 1599,1079 1518,1099 1427,1085"/>
                <Baseline points="1435,1134 1464,1134 1493,1135 1522,1137 1552,1139 1581,1140 1610,1140 1639,1142 1669,1143 1698,1143 1727,1143 1756,1144 1786,1146 1815,1146 1844,1146 1873,1146 1903,1146 1932,1146 1961,1148 1990,1149 2020,1149"/>
                <TextEquiv>
                    <Unicode>sented at Little Theatre.</Unicode>
                </TextEquiv>
            </TextLine>
            <TextLine id="tr_2_tl_8" custom="readingOrder {index:7;}">
                <Coords points="1442,1283 1532,1270 1615,1309 1665,1295 1714,1312 1930,1281 1985,1295 2008,1284 2007,1215 1440,1214"/>
                <Baseline points="1447,1268 1475,1270 1503,1271 1531,1271 1559,1271 1588,1271 1616,1271 1644,1271 1672,1271 1700,1271 1729,1272 1757,1274 1785,1274 1813,1274 1841,1274 1870,1275 1898,1277 1926,1277 1954,1278 1982,1280 2011,1280"/>
                <TextEquiv>
                    <Unicode>A MELLOW TRIELE</Unicode>
                </TextEquiv>
            </TextLine>
            <TextLine id="tr_2_tl_9" custom="readingOrder {index:8;}">
                <Coords points="1358,1420 1673,1392 1751,1421 2080,1414 2055,1338 1888,1380 1729,1340 1589,1364 1501,1335 1355,1340"/>
                <Baseline points="1363,1384 1399,1384 1435,1386 1471,1387 1507,1388 1543,1390 1579,1390 1615,1392 1651,1393 1687,1394 1723,1396 1759,1396 1795,1396 1831,1397 1867,1399 1903,1399 1939,1399 1975,1399 2011,1399 2047,1400 2083,1399"/>
                <TextEquiv>
                    <Unicode>Doris Keane Makes Marked</Unicode>
                </TextEquiv>
            </TextLine>
            <TextLine id="tr_2_tl_10" custom="readingOrder {index:9;}">
                <Coords points="1434,1470 1519,1482 1590,1453 1712,1479 1743,1457 1985,1471 1996,1426 1433,1413"/>
                <Baseline points="1441,1444 1468,1442 1496,1441 1524,1441 1552,1444 1580,1447 1608,1447 1636,1447 1664,1447 1692,1449 1720,1450 1747,1450 1775,1451 1803,1453 1831,1453 1859,1453 1887,1453 1915,1453 1943,1453 1971,1453 1999,1453"/>
                <TextEquiv>
                    <Unicode>Impression in the Char¬</Unicode>
                </TextEquiv>
            </TextLine>
            <TextLine id="tr_2_tl_11" custom="readingOrder {index:10;}">
                <Coords points="1541,1528 1598,1527 1612,1514 1709,1527 1741,1511 1888,1524 1886,1476 1846,1461 1742,1457 1712,1479 1591,1453 1539,1468"/>
                <Baseline points="1546,1501 1572,1501 1598,1502 1625,1503 1651,1504 1677,1504 1704,1506 1730,1507 1757,1507 1783,1507 1809,1507 1836,1508 1862,1510 1889,1510"/>
                <TextEquiv>
                    <Unicode>acter of Mimi.</Unicode>
                </TextEquiv>
            </TextLine>
            <TextLine id="tr_2_tl_12" custom="readingOrder {index:11;}">
                <Coords points="1383,1579 2080,1597 2079,1551 1985,1563 1902,1521 1744,1511 1686,1548 1578,1522 1521,1546 1382,1529"/>
                <Baseline points="1390,1563 1424,1565 1459,1566 1493,1567 1528,1569 1562,1572 1597,1572 1631,1572 1666,1572 1700,1575 1735,1577 1769,1578 1804,1579 1838,1581 1873,1581 1907,1581 1942,1581 1976,1581 2011,1584 2045,1584 2080,1581"/>
                <TextEquiv>
                    <Unicode>One of Anatole ladies of the heart, in</Unicode>
                </TextEquiv>
            </TextLine>
            <TextLine id="tr_2_tl_13" custom="readingOrder {index:12;}">
                <Coords points="1355,1615 2072,1633 2072,1597 1354,1567"/>
                <Baseline points="1360,1602 1395,1602 1431,1605 1467,1608 1502,1608 1538,1608 1574,1610 1609,1611 1645,1612 1681,1614 1717,1614 1752,1614 1788,1616 1824,1617 1859,1617 1895,1617 1931,1619 1966,1620 2002,1620 2038,1620 2074,1620"/>
                <TextEquiv>
                    <Unicode>the episode which takes place before à</Unicode>
                </TextEquiv>
            </TextLine>
            <TextLine id="tr_2_tl_14" custom="readingOrder {index:13;}">
                <Coords points="1346,1647 2072,1672 2071,1632 2037,1625 1346,1616"/>
                <Baseline points="1352,1641 1388,1641 1424,1641 1460,1642 1496,1645 1532,1647 1568,1647 1604,1649 1640,1650 1676,1650 1713,1650 1749,1653 1785,1653 1821,1653 1857,1653 1893,1653 1929,1656 1965,1656 2001,1656 2037,1657 2074,1656"/>
                <TextEquiv>
                    <Unicode>flower shop, calls him an Adler. To which</Unicode>
                </TextEquiv>
            </TextLine>
            <TextLine id="tr_2_tl_15" custom="readingOrder {index:14;}">
                <Coords points="1351,1687 2032,1711 2072,1700 2072,1669 1349,1648"/>
                <Baseline points="1357,1677 1392,1677 1428,1679 1464,1681 1500,1683 1536,1683 1572,1685 1607,1686 1643,1687 1679,1689 1715,1689 1751,1691 1787,1692 1823,1692 1858,1692 1894,1692 1930,1692 1966,1694 2002,1695 2038,1695 2074,1695"/>
                <TextEquiv>
                    <Unicode>Anatol promptly replies that an der is the</Unicode>
                </TextEquiv>
            </TextLine>
            <TextLine id="tr_2_tl_16" custom="readingOrder {index:15;}">
                <Coords points="1354,1733 2072,1742 2071,1701 1353,1690"/>
                <Baseline points="1360,1716 1395,1716 1431,1718 1467,1719 1502,1719 1538,1722 1574,1722 1609,1724 1645,1725 1681,1725 1717,1728 1752,1728 1788,1730 1824,1731 1859,1731 1895,1731 1931,1731 1966,1731 2002,1731 2038,1732 2074,1737"/>
                <TextEquiv>
                    <Unicode>last word in civilization. He goes about</Unicode>
                </TextEquiv>
            </TextLine>
            <TextLine id="tr_2_tl_17" custom="readingOrder {index:16;}">
                <Coords points="1351,1762 1994,1784 2073,1780 2072,1742 1349,1731"/>
                <Baseline points="1357,1754 1392,1756 1428,1755 1464,1755 1500,1757 1536,1757 1572,1759 1607,1760 1643,1761 1679,1763 1715,1763 1751,1765 1787,1766 1823,1766 1858,1766 1894,1766 1930,1768 1966,1769 2002,1769 2038,1769 2074,1769"/>
                <TextEquiv>
                    <Unicode>sipping experiences and turning them to</Unicode>
                </TextEquiv>
            </TextLine>
            <TextLine id="tr_2_tl_18" custom="readingOrder {index:17;}">
                <Coords points="1351,1806 2045,1821 2072,1814 2072,1774 1349,1767"/>
                <Baseline points="1357,1796 1392,1794 1428,1793 1464,1793 1500,1794 1536,1796 1572,1796 1607,1798 1643,1799 1679,1800 1715,1802 1751,1802 1787,1802 1823,1803 1858,1804 1894,1802 1930,1804 1966,1805 2002,1805 2038,1805 2074,1805"/>
                <TextEquiv>
                    <Unicode>gold in the crucible of his leisurely and</Unicode>
                </TextEquiv>
            </TextLine>
            <TextLine id="tr_2_tl_19" custom="readingOrder {index:18;}">
                <Coords points="1352,1839 2068,1852 2048,1814 1351,1803"/>
                <Baseline points="1357,1826 1392,1828 1428,1829 1464,1829 1499,1829 1535,1832 1571,1834 1606,1835 1642,1836 1678,1838 1714,1838 1749,1838 1785,1841 1821,1843 1856,1841 1892,1841 1928,1841 1963,1843 1999,1844 2035,1844 2071,1844"/>
                <TextEquiv>
                    <Unicode>philosophie soul. Anatolis particular form</Unicode>
                </TextEquiv>
            </TextLine>
            <TextLine id="tr_2_tl_20" custom="readingOrder {index:19;}">
                <Coords points="1348,1886 1396,1867 2069,1911 2055,1850 1347,1850"/>
                <Baseline points="1354,1865 1389,1865 1425,1867 1461,1869 1497,1871 1533,1871 1569,1873 1604,1874 1640,1875 1676,1877 1712,1877 1748,1877 1784,1877 1820,1878 1855,1880 1891,1880 1927,1882 1963,1883 1999,1883 2035,1884 2071,1886"/>
                <TextEquiv>
                    <Unicode>of experience seeking des along the path</Unicode>
                </TextEquiv>
            </TextLine>
            <TextLine id="tr_2_tl_21" custom="readingOrder {index:20;}">
                <Coords points="1351,1916 1368,1920 1391,1907 1413,1910 1423,1920 1440,1910 1449,1918 1468,1909 1483,1915 1482,1874 1436,1877 1427,1884 1409,1875 1390,1878 1376,1872 1351,1885"/>
                <Baseline points="1357,1901 1382,1903 1408,1904 1434,1904 1460,1904 1486,1904"/>
                <TextEquiv>
                    <Unicode>of love.</Unicode>
                </TextEquiv>
            </TextLine>
            <TextLine id="tr_2_tl_22" custom="readingOrder {index:21;}">
                <Coords points="1356,1947 2065,1969 2064,1909 1874,1937 1722,1911 1677,1935 1356,1916"/>
                <Baseline points="1363,1939 1398,1941 1433,1942 1468,1942 1504,1942 1539,1945 1574,1945 1609,1946 1645,1948 1680,1948 1715,1951 1750,1951 1786,1951 1821,1952 1856,1954 1891,1954 1927,1956 1962,1957 1997,1957 2032,1954 2068,1951"/>
                <TextEquiv>
                    <Unicode>Five times he le seen saying with de¬</Unicode>
                </TextEquiv>
            </TextLine>
            <TextLine id="tr_2_tl_23" custom="readingOrder {index:22;}">
                <Coords points="1351,1981 1939,2014 2061,2011 2072,1968 1349,1951"/>
                <Baseline points="1357,1978 1392,1978 1428,1978 1464,1979 1500,1981 1536,1981 1572,1983 1607,1986 1643,1987 1679,1987 1715,1987 1751,1987 1787,1989 1823,1990 1858,1991 1894,1993 1930,1993 1966,1993 2002,1993 2038,1993 2074,1993"/>
                <TextEquiv>
                    <Unicode>lightful self-forgetfulness in the arms of</Unicode>
                </TextEquiv>
            </TextLine>
            <TextLine id="tr_2_tl_24" custom="readingOrder {index:23;}">
                <Coords points="1346,2019 2066,2040 2055,2007 1346,1994"/>
                <Baseline points="1352,2014 1387,2016 1423,2017 1459,2017 1495,2018 1531,2020 1566,2020 1602,2022 1638,2023 1674,2024 1710,2026 1745,2026 1781,2026 1817,2026 1853,2027 1889,2029 1924,2029 1960,2031 1996,2031 2032,2029 2068,2029"/>
                <TextEquiv>
                    <Unicode>a passing fancy. In each case the woman</Unicode>
                </TextEquiv>
            </TextLine>
            <TextLine id="tr_2_tl_25" custom="readingOrder {index:24;}">
                <Coords points="1342,2064 2069,2081 2068,2044 1987,2037 1341,2022"/>
                <Baseline points="1349,2050 1385,2052 1421,2053 1457,2053 1493,2054 1529,2056 1565,2056 1601,2058 1637,2060 1673,2062 1710,2062 1746,2062 1782,2064 1818,2065 1854,2065 1890,2065 1926,2068 1962,2068 1998,2066 2034,2066 2071,2068"/>
                <TextEquiv>
                    <Unicode>is of a different type. Anatol moves</Unicode>
                </TextEquiv>
            </TextLine>
            <TextLine id="tr_2_tl_26" custom="readingOrder {index:25;}">
                <Coords points="1346,2098 2004,2127 2072,2107 2072,2080 1345,2064"/>
                <Baseline points="1352,2089 1388,2089 1424,2091 1460,2092 1496,2092 1532,2092 1568,2095 1604,2095 1640,2096 1676,2099 1713,2101 1749,2101 1785,2101 1821,2102 1857,2104 1893,2104 1929,2104 1965,2104 2001,2104 2037,2105 2074,2107"/>
                <TextEquiv>
                    <Unicode>along no restricted highway of love. He</Unicode>
                </TextEquiv>
            </TextLine>
            <TextLine id="tr_2_tl_27" custom="readingOrder {index:26;}">
                <Coords points="1344,2133 2023,2163 2068,2154 2067,2112 1342,2101"/>
                <Baseline points="1349,2125 1385,2125 1421,2127 1457,2128 1493,2128 1529,2130 1565,2130 1601,2132 1637,2133 1673,2134 1710,2136 1746,2136 1782,2136 1818,2137 1854,2139 1890,2139 1926,2139 1962,2141 1998,2142 2034,2142 2071,2142"/>
                <TextEquiv>
                    <Unicode>finds pleasure behind the scenes at the</Unicode>
                </TextEquiv>
            </TextLine>
            <TextLine id="tr_2_tl_28" custom="readingOrder {index:27;}">
                <Coords points="1347,2177 2062,2195 2052,2153 1346,2133"/>
                <Baseline points="1352,2160 1387,2162 1423,2163 1458,2164 1494,2167 1530,2169 1565,2169 1601,2171 1637,2172 1672,2172 1708,2172 1744,2174 1779,2175 1815,2175 1851,2175 1886,2175 1922,2177 1958,2178 1993,2178 2029,2179 2065,2184"/>
                <TextEquiv>
                    <Unicode>opera as he does in the conservatory of</Unicode>
                </TextEquiv>
            </TextLine>
            <TextLine id="tr_2_tl_29" custom="readingOrder {index:28;}">
                <Coords points="1344,2212 2047,2244 2061,2197 1342,2176"/>
                <Baseline points="1349,2199 1384,2199 1420,2201 1456,2204 1492,2207 1528,2205 1563,2205 1599,2207 1635,2209 1671,2211 1707,2211 1742,2211 1778,2213 1814,2214 1850,2215 1886,2217 1921,2217 1957,2215 1993,2215 2029,2217 2065,2217"/>
                <TextEquiv>
                    <Unicode>fashion, in the secluded home or the</Unicode>
                </TextEquiv>
            </TextLine>
            <TextLine id="tr_2_tl_30" custom="readingOrder {index:29;}">
                <Coords points="1346,2242 1361,2241 1369,2246 1385,2242 1397,2251 1404,2245 1427,2251 1431,2247 1436,2251 1459,2247 1457,2210 1441,2209 1436,2215 1426,2212 1417,2220 1405,2216 1383,2219 1360,2208 1345,2208"/>
                <Baseline points="1352,2238 1379,2236 1407,2236 1434,2238 1462,2241"/>
                <TextEquiv>
                    <Unicode>street.</Unicode>
                </TextEquiv>
            </TextLine>
            <TextLine id="tr_2_tl_31" custom="readingOrder {index:30;}">
                <Coords points="1346,2278 1633,2310 2068,2299 2067,2241 1913,2221 1672,2262 1577,2238 1346,2261"/>
                <Baseline points="1352,2271 1389,2274 1427,2276 1465,2277 1503,2278 1541,2281 1579,2283 1616,2283 1654,2285 1692,2286 1730,2286 1768,2287 1806,2289 1843,2289 1881,2291 1919,2292 1957,2292 1995,2293 2033,2295 2071,2295"/>
                <TextEquiv>
                    <Unicode>In the five episodes the faut de pa¬</Unicode>
                </TextEquiv>
            </TextLine>
            <TextLine id="tr_2_tl_32" custom="readingOrder {index:31;}">
                <Coords points="1340,2321 1979,2347 2060,2342 2059,2299 1675,2289 1632,2309 1339,2280"/>
                <Baseline points="1346,2310 1381,2312 1417,2313 1453,2314 1489,2316 1525,2316 1560,2318 1596,2320 1632,2321 1668,2321 1704,2321 1739,2323 1775,2324 1811,2325 1847,2326 1883,2324 1918,2326 1954,2327 1990,2327 2026,2327 2062,2327"/>
                <TextEquiv>
                    <Unicode>ful love is run. No hearts are forever</Unicode>
                </TextEquiv>
            </TextLine>
            <TextLine id="tr_2_tl_33" custom="readingOrder {index:32;}">
                <Coords points="1341,2353 2001,2386 2060,2375 2060,2342 1340,2322"/>
                <Baseline points="1346,2348 1381,2348 1417,2350 1453,2352 1489,2354 1525,2354 1560,2356 1596,2357 1632,2357 1668,2358 1704,2360 1739,2360 1775,2362 1811,2363 1847,2363 1883,2363 1918,2363 1954,2365 1990,2365 2026,2363 2062,2363"/>
                <TextEquiv>
                    <Unicode>broken, although the wisttul and the wich¬</Unicode>
                </TextEquiv>
            </TextLine>
            <TextLine id="tr_2_tl_34" custom="readingOrder {index:33;}">
                <Coords points="1342,2396 2057,2413 2055,2372 1342,2362"/>
                <Baseline points="1349,2381 1384,2386 1420,2387 1455,2388 1491,2390 1526,2390 1562,2393 1597,2395 1633,2396 1668,2396 1704,2396 1739,2398 1775,2399 1810,2399 1846,2400 1881,2402 1917,2402 1952,2402 1988,2402 2023,2403 2059,2408"/>
                <TextEquiv>
                    <Unicode>ful breathe their way into the scene</Unicode>
                </TextEquiv>
            </TextLine>
            <TextLine id="tr_2_tl_35" custom="readingOrder {index:34;}">
                <Coords points="1337,2426 2025,2460 2062,2454 2061,2414 1335,2396"/>
                <Baseline points="1343,2420 1379,2422 1415,2425 1451,2426 1487,2427 1523,2429 1559,2432 1595,2432 1631,2432 1667,2433 1704,2435 1740,2435 1776,2435 1812,2435 1848,2436 1884,2438 1920,2438 1956,2440 1992,2441 2028,2441 2065,2441"/>
                <TextEquiv>
                    <Unicode>There is a haunt of memory about it all.</Unicode>
                </TextEquiv>
            </TextLine>
            <TextLine id="tr_2_tl_36" custom="readingOrder {index:35;}">
                <Coords points="1346,2469 1793,2500 2062,2483 2061,2454 1954,2442 1346,2430"/>
                <Baseline points="1352,2462 1387,2462 1423,2462 1458,2463 1494,2465 1530,2465 1565,2467 1601,2470 1637,2471 1672,2471 1708,2471 1744,2471 1779,2471 1815,2472 1851,2474 1886,2474 1922,2476 1958,2477 1993,2477 2029,2477 2065,2480"/>
                <TextEquiv>
                    <Unicode>Love is a water lity that floats with sweet</Unicode>
                </TextEquiv>
            </TextLine>
            <TextLine id="tr_2_tl_37" custom="readingOrder {index:36;}">
                <Coords points="1338,2502 1980,2534 2053,2500 1337,2469"/>
                <Baseline points="1343,2498 1378,2500 1414,2501 1449,2501 1485,2502 1521,2504 1556,2506 1592,2507 1628,2507 1663,2507 1699,2507 1735,2509 1770,2512 1806,2512 1842,2510 1877,2513 1913,2513 1949,2514 1984,2515 2020,2515 2056,2513"/>
                <TextEquiv>
                    <Unicode>fragrance on the surface of life. Some¬</Unicode>
                </TextEquiv>
            </TextLine>
            <TextLine id="tr_2_tl_38" custom="readingOrder {index:37;}">
                <Coords points="1337,2545 2039,2566 2055,2519 1335,2505"/>
                <Baseline points="1343,2533 1378,2533 1414,2535 1450,2537 1486,2539 1522,2539 1557,2541 1593,2544 1629,2545 1665,2545 1701,2545 1736,2545 1772,2549 1808,2550 1844,2548 1880,2548 1915,2548 1951,2550 1987,2551 2023,2552 2059,2554"/>
                <TextEquiv>
                    <Unicode>times this dreamer who paddles among</Unicode>
                </TextEquiv>
            </TextLine>
            <TextLine id="tr_2_tl_39" custom="readingOrder {index:38;}">
                <Coords points="1331,2584 2019,2606 2053,2598 2053,2561 1330,2545"/>
                <Baseline points="1337,2572 1374,2575 1412,2575 1450,2575 1488,2576 1526,2578 1564,2578 1601,2581 1639,2581 1677,2583 1715,2584 1753,2585 1791,2587 1828,2587 1866,2585 1904,2586 1942,2587 1980,2588 2018,2590 2056,2587"/>
                <TextEquiv>
                    <Unicode>the blossoms capsizes and suffers comi¬</Unicode>
                </TextEquiv>
            </TextLine>
            <TextLine id="tr_2_tl_40" custom="readingOrder {index:39;}">
                <Coords points="1337,2622 2017,2656 2054,2641 2053,2595 1335,2584"/>
                <Baseline points="1343,2608 1378,2610 1414,2613 1449,2614 1485,2614 1521,2614 1556,2616 1592,2619 1628,2620 1663,2620 1699,2620 1735,2622 1770,2623 1806,2623 1842,2623 1877,2623 1913,2625 1949,2626 1984,2626 2020,2626 2056,2629"/>
                <TextEquiv>
                    <Unicode>traged thereby, but he never discovers</Unicode>
                </TextEquiv>
            </TextLine>
            <TextLine id="tr_2_tl_41" custom="readingOrder {index:40;}">
                <Coords points="1338,2657 1827,2676 1825,2633 1808,2631 1337,2622"/>
                <Baseline points="1343,2647 1368,2649 1394,2650 1419,2650 1445,2650 1470,2650 1496,2650 1522,2650 1547,2652 1573,2653 1598,2655 1624,2656 1649,2656 1675,2657 1701,2659 1726,2659 1752,2659 1777,2661 1803,2662 1829,2662"/>
                <TextEquiv>
                    <Unicode>that the flowers have roots,</Unicode>
                </TextEquiv>
            </TextLine>
            <TextLine id="tr_2_tl_42" custom="readingOrder {index:41;}">
                <Coords points="1342,2688 2010,2720 2047,2708 2046,2657 1950,2679 1341,2660"/>
                <Baseline points="1349,2686 1384,2686 1419,2686 1454,2687 1489,2689 1524,2689 1559,2691 1594,2692 1629,2693 1664,2695 1699,2695 1734,2697 1769,2698 1804,2698 1839,2698 1874,2698 1909,2700 1944,2701 1979,2701 2014,2704 2050,2701"/>
                <TextEquiv>
                    <Unicode>In the first scene the man loves a little</Unicode>
                </TextEquiv>
            </TextLine>
            <TextLine id="tr_2_tl_43" custom="readingOrder {index:42;}">
                <Coords points="1337,2732 2030,2757 2044,2714 1335,2685"/>
                <Baseline points="1343,2721 1378,2721 1413,2721 1448,2722 1483,2724 1519,2724 1554,2726 1589,2727 1624,2728 1659,2730 1695,2730 1730,2732 1765,2733 1800,2734 1835,2736 1871,2736 1906,2736 1941,2736 1976,2736 2011,2739 2047,2739"/>
                <TextEquiv>
                    <Unicode>girl who has never lived before. He and</Unicode>
                </TextEquiv>
            </TextLine>
            <TextLine id="tr_2_tl_44" custom="readingOrder {index:43;}">
                <Coords points="1331,2772 2048,2785 2047,2750 1330,2728"/>
                <Baseline points="1337,2757 1372,2757 1408,2757 1443,2758 1479,2761 1515,2763 1550,2763 1586,2765 1622,2767 1657,2769 1693,2769 1729,2769 1764,2771 1800,2772 1836,2772 1871,2775 1907,2775 1943,2775 1978,2776 2014,2778 2050,2778"/>
                <TextEquiv>
                    <Unicode>she and his best friend are playing at</Unicode>
                </TextEquiv>
            </TextLine>
            <TextLine id="tr_2_tl_45" custom="readingOrder {index:44;}">
                <Coords points="1333,2804 2014,2830 2045,2826 2044,2785 1332,2771"/>
                <Baseline points="1340,2796 1375,2796 1410,2796 1446,2797 1481,2799 1516,2799 1552,2801 1587,2804 1622,2805 1658,2805 1693,2808 1728,2808 1764,2808 1799,2809 1834,2811 1870,2811 1905,2811 1940,2812 1976,2814 2011,2814 2047,2814"/>
                <TextEquiv>
                    <Unicode>hypnotism in Anatole rooms. The girl</Unicode>
                </TextEquiv>
            </TextLine>
            <TextLine id="tr_2_tl_46" custom="readingOrder {index:45;}">
                <Coords points="1327,2840 2043,2862 2023,2824 1326,2802"/>
                <Baseline points="1334,2832 1369,2832 1405,2834 1440,2835 1476,2835 1511,2835 1547,2837 1582,2840 1618,2841 1653,2841 1689,2844 1724,2846 1760,2847 1795,2847 1831,2847 1866,2847 1902,2847 1937,2848 1973,2850 2008,2850 2044,2850"/>
                <TextEquiv>
                    <Unicode>falls in a trance, and the lover, prompted</Unicode>
                </TextEquiv>
            </TextLine>
            <TextLine id="tr_2_tl_47" custom="readingOrder {index:46;}">
                <Coords points="1331,2878 2047,2893 2023,2860 1944,2879 1856,2853 1330,2842"/>
                <Baseline points="1337,2868 1372,2868 1408,2870 1443,2871 1479,2872 1515,2874 1550,2876 1586,2879 1622,2880 1657,2880 1693,2880 1729,2882 1764,2883 1800,2884 1836,2886 1871,2886 1907,2886 1943,2886 1978,2887 2014,2889 2050,2889"/>
                <TextEquiv>
                    <Unicode>by his friend, asks her questions. Does</Unicode>
                </TextEquiv>
            </TextLine>
            <TextLine id="tr_2_tl_48" custom="readingOrder {index:47;}">
                <Coords points="1325,2921 2043,2940 2015,2895 1324,2886"/>
                <Baseline points="1331,2906 1366,2906 1402,2906 1437,2907 1473,2910 1509,2912 1544,2912 1580,2912 1616,2913 1651,2915 1687,2918 1723,2918 1758,2918 1794,2919 1830,2921 1865,2921 1901,2921 1937,2923 1972,2924 2008,2924 2044,2921"/>
                <TextEquiv>
                    <Unicode>she love him? Has she ever loved before?</Unicode>
                </TextEquiv>
            </TextLine>
            <TextLine id="tr_2_tl_49" custom="readingOrder {index:48;}">
                <Coords points="1325,2962 2036,2969 2035,2945 1886,2928 1324,2921"/>
                <Baseline points="1331,2942 1366,2942 1401,2944 1437,2945 1472,2945 1507,2948 1543,2948 1578,2950 1613,2951 1649,2951 1684,2954 1719,2954 1755,2955 1790,2958 1825,2960 1861,2960 1896,2960 1931,2960 1967,2961 2002,2963 2038,2963"/>
                <TextEquiv>
                    <Unicode>The answers are more than satisfactory.</Unicode>
                </TextEquiv>
            </TextLine>
            <TextLine id="tr_2_tl_50" custom="readingOrder {index:49;}">
                <Coords points="1325,2988 2012,3019 2040,2975 1324,2960"/>
                <Baseline points="1331,2978 1366,2980 1402,2981 1437,2982 1473,2984 1509,2984 1544,2986 1580,2989 1616,2991 1651,2993 1687,2993 1723,2993 1758,2995 1794,2996 1830,2996 1865,2996 1901,2998 1937,2999 1972,2999 2008,2999 2044,3002"/>
                <TextEquiv>
                    <Unicode>At the question suggested by his friend,</Unicode>
                </TextEquiv>
            </TextLine>
            <TextLine id="tr_2_tl_51" custom="readingOrder {index:50;}">
                <Coords points="1325,3020 2041,3046 2040,3009 1325,2988"/>
                <Baseline points="1331,3017 1366,3017 1402,3019 1437,3020 1473,3021 1509,3023 1544,3023 1580,3025 1616,3026 1651,3026 1687,3029 1723,3031 1758,3032 1794,3032 1830,3032 1865,3032 1901,3034 1937,3035 1972,3036 2008,3038 2044,3038"/>
                <TextEquiv>
                    <Unicode>Has she been true to him? Anatol hero¬</Unicode>
                </TextEquiv>
            </TextLine>
            <TextLine id="tr_2_tl_52" custom="readingOrder {index:51;}">
                <Coords points="1328,3074 2017,3095 2040,3046 1326,3025"/>
                <Baseline points="1334,3056 1369,3056 1405,3056 1440,3057 1476,3059 1511,3059 1547,3061 1582,3062 1618,3063 1653,3065 1689,3068 1724,3068 1760,3068 1795,3068 1831,3068 1866,3071 1902,3073 1937,3074 1973,3075 2008,3077 2044,3077"/>
                <TextEquiv>
                    <Unicode>cally rebels. He wakes her instead of</Unicode>
                </TextEquiv>
            </TextLine>
            <TextLine id="tr_2_tl_53" custom="readingOrder {index:52;}">
                <Coords points="1327,3105 2041,3123 2033,3082 1327,3073"/>
                <Baseline points="1334,3092 1369,3094 1405,3096 1440,3096 1476,3095 1511,3097 1547,3097 1582,3099 1618,3101 1653,3103 1689,3103 1724,3103 1760,3105 1795,3107 1831,3109 1866,3109 1902,3109 1937,3109 1973,3110 2008,3112 2044,3109"/>
                <TextEquiv>
                    <Unicode>asking her, and she answers him, as she</Unicode>
                </TextEquiv>
            </TextLine>
            <TextLine id="tr_2_tl_54" custom="readingOrder {index:53;}">
                <Coords points="1326,3162 1395,3133 1442,3153 2005,3159 2004,3130 1953,3116 1324,3097"/>
                <Baseline points="1331,3130 1364,3130 1398,3130 1432,3131 1466,3133 1500,3133 1534,3135 1567,3136 1601,3136 1635,3138 1669,3139 1703,3139 1737,3139 1771,3142 1804,3144 1838,3145 1872,3145 1906,3145 1940,3147 1974,3148 2008,3151"/>
                <TextEquiv>
                    <Unicode>put it herself, better awake than asleep.</Unicode>
                </TextEquiv>
            </TextLine>
            <TextLine id="tr_2_tl_55" custom="readingOrder {index:54;}">
                <Coords points="1325,3167 2045,3200 2022,3150 1968,3171 1384,3134 1325,3154"/>
                <Baseline points="1331,3166 1366,3166 1402,3168 1438,3169 1474,3170 1510,3172 1545,3172 1581,3176 1617,3178 1653,3178 1689,3178 1724,3178 1760,3180 1796,3181 1832,3182 1868,3184 1903,3184 1939,3186 1975,3187 2011,3188 2047,3190"/>
                <TextEquiv>
                    <Unicode>Marguerite Clark played the girl in this</Unicode>
                </TextEquiv>
            </TextLine>
            <TextLine id="tr_2_tl_56" custom="readingOrder {index:55;}">
                <Coords points="1327,3216 2038,3232 2037,3196 1427,3192 1326,3168"/>
                <Baseline points="1334,3205 1369,3205 1404,3205 1440,3206 1475,3208 1510,3208 1546,3210 1581,3211 1616,3212 1652,3214 1687,3217 1722,3217 1758,3217 1793,3217 1828,3217 1864,3220 1899,3220 1934,3220 1970,3221 2005,3223 2041,3226"/>
                <TextEquiv>
                    <Unicode>scene. She was simple and unawake a</Unicode>
                </TextEquiv>
            </TextLine>
            <TextLine id="tr_2_tl_57" custom="readingOrder {index:56;}">
                <Coords points="1322,3251 1796,3261 1846,3285 1956,3265 2023,3287 2031,3235 1320,3216"/>
                <Baseline points="1328,3241 1363,3241 1398,3241 1434,3241 1469,3241 1504,3244 1540,3246 1575,3247 1610,3248 1646,3250 1681,3250 1716,3252 1752,3253 1787,3253 1822,3253 1858,3256 1893,3256 1928,3257 1964,3259 1999,3259 2035,3262"/>
                <TextEquiv>
                    <Unicode>Hilda was intended a delicate flower that</Unicode>
                </TextEquiv>
            </TextLine>
            <TextLine id="tr_2_tl_58" custom="readingOrder {index:57;}">
                <Coords points="1320,3290 1395,3279 1764,3310 1793,3297 1792,3267 1744,3261 1657,3270 1630,3256 1603,3272 1531,3253 1508,3265 1319,3248"/>
                <Baseline points="1325,3277 1351,3277 1377,3277 1403,3277 1429,3278 1455,3280 1482,3282 1508,3283 1534,3283 1560,3283 1586,3283 1612,3284 1639,3286 1665,3287 1691,3288 1717,3288 1743,3289 1769,3291 1796,3291"/>
                <TextEquiv>
                    <Unicode>life would some day break.</Unicode>
                </TextEquiv>
            </TextLine>
            <TextLine id="tr_2_tl_59" custom="readingOrder {index:58;}">
                <Coords points="1338,3327 2033,3355 2041,3313 1335,3285"/>
                <Baseline points="1343,3315 1378,3315 1413,3315 1448,3316 1483,3318 1518,3318 1553,3320 1588,3321 1623,3322 1658,3324 1693,3324 1728,3326 1763,3328 1798,3331 1833,3333 1868,3331 1903,3332 1938,3333 1973,3333 2008,3336 2044,3333"/>
                <TextEquiv>
                    <Unicode>The second episode takes place in the</Unicode>
                </TextEquiv>
            </TextLine>
            <TextLine id="tr_2_tl_60" custom="readingOrder {index:59;}">
                <Coords points="1322,3361 1857,3372 1942,3395 2033,3378 2032,3354 1320,3332"/>
                <Baseline points="1328,3354 1363,3354 1398,3354 1434,3354 1469,3354 1504,3357 1540,3357 1575,3359 1610,3360 1646,3360 1681,3363 1716,3365 1752,3366 1787,3366 1822,3366 1858,3369 1893,3367 1928,3367 1964,3370 1999,3372 2035,3372"/>
                <TextEquiv>
                    <Unicode>friends (Maxis) rooms. Max is expect¬</Unicode>
                </TextEquiv>
            </TextLine>
            <TextLine id="tr_2_tl_61" custom="readingOrder {index:60;}">
                <Coords points="1316,3406 2030,3419 2029,3382 1315,3355"/>
                <Baseline points="1322,3390 1357,3390 1393,3390 1428,3391 1464,3393 1499,3393 1535,3393 1570,3395 1606,3397 1641,3399 1677,3399 1712,3401 1748,3402 1783,3402 1819,3402 1854,3402 1890,3404 1925,3405 1961,3406 1996,3408 2032,3408"/>
                <TextEquiv>
                    <Unicode>ing a visit from Bianca, a little lady from</Unicode>
                </TextEquiv>
            </TextLine>
            <TextLine id="tr_2_tl_62" custom="readingOrder {index:61;}">
                <Coords points="1319,3438 2028,3461 2018,3416 1318,3400"/>
                <Baseline points="1325,3429 1360,3427 1395,3428 1430,3429 1465,3429 1501,3432 1536,3432 1571,3432 1606,3433 1641,3435 1677,3438 1712,3438 1747,3438 1782,3438 1817,3438 1853,3440 1888,3443 1923,3444 1958,3444 1993,3444 2029,3447"/>
                <TextEquiv>
                    <Unicode>a travelling circus. Anatol and Max read</Unicode>
                </TextEquiv>
            </TextLine>
            <TextLine id="tr_2_tl_63" custom="readingOrder {index:62;}">
                <Coords points="1316,3477 1973,3498 2032,3486 2032,3458 1315,3435"/>
                <Baseline points="1322,3465 1357,3465 1393,3465 1428,3466 1464,3468 1500,3468 1535,3468 1571,3470 1607,3472 1642,3474 1678,3474 1714,3474 1749,3474 1785,3475 1821,3477 1856,3477 1892,3479 1928,3480 1963,3481 1999,3482 2035,3485"/>
                <TextEquiv>
                    <Unicode>over Anatols past, for the perpetual lover</Unicode>
                </TextEquiv>
            </TextLine>
            <TextLine id="tr_2_tl_64" custom="readingOrder {index:63;}">
                <Coords points="1320,3517 2007,3538 2036,3531 2036,3493 1319,3474"/>
                <Baseline points="1325,3500 1360,3502 1396,3503 1431,3503 1467,3504 1503,3506 1538,3508 1574,3509 1610,3509 1645,3509 1681,3512 1717,3512 1752,3512 1788,3513 1824,3515 1859,3515 1895,3515 1931,3517 1966,3519 2002,3521 2038,3521"/>
                <TextEquiv>
                    <Unicode>has brought a box of his lo letters to</Unicode>
                </TextEquiv>
            </TextLine>
            <TextLine id="tr_2_tl_65" custom="readingOrder {index:64;}">
                <Coords points="1312,3559 2038,3570 2023,3528 1311,3515"/>
                <Baseline points="1319,3539 1356,3539 1394,3539 1432,3541 1470,3543 1508,3545 1546,3545 1583,3548 1621,3546 1659,3547 1697,3548 1735,3549 1773,3551 1810,3551 1848,3551 1886,3553 1924,3554 1962,3555 2000,3558 2038,3560"/>
                <TextEquiv>
                    <Unicode>bury with Max. One of the soul, uirs was</Unicode>
                </TextEquiv>
            </TextLine>
            <TextLine id="tr_2_tl_66" custom="readingOrder {index:65;}">
                <Coords points="1310,3586 2043,3607 2041,3572 1884,3557 1309,3557"/>
                <Baseline points="1316,3575 1352,3577 1388,3580 1425,3581 1461,3581 1498,3581 1534,3581 1570,3585 1607,3587 1643,3587 1680,3587 1716,3587 1752,3587 1789,3589 1825,3590 1862,3590 1898,3590 1934,3592 1971,3593 2007,3596 2044,3596"/>
                <TextEquiv>
                    <Unicode>from a charning girl whom he found in</Unicode>
                </TextEquiv>
            </TextLine>
            <TextLine id="tr_2_tl_67" custom="readingOrder {index:66;}">
                <Coords points="1305,3618 1959,3647 2026,3639 2026,3610 1304,3602"/>
                <Baseline points="1310,3611 1347,3611 1385,3613 1423,3616 1461,3617 1499,3617 1537,3617 1574,3617 1612,3619 1650,3620 1688,3620 1726,3621 1764,3623 1801,3623 1839,3625 1877,3626 1915,3628 1953,3629 1991,3630 2029,3632"/>
                <TextEquiv>
                    <Unicode>Bianca come. It is a</Unicode>
                </TextEquiv>
            </TextLine>
            <TextLine id="tr_2_tl_68" custom="readingOrder {index:67;}">
                <Coords points="1312,3658 2028,3688 2026,3646 2000,3638 1311,3618"/>
                <Baseline points="1319,3650 1354,3650 1390,3650 1425,3651 1461,3653 1496,3653 1532,3653 1567,3653 1603,3654 1638,3656 1674,3659 1709,3659 1745,3661 1780,3662 1816,3662 1851,3662 1887,3664 1922,3665 1958,3665 1993,3665 2029,3668"/>
                <TextEquiv>
                    <Unicode>Bianca, formerly Anatos. Anatol greets</Unicode>
                </TextEquiv>
            </TextLine>
            <TextLine id="tr_2_tl_69" custom="readingOrder {index:68;}">
                <Coords points="1310,3706 1381,3687 1536,3716 2024,3721 2023,3685 1990,3672 1309,3664"/>
                <Baseline points="1316,3688 1351,3686 1387,3687 1422,3688 1458,3688 1493,3688 1529,3688 1564,3690 1600,3692 1635,3694 1671,3694 1706,3694 1742,3696 1777,3697 1813,3697 1848,3697 1884,3699 1919,3700 1955,3700 1990,3700 2026,3700"/>
                <TextEquiv>
                    <Unicode>her with revived pleasure. She has for¬</Unicode>
                </TextEquiv>
            </TextLine>
            <TextLine id="tr_2_tl_70" custom="readingOrder {index:69;}">
                <Coords points="1310,3737 2010,3753 2021,3716 1539,3719 1381,3687 1309,3710"/>
                <Baseline points="1316,3724 1351,3724 1386,3724 1422,3724 1457,3724 1492,3727 1528,3727 1563,3727 1598,3728 1634,3730 1669,3730 1704,3730 1740,3731 1775,3734 1810,3736 1846,3736 1881,3736 1916,3736 1952,3737 1987,3739 2023,3739"/>
                <TextEquiv>
                    <Unicode>gotten him. Gall Kane plays Blanca.</Unicode>
                </TextEquiv>
            </TextLine>
            <TextLine id="tr_2_tl_71" custom="readingOrder {index:70;}">
                <Coords points="1306,3771 2012,3796 2021,3758 1305,3739"/>
                <Baseline points="1313,3760 1348,3760 1384,3760 1419,3760 1455,3760 1490,3760 1526,3762 1561,3763 1597,3764 1632,3766 1668,3766 1703,3768 1739,3769 1774,3770 1810,3772 1845,3772 1881,3772 1916,3773 1952,3775 1987,3775 2023,3775"/>
                <TextEquiv>
                    <Unicode>Miss Kane was wonderfully arrayed. She</Unicode>
                </TextEquiv>
            </TextLine>
            <TextLine id="tr_2_tl_72" custom="readingOrder {index:71;}">
                <Coords points="1304,3805 1989,3829 2021,3822 2021,3794 1303,3772"/>
                <Baseline points="1310,3796 1345,3798 1381,3797 1416,3797 1452,3799 1488,3799 1523,3801 1559,3802 1595,3802 1630,3802 1666,3802 1702,3804 1737,3807 1773,3808 1809,3808 1844,3808 1880,3810 1916,3811 1951,3811 1987,3811 2023,3808"/>
                <TextEquiv>
                    <Unicode>might have represented a Chopin no¬</Unicode>
                </TextEquiv>
            </TextLine>
            <TextLine id="tr_2_tl_73" custom="readingOrder {index:72;}">
                <Coords points="1310,3845 2017,3869 2017,3827 1309,3810"/>
                <Baseline points="1316,3835 1351,3833 1386,3834 1421,3835 1456,3835 1492,3835 1527,3835 1562,3836 1597,3838 1632,3838 1668,3841 1703,3841 1738,3841 1773,3842 1808,3844 1844,3844 1879,3846 1914,3847 1949,3847 1984,3850 2020,3847"/>
                <TextEquiv>
                    <Unicode>turno, but it would take more than imagi¬</Unicode>
                </TextEquiv>
            </TextLine>
            <TextLine id="tr_2_tl_74" custom="readingOrder {index:73;}">
                <Coords points="1302,3883 2017,3902 2016,3869 1985,3859 1301,3845"/>
                <Baseline points="1307,3868 1342,3868 1378,3869 1413,3870 1449,3871 1485,3873 1520,3873 1556,3873 1592,3874 1627,3876 1663,3876 1699,3876 1734,3878 1770,3879 1806,3879 1841,3882 1877,3882 1913,3882 1948,3882 1984,3882 2020,3885"/>
                <TextEquiv>
                    <Unicode>nation, it would take brute force, to make</Unicode>
                </TextEquiv>
            </TextLine>
            <TextLine id="tr_2_tl_75" custom="readingOrder {index:74;}">
                <Coords points="1304,3922 1978,3940 2017,3930 2017,3902 1303,3884"/>
                <Baseline points="1310,3906 1345,3906 1381,3906 1416,3907 1452,3909 1487,3909 1523,3909 1558,3909 1594,3910 1629,3912 1665,3915 1700,3915 1736,3915 1771,3915 1807,3915 1842,3915 1878,3917 1913,3919 1949,3921 1984,3921 2020,3921"/>
                <TextEquiv>
                    <Unicode>one realize that she belonged to the cir¬</Unicode>
                </TextEquiv>
            </TextLine>
            <TextLine id="tr_2_tl_76" custom="readingOrder {index:75;}">
                <Coords points="1304,3959 2014,3977 2012,3930 1304,3922"/>
                <Baseline points="1310,3939 1345,3941 1380,3942 1416,3942 1451,3942 1486,3945 1522,3945 1557,3947 1592,3948 1628,3948 1663,3951 1698,3951 1734,3952 1769,3954 1804,3954 1840,3954 1875,3954 1910,3956 1946,3960 1981,3960 2017,3960"/>
                <TextEquiv>
                    <Unicode>cus. And Miss Kane has no force, not</Unicode>
                </TextEquiv>
            </TextLine>
            <TextLine id="tr_2_tl_77" custom="readingOrder {index:76;}">
                <Coords points="1302,3997 1428,3987 1498,4002 1541,3987 1656,4001 1655,3971 1585,3949 1555,3963 1479,3948 1418,3959 1405,3947 1301,3961"/>
                <Baseline points="1307,3975 1332,3977 1357,3978 1382,3978 1407,3979 1432,3980 1457,3981 1483,3981 1508,3981 1533,3981 1558,3983 1583,3984 1608,3984 1633,3984 1659,3984"/>
                <TextEquiv>
                    <Unicode>even civilized force.</Unicode>
                </TextEquiv>
            </TextLine>
            <TextLine id="tr_2_tl_78" custom="readingOrder {index:77;}">
                <Coords points="1325,4020 2011,4046 2000,3983 1874,4012 1753,3985 1325,3991"/>
                <Baseline points="1331,4017 1365,4015 1399,4016 1433,4017 1467,4017 1501,4017 1535,4019 1570,4020 1604,4020 1638,4023 1672,4023 1706,4024 1740,4026 1774,4026 1809,4024 1843,4026 1877,4030 1911,4032 1945,4032 1979,4033 2014,4032"/>
                <TextEquiv>
                    <Unicode>In the "Fareweil Supper episode,</Unicode>
                </TextEquiv>
            </TextLine>
            <TextLine id="tr_2_tl_79" custom="readingOrder {index:78;}">
                <Coords points="1306,4062 2015,4081 2003,4043 1305,4018"/>
                <Baseline points="1313,4050 1348,4052 1383,4053 1418,4053 1453,4053 1489,4053 1524,4055 1559,4058 1594,4059 1629,4059 1665,4062 1700,4062 1735,4062 1770,4062 1805,4064 1841,4064 1876,4066 1911,4067 1946,4067 1981,4070 2017,4070"/>
                <TextEquiv>
                    <Unicode>where Anatol is seen parting from Mimi,</Unicode>
                </TextEquiv>
            </TextLine>
            <TextLine id="tr_2_tl_80" custom="readingOrder {index:79;}">
                <Coords points="1297,4097 2007,4114 2022,4081 1296,4060"/>
                <Baseline points="1304,4088 1341,4088 1379,4088 1417,4090 1455,4091 1493,4091 1531,4091 1568,4091 1606,4093 1644,4096 1682,4097 1720,4098 1758,4100 1795,4100 1833,4102 1871,4103 1909,4103 1947,4103 1985,4104 2023,4106"/>
                <TextEquiv>
                    <Unicode>his love from the opera, Doris Keue</Unicode>
                </TextEquiv>
            </TextLine>
            <TextLine id="tr_2_tl_81" custom="readingOrder {index:80;}">
                <Coords points="1410,4155 1435,4153 1446,4143 1517,4146 1528,4135 1542,4142 1603,4132 1636,4136 1636,4103 1590,4106 1565,4090 1544,4104 1459,4098 1439,4111 1411,4106"/>
                <Baseline points="1417,4136 1444,4136 1472,4136 1499,4136 1527,4134 1555,4133 1582,4131 1610,4131 1638,4133"/>
                <TextEquiv>
                    <Unicode></Unicode>
                </TextEquiv>
            </TextLine>
            <TextEquiv>
                <Unicode></Unicode>
            </TextEquiv>
        </TextRegion>
    </Page>
</PcGts>
