3344 4256
265 128 1156 249 4.9. Anatol - Zyklu-
745 214 931 260 .
1380 143 1731 234 box 9/1
1679 452 2413 544 ancisco, Stockholm, St. Petersburg.
1536 513 2126 593 (Quellenangabe eine Comte).
1399 576 1756 672 Ausschnitt aus:
1433 632 1820 736 K. M. 1912
1413 700 1533 796 vom
1718 685 2468 795 Klagenfurter Zeitung
1487 813 2408 937 Theater, Kunst und Musik.
1470 918 2470 989 (Jubiläums=Stadttheater.) Vor zwei Jahr¬
1470 978 2470 1048 zehnten etwa hat Artur Schnitzler sein erstes
1469 1029 2465 1099 Buch, einen Band dialogisierter Novellen unter
1468 1079 2470 1143 dem Titel „Anatol“, erscheinen lassen, das
1460 1126 2470 1194 ihn mit einem Schlage berühmt machte. Was
1461 1175 2468 1246 an diesen reizenden Dramoletten so verblüffte
1461 1223 2468 1279 und einnahm, war die Originalität des Ein¬
1473 1276 2469 1343 falles und die liebenswürdige Anmut der Be¬
1468 1330 2468 1389 handlung. Den Mittelpunkt all der Dialoge
1464 1375 2469 1432 bildet der elegante, etwas müde Lebemann Ana¬
1464 1423 2464 1494 tol, der sich von seinen Berufskollegen dadurch
1463 1476 2465 1546 unterscheidet, daß er auch über eine ansehnliche
1463 1520 2465 1588 Portion Geist und Gemüt verfügt. Ihm zur
1468 1583 2462 1633 Seite steht der heitere Lebenspraktikus Max als
1463 1631 2469 1687 Helfershelfer und Räsoneur. Die Frauen
1464 1678 2465 1730 wechseln; denn das ist das Eigentümliche bei
1460 1720 2462 1790 diesen Menschen, daß sie aufs zärtlichste und auf¬
1464 1778 2465 1834 richtigste lieben können, ohne treu zu sein.
1463 1813 2465 1889 Schnitzler hat seit der Zeit Ernsteres und Be¬
1461 1866 2468 1935 deutenderes geschaffen und doch sieht man den
1461 1913 2467 1982 losen Erstling hie und da wieder gern. — Das
1464 1964 2465 2029 Gastspiel Josef Victoras brachte uns drei der
1463 2013 2343 2082 sieben Einakter. Den Anfang machte:
2375 2021 2468 2083 Die
1464 2064 2465 2120 Frage an das Schicksal“. Anatol hat seine Ge¬
1454 2108 2467 2180 liebte in hypnotischen Schlaf versenkt, um von
1436 2220 2450 2322 ihr in diesem Zustande zu erfahren, ob sie ihm
1437 2311 2444 2374 treu ist. Aber er fürchtet sich vor der Antwort
1437 2364 2446 2417 und weckt sie, ohne die Frage gestellt zu haben.
1445 2416 2450 2476 „Das Abschiedssouper dürfte das bekannteste
1449 2460 2441 2516 Stück des Zyklus sein und wurde auch bei uns
1431 2510 2444 2565 bereits mit Schramm und Leonore Ehn gegeben.
1459 2557 2446 2622 Es verdankt seine Beliebtheit der witzigen
1444 2602 2444 2663 Schlußpointe. Als drittes wurde „Am Hochzeits¬
1437 2653 2444 2715 morgen gewählt. Anatol ist von seinem Polter¬
1430 2712 2446 2782 abende weg auf die Redoute gegangen und hat
1437 2755 2446 2812 am Morgen seiner Hochzeit alle Mühe, von
1446 2806 2446 2866 seiner Geliebten loszukommen. Wieder gelingt
1435 2855 2444 2921 es Max, diesem überlegenen Kenner der Frauen¬
1440 2897 2445 2959 seelle, seinen Freund aus der Patsche zu helfen.
1497 2954 2439 3002 Der Anatol wird von Bonvivants gern ge¬
1437 3000 2443 3053 spielt. Sie nehmen die Sache gewöhnlich nicht
1440 3049 2441 3106 schwer und stellen mit Aufwendung aller äuße¬
1435 3102 2441 3159 ren Mittel, die sie für ihr Fach parat haben
1431 3149 2446 3209 müssen, einen leichtsinnigen, liebenswürdigen
1437 3195 2438 3253 Lebemann auf die Bühne. Unser prächtiger
1435 3247 2441 3300 Gast, Josef Victora vom Ronachertheater in
1438 3291 2439 3359 Wien, ließ es dabei nicht bewenden. Er hat mit
1444 3345 2438 3400 sicherem Blicke das Tiefere der Gestalt erkannt,
1428 3394 2438 3443 das in dem Gegensatze zwischen Handeln und
1431 3440 2438 3501 Denken zum Ausdrucke kommt. Anatols Han¬
1431 3491 2438 3549 deln ist Leichtsinn, sein Denken aber ist echte
1437 3543 2432 3600 Wiener Schwermut. Das verleiht ihm einen ge¬
1430 3591 2436 3654 wissen müden, hilflosen Zug. Und die ganze Un¬
1431 3639 2438 3697 moral dieses skrupellosen Genießers entspringt
1431 3686 2436 3748 einer so kindlichen Naivität, einer so selbstver¬
1440 3739 2439 3796 ständlichen Verantwortungslosigkeit, daß man
1431 3791 2436 3841 dem Bösewichte nicht gram sein kann. Die be¬
1428 3839 2435 3885 rühmtesten Darsteller haben sich um den Anatol
1428 3889 2435 3953 bemüht, wir können uns keinen besseren vor¬
1435 3934 2429 3991 stellen, als wir ihn gestern zu sehen bekamen.
1431 3986 2444 4037 Namentlich im dritten Stücke zeigte der
1428 4034 2435 4087 Gast sein großes Können. Hier war Irene
2337 4082 2439 4133 voll
2065 4081 2289 4137 Partnerin,
1425 4081 2018 4134 Brion eine gleichwertige
