3436 4320
299 200 586 313 4.9. A
957 216 1221 294 Zyklus
1419 216 1782 304 box 9/3
732 1660 1466 1783 Schnitzlers „Anatol.
920 1792 1303 1873 Kammerspiele.
559 1853 1686 1936 Lebt Anatol noch? Der „leichtsinnige Melancholiker, der immer
528 1922 1635 1974 nur spazieren geht, liebt und Bonmots über die Liebe spricht
565 1961 1693 2022 Sehr zeitgemäß ist seine Existenz gewiß nicht. Zudem habe ich
525 2024 1685 2072 ihn im Verdacht, daß er gar nicht mehr den jugendlichen Rentier
542 2053 1692 2106 spielt, sondern daß er Referent irgendeines Hilfsbundes oder einer
542 2096 1701 2145 Abwicklungsstelle werden mußte. Immerhin, er lebt noch, er liebt
539 2140 1689 2191 noch und er spricht sogar noch immer über die Liebe. Er wird
531 2185 1696 2235 wahrscheinlich noch allerlei Geschicke seiner Stadt Wien überdauern,
539 2226 1696 2279 um eines Tages — berr — im historischen Kostüm auf der Bühne
536 2266 1686 2347 zu stehen. Seht, so lebten die Männer damals, vor dem großen
542 2317 732 2386 Klage.
574 2351 1692 2429 Auf alle Fälle ist Arthur Schnitzlers „Spaziergänger oft schon
531 2402 1692 2477 auf der Szene antiquierter erschienen als gestern. Denn der gute
542 2454 1699 2504 Komödienregisseur der Kammerspiele, Iwan Schmid, gab
539 2496 1692 2559 den und Einaktern, was ihnen oft vorenthalten blieb: Jugend,
542 2553 1140 2621 Tempo, Leichtigkeit, Wiener Luft.
583 2593 1704 2655 So gab de Nachwirkungen, die eigentlich gar nicht anatolisch
531 2649 1707 2703 anmuten. Denn dieser Genießer lacht ja selbst nicht, er lächelt
550 2697 1698 2750 höchstens leise und ein wenig schmerzlich auf die Blume im
547 2738 1698 2788 Knopfloch hin. Auch Schnitzlers Dialog in seinem Witz, wie
547 2775 1695 2835 er sich ohne Mühe, ohne Ankündigen und Nachdrücken von selbst
550 2823 1698 2881 zu formen scheint, rechnet nur auf ein Schmunzeln als Lohn.
544 2867 1695 2919 Gestern aber wurde aus Lächeln und guter Laune in den beiden
539 2910 1698 2963 drastischen Szenen „Abschiedssouper" und „Hochzeitsmorgen ein
539 2956 977 3023 ehrlicher Lustspielerfolg.
571 3001 1704 3061 Dabei ist das Problem der Titelrolle auch gestern nicht gelöst
542 3049 1695 3107 worden. Dieser Anatol ist nun einmal letzten Endes unspielbar,
544 3098 1704 3149 naiv und blasiert zugleich und in einer Ironie befangen, die ein
544 3140 1695 3186 wenig über seine Verhältnisse zu gehen scheint. Anton Edt¬
553 3177 1704 3228 hofer, so geschmeidig wie unpersönlich, nahm den jungen Herrn
547 3224 1701 3277 nicht jung und nicht leicht genug. Wie ein Asket der Eifersucht,
550 3268 1704 3318 wie ein Kaplan der Leidenschaft sah er aus, und die Sicherheit des
553 3312 1701 3358 Wohlbehüteten ging ihm, im „Abschiedssouper, gründlich aus¬
556 3350 1701 3408 Aus Verlegenheiten dürfen in dieser Welt beileibe keine Konflikte
556 3397 703 3456 wachsen!
588 3430 1704 3506 Wenn Anatols Herbheit der guten Laune in Person, seinem
559 3494 1713 3557 Freunde Max, zur Folie dienen sollte, so war freilich ein sicherer
556 3541 1707 3601 Kunstverstand am Werke. Denn Max sah durch Hermann
550 3584 1708 3645 Thiemigs goldene Brille in die Welt, so trocken ohne Egois¬
559 3628 1710 3689 mus, so skeptisch ohne Bitterkeit, so ironisch ohne Galle, kurzum so,
559 3673 1704 3733 wie nur einer von den ganz seltenen Humoristen Menschen und
562 3717 1721 3786 Dinge betrachten kann. Die Aussicht auf sein Wiedererscheinen
1732 1613 2912 1711 nasse allein schon von Akt zu Akt die Stimmung halten und
1732 1689 1848 1743 heben.
1774 1702 2900 1786 Zum Lustspielensemble der Kammerspiele fehlen seit dem
1743 1765 2903 1831 „Hühnerhof“ die Frauen nicht. Als Verstärkung stieß Lina
1735 1817 2903 1870 Lossen zu ihnen, für den kleinen Dialog auf der Straße „Weih¬
1742 1867 2903 1925 nachtseinkäufe. Seitdem sie diese Rolle auf Brahms Bühne ge¬
1749 1902 2897 1956 spielt hat, kann nur sie in der Erinnerung Dame und Sehnsüchtige,
1743 1950 2901 2008 Aufbegehrende und Gebändigte zugleich sein. Wie vornehm muß
1745 1990 2904 2066 Kunst und Menschentum sein, um dem Sentimentalen so sicher aus
1738 2027 2103 2091 dem Wege zu gehen!
1783 2049 2904 2141 Im Abschiedssouper hat Hansi Niese einst so unvergeßlich
1738 2125 2901 2178 ordinär geschmatzt. Margarethe Christians begnügt sich,
1738 2157 2900 2217 den Schwips bürgerlicher anzudeuten, in einer wachsenden Sicher¬
1739 2207 2903 2258 heit, die nur dem Organ noch nicht seine Schärfe zu nehmen weiß.
1743 2248 2901 2304 Erika von Thelmann, jüngst in einem Weihnachtsmärchen
1738 2288 2910 2347 derb und fest erprobt, ist diesmal als hypnotisiertes Medium
1742 2342 2913 2398 sozusagen nur Objekt der Gesetzgebung. Immer mehr Herzens¬
1738 2383 2910 2435 damen! Ein frisches Wiener Mädel (Margarete von Bukovics)
1738 2421 2903 2486 sund als „Episode im Hochzeitsmorgen die exotische Schönheit
1746 2464 2897 2515 der Stella Arbeniana, die sich vorläufig noch auf die Bered¬
1742 2508 2910 2590 samkeit ihrer Erscheinung und auf den Ausdruck ihres Fabel¬
1739 2551 2157 2612 kostüme verlassen muß.
1783 2587 2906 2659 In Licht und Farbe hat Juan Schmith, vom Maler Hart¬
1740 2634 2903 2693 field gestützt, Phantasie und Einfall genug, um die Monotonie
1738 2693 2898 2744 zu verscheuchen. Ein Regisseur dieses Ranges hat es nicht nötig,
1743 2732 2901 2779 daß der Oberkellner im Abschiedssouper mit stummem Spiel
1738 2777 2900 2838 überdeutlich nachhilft. Er lasse seine Speisen für sich sprechen.
2768 2819 2869 2878 M. J.
