3436 4256
227 170 552 270 4.9. A
1343 167 1702 264 box 8/7
814 158 1179 267 Zyklus
736 540 1015 644 Wenden!
1259 561 1616 670 Telephon 12891.
1501 673 1604 756 66
710 627 1325 788 „OBSER
776 762 1532 851 I. österr. behördl. konz. Unternehmen
707 805 1601 908 für Zeitungs-Ausschnitte und Bibliographien
753 862 1561 986 Wien, I. Concordiaplatz 4
980 934 1334 1024 Vertretungen
696 980 1590 1081 in Berlin, Budapest, Chicago, Christiania, Genf,
707 1029 1584 1116 Kopenhagen, London, Madrid, Mailand, Minne¬
704 1078 1584 1170 apolis, New-York, Paris, Rom, San Francisco,
906 1121 1386 1196 Stockholm, St. Petersburg.
911 1170 1368 1259 (Quellenangabe ohne Gewähr.)
696 1205 1061 1311 Ausschnitt aus:
713 1285 1113 1383 9. M. 1911
687 1343 1104 1426 vom Rheinisch,
897 1374 1458 1486 .
1564 1397 1670 1506 3
1762 1780 2910 1872 erhalt. zu einem heißt es: „Wenn Sie nicht Ihr lasterhaftes
1762 1852 2910 1903 Tanzen einstellen wollen, so hoffe ich, daß Sie Gott auf der
1768 1895 2901 1946 Bühne vom Schlage rühren lassen wird!“ In einer anderen hoff
736 1831 1613 1946 Kunst und Wissenschaft.
1765 1941 2907 1987 nungsvollen Epistel sagt der Schreiber: „Die Zeit kommt noch
1768 1975 2907 2030 wo der Applaus aufhört, wo es keine Blumenkörbe mehr gibt
1768 2012 2904 2087 und wo Ihre Verdammung ausgesprochen wird, weil Sie Gottes
949 2021 1406 2113 Londoner Theater.
1768 2053 2288 2102 Worten nicht gehorcht haben.
1826 2067 2901 2159 Auch das ernste Drama ist in den letzten Tagen hier mehr
1222 2079 1722 2168 London, Anfang März.
1765 2122 2898 2194 zu Worte gekommen, als es sonst der Fall in London ist. An
656 2145 1736 2199 Die Aufführung der letzten Szene aus Arthu
1765 2185 2892 2231 Court Theatre wurden zwei „Privat=Aufführungen von Osca
584 2171 1745 2245 Schnitzlers „Anatol-Zyklus „Anatols Hoch¬
1765 2214 2898 2274 Wildes „Salome" veranstaltet, die Lob verdienen. Bekannt
604 2234 1736 2291 zeitsmorgen der ausgezeichneten englischen Uebertra¬
1765 2254 2898 2309 lich gestattet die hiesige Zensur die „öffentliche Aufführung des
595 2277 2892 2352 gung Granville Barkers: „Anatol's Wedding Morning") hatte verfehmten Werkes nicht (der Autor ist hier womöglich noch ver
601 2314 1736 2363 in der brillanten Wiedergabe am Palace-Variété einen Erfolg
1771 2334 2895 2386 fehmter, man wird bei seiner bloßen Namensnennung schon bla¬
595 2352 2886 2447 der den der beiden früher gebrachten Szenen „Die Frage an das und nervös!). Die „Privat-Aufführungen werden nur für „
604 2398 2878 2464 Schicksal und „Abschieds=Souper bei weitem übertraf. So matt ladene Gäste" gegeben — so schreibt es das Gesetz vor.
592 2432 2886 2516 die Darstellung von „Abschieds=Souper in der vergangenen Wirklichkeit können auch „nicht geladene Gäste Zutritt sich ve¬
601 2475 1742 2521 Woche gewesen war, so flott und glänzend gestaltete sich das Zu¬
1765 2493 2898 2542 schaffen, wenn sie vorher Karten erstanden haben. So bekan
604 2518 1736 2564 sammenspiel beim „Hochzeitsmorgen". Die Inszenierung, die
1760 2533 2886 2585 man jetzt wenigstens eine „reine Salome ohne die Verbal
598 2559 2884 2631 wir Granville Barker zu danken haben, war höchst stilvoll, Barker hornung seitens der Zensur zu sehen, durch die sich der Lor
604 2596 1736 2645 selbst gab den „Helden" launisch und mehr wienerisch leicht¬
1765 2610 2892 2659 Chamberlain in den November= und Dezember-Aufführungen an
598 2634 2886 2700 lebig als vorher, und der ausgezeichnete Komiker Nigel Playfair, der Covent Garden=Oper unter Thomas Beecham für alle Zeit
598 2680 2280 2740 der in Maxens Uniform famos aussah, rief eine Lachsalve nach alter unsterblich gemacht hat,
595 2714 1736 2760 der anderen hervor. Entzückend war die hochbegabte Alice Craw¬
1814 2700 2889 2794 Einen der allerbedeutendsten Autoren des modernen Eng
592 2754 2878 2838 ford in der dankbaren Rolle der Lona. Die junge Künstlerin ließ land, den eigentlichen Begründer des realistischen Dra
592 2800 1731 2843 uns London, das Palace-Variété und sein rauchendes Publikum
1760 2818 2884 2869 mas hier zu Lande, John Galsworthy, bekamen wir an
595 2835 1734 2881 vergessen und am Schlusse glaubten wir wahrhaftig, einer
1762 2858 2881 2910 Coronet Theater in dem packenden Sauspiel „The Silver Bor
589 2872 1731 2921 deutschen Vorstellung beigewohnt zu haben. Es bedeutet für
1765 2895 2886 2947 (Die Silberdose) zu hören. Das Werk wurde von einem Ensembl
592 2921 2892 2987 uns eine freudige Ueberraschung, daß der „Hochzeitsmorgen" mit aus Manchester prächtig gespielt. Mit furchtbarer Fronie kon
601 2956 1734 3007 seinen für den hiesigen Geschmack gewagten Situationen und dem
1754 2976 2892 3024 trastiert der außerordentlich begabte Dichter darin die hoffnungs¬
595 2996 1728 3045 satirischen Beigeschmack so stark eingeschlagen und gezündet hat
1754 3016 2886 3065 lose Armut und den Alles kaufenden Reichtum Thomsebabels
589 3036 2895 3114 danach zu schließen, dürfte das mutige Unternehmen Barkers Er liebt sein Volk und darum geißelt er es blutig. Schon lange
589 3076 1668 3131 für die hiesige Variété-Bühne noch wichtige Folgen zeitigen.
1748 3096 2895 3148 hat man nicht so rechte, erschütternde und dabei von Humor
647 3119 2895 3186 Auch der sich stetig steigernde Erfolg von Friedrich Freksas sprühende Szenen auf der hiesigen Bühne erlebt. Galsworthy hat
589 3140 1731 3206 „Sumurun" am Coliseum ist recht erfreulich. Das riesige Haus
1762 3174 2898 3226 sich in Deutschland bereits vorteilhaft mit seinem gewaltigen
586 3194 2898 3272 ist Abend für Abend ausverkauft und die hiesige Presse wird gar¬ Streikdrama „Strife" („Kampf", Ur-Aufführung in Köln,
586 3237 1938 3300 nicht müde, das Werk und die Darstellung zu preisen. Sehr be¬ngeführt
586 3275 1728 3324 merkenswert nach dieser Richtung hin ist ein langer Artikel in
1803 3269 2892 3355 Wie jetzt offiziell verlautet, findet im kommenden Herbst eine
581 3315 1725 3370 der „Times", wo es unter anderem heißt: „Ein ähnliches
1748 3335 2895 3401 deutsche Opern-Saison am Covent Garden, Theater
586 3355 1725 3410 Wunder ist sicherlich noch nicht zuvor in London gesehen
1757 3384 2895 3436 (wohl als Entschädigung für den gänzlichen Ausfall der deutschen
584 3392 1731 3444 worden!... Sumurun gibt uns nicht allein eine Groteske, es
1748 3421 2895 3484 Oper während der Krönungs=Saison) statt, während welcher der
584 3438 1725 3493 erfüllt uns nicht allein mit Vergnügen — nein, es übt einen
581 3462 2734 3554 wahren Zauber aus." Wie es heißt, soll sich Max Rein= ande Ring=Zyklus zweimal zur Darstellung kommt.
581 3513 1751 3579 hardt mit Plänen tragen, später noch andere Werke nach London
572 3554 1555 3608 zu bringen und sein Ensemble darin glänzen zu lassen.
635 3582 1711 3654 Mit außerordentlichem Erfolg setzt Mand Allan ihr Gast
581 3614 1719 3700 spiel am Palace-Variété fort und tanzt jetzt ein neues Reper¬
581 3671 1714 3720 toire zu Kompositionen von Chopin, Grieg, Schubert und —
581 3712 1708 3766 Johann Strauß! Ihre Wiedergabe des „Blauen Donauwalzers
578 3755 1719 3809 gehört wohl zu dem Besten, was sie uns hier beschert hat. Köstlich
581 3792 1722 3847 sind die Briefe, welche die ideale Tänzerin von religiösen
575 3827 1714 3910 Wahnsinnigen, die in Londen besonders zahlreich sind,
