3296 4224
1296 233 1641 330 box 8/6
172 242 1126 350 4.9. Anatol - Zyklus
1084 1008 1438 1104 Telephon 12.801.
536 1090 1033 1274 OBSER
388 1234 1436 1327 1. österr. beh. konz. Unternehmen für Zeitungs¬
583 1284 1244 1357 Ausschnitte und Bibliographie.
554 1328 1284 1435 Wien, I., Concordiaplatz 4.
778 1409 1050 1478 Vertretungen
395 1449 1440 1519 in Berlin, Brüssel, Budapest, Chicago, Cleveland, Christiania,
386 1497 1440 1551 Genf, Kopenhagen, London, Madrid, Mailand, Minneapolis,
395 1539 1435 1605 New-York, Paris, Rom, San Francisco, Stockholm, St. Peters¬
774 1579 1047 1637 burg, Toronto.
656 1586 1122 1692 en
1066 1663 1187 1749 Wie¬
392 1658 762 1766 Ausschnitt aus:
551 1758 801 1850 2 1911
403 1798 529 1861 vom
431 1907 1456 1960 H. Frankfurter Schauspielhaus. Man schreibt uns:
363 1950 1456 2005 Schnitzlers lang angekündigter „Anatol=Zyklus ging
341 1990 1454 2062 der Gesamt-Aufführung der fünf Szenen erst¬
356 2036 1456 2096 mals über die Bretter, und zwar mit dem Vorwort, das
363 2079 1458 2130 Hugo von Hoffmannsthal dem Werke in der Buch¬
353 2123 1463 2176 ausgabe mit auf den Weg gegeben hat. Dieses Vorwort,
356 2165 1463 2215 hier als Prolog von Herrn Bolz gut gesprochen, will in
359 2212 1460 2271 seiner Verherrlichung des galanten Rokoko eigentlich zu
353 2253 1460 2310 den darauffolgenden hypermodernen Vorgängen nicht recht
356 2294 1453 2349 passen. Jedoch erlaubt ist, was gefällt — und die Hoff¬
356 2338 1456 2388 mannsthalsche Dichtung gestell Weniger gefiel zu¬
353 2379 1460 2436 weilen die Szenerie. Besonders bei dem reizvollen Dialog
356 2424 1456 2479 „Weihnachtseinkäufe. Hier hatte man dem Impressionis¬
363 2469 1456 2522 mus denn doch zu sehr die Zügel schießen lassen. Für die
356 2510 1456 2568 drei ersten Szenen war geschickt die Drehbühne und doppel¬
363 2555 1456 2607 ter Vorhang verwendet worden, sodaß längere Pausen
359 2598 1458 2652 vermieden werden konnten. Auch die breite Umrahmung
359 2647 1467 2697 der Bühne machte sich gut, weil hierdurch intime Räume
366 2684 1456 2737 geschaffen wurden. Ebenso ist die Darstellung mit Leng¬
366 2726 1456 2778 bach in der Titelrolle zu loben. Das Publikum nahm die
359 2771 1456 2823 Vorstellungen mit großem Interesse und viel Beifall auf,
350 2812 1364 2888 dem jedoch auch zuweilen der Widerspruch nicht fehlte.
2529 656 2881 759 Kalender 11291.
1989 753 2695 917 OBSERVER
1827 896 2885 968 1. österr. beh. konz. Unternehmen für Zeitungs¬
2028 949 2673 1001 Ausschnitte und Bibliographie.
1993 989 2726 1084 Wien, I., Concordiaplatz 4.
2217 1066 2497 1132 Vertretungen
1831 1084 2877 1170 in Berlin, Brüssel, Budapest, Chicago, Cleveland, Christiania,
1837 1159 2877 1208 Genf, Kopenhagen, London, Madrid, Mailand, Minneapolis,
1827 1191 2871 1253 New-York, Paris, Rom, San Francisco, Stockholm, St. Peters¬
2219 1233 2487 1288 burg, Toronto.
2177 1258 2530 1330 selbe ohne Gewähr.
1813 1292 2838 1399 Ausschnitterliner Börsen Courier, Berlin
2237 1371 2641 1461 Morgenausgabe
1820 1450 1969 1501 vom
2222 1435 2695 1562 FEBRUAR 1911
1802 1535 2324 1645 In Schankhaus
2422 1604 2821 1673 Frankfurt a. M.
1810 1601 2179 1676 boten gestern fünf
2215 1634 2373 1702 Szenen
2409 1652 2810 1720 n
1807 1648 2284 1726 „Anatole-Zyklus
2354 1674 2818 1756 einen unterhaltsamen
1802 1697 2810 1795 Premierenabend. Der Beifall schwankte im Verlauf
1800 1741 2803 1827 zwar ein wenig durch das Gleichmaß der Milieu¬
1802 1778 2800 1877 stimmung, ward aber nach dem wirksamen Abschluß
1791 1821 2802 1914 mit dem „Hochzeitsmorgen" wieder recht lebhaft. Der
1796 1857 2794 1957 Hofmannsthalsche Prolog als Einleitung dürfte in
1785 1911 2809 2010 seinem logischen Zusammenhang mit den erwarteten
1778 1932 2324 2007 Zielen unklar geblieben sein.
2436 2371 2788 2464 Telephon 12.801.
1879 2450 2493 2618 OBSERVE
1820 2601 2784 2688 sterr. beh. konz. Unternehmen für Zeitungs¬
1942 2656 2584 2719 Ausschnitte und Bibliographie.
1910 2690 2630 2792 Wien, I., Concordiaplatz 4.
2136 2781 2409 2843 Vertretungen
1726 2823 2799 2884 in Berlin, Brüssel, Budapest, Chicago, Cleveland, Christiania,
1742 2863 2795 2917 Genf, Kopenhagen, London, Madrid, Mailand, Minneapolis,
1741 2914 2795 2960 New-York, Paris, Rom, San Francisco, Stockholm, St. Peters¬
2137 2947 2403 3001 burg, Toronto.
2090 2976 2450 3039 Quellenangabe ohne Gewähr.
1738 3017 2830 3141 Ausschnitt aus Münchner Hausta Nachrichtes
1740 3179 1874 3223 vom
2072 3173 2698 3306 te voor
1766 3244 2166 3324 den über
1824 3289 2697 3363 II. Frankfurter Schauspielhaus. Man schreibt uns:
1787 3339 2698 3396 Artur Schule Anto=Zyklus mit dem von
1787 3378 2701 3433 Hugo v. Hofmannsthal als Widmung an den
1784 3420 2698 3475 Dichter verfaßten Prologe, kam in fünf Bildern bei
1782 3454 2701 3518 uns zur ersten Gesamtaufführung. Man hatte dafür
1785 3494 2692 3557 die Drehbühne mit doppeltem Vorhang in Aktion
1780 3529 2697 3583 treten lassen und durch eine Umrahmung den Pro¬
1784 3575 2691 3623 spekt so verkleinert, daß ein wirklich intimer Zimmer¬
1780 3613 2090 3665 raum entstand.
2150 3618 2691 3674 Die Darstellung war, mit
1773 3631 2688 3713 Lengbach als Titelheid, recht gut. Die Insze¬
1787 3691 2688 3748 nierung aber war allzu impressionistisch gehalten,
1777 3734 2690 3782 was besonders bei „Weihnachtseinkäufe fast stören
1777 3771 2691 3824 ausfiel. Das zahlreich erschienene Publikum nahm
1778 3810 2692 3868 die Vorstellung mit Interesse entgegen und spendete
1771 3845 2687 3920 reichen Beifall, der jedoch nicht immer unwider¬
1774 3885 2050 3942 sprochen blieb.
1813 3917 2300 4000 B. Prager hat
