3436 4256
1390 166 1744 261 box 8/5
280 172 1229 264 4.9. Anatol - Zyklus
877 576 1141 640 burg, Toronto.
824 615 1194 698 gelangte das Gewehr
467 671 854 743 Ausschnitt aus:
468 767 1353 893 vom 5. CEL. Breslauer Zeitung
849 949 1200 1055 Premieren.
1155 1047 1593 1123 Berlin, 3. Dezember.
428 1055 1646 1160 Während das „Neue Schauspielhaus“ sich zur Hebung seines
375 1104 1641 1199 immer mehr am Historischen hängenden Spielplans den Mephisto der
375 1142 1646 1252 Alt=Wiener Posse, Johann Nestroy, und seinen dreiaktigen Schwank
365 1194 1644 1305 „Der Zerrissene" verschrieb, rekonstruierte das „Lessing¬
314 1276 1593 1371 theater“ mit der Aufführung von fünf Anatol-Einaktern, die zu
317 1338 1594 1385 einem abendfüllenden Zyklus vereint wurden, ein jüngeres Bildnis
687 1382 1589 1445 lers aus der Zeit von vor siebzehn Jahren: aus
565 1421 1593 1470 der dreißigjährige noch nicht zwischen Ibsen und
325 1459 1586 1514 — Sardou stand, sondern das von Richard Dehmel mit tiefem Ernst
319 1499 1612 1556 angeschlagene Thema „Weib und Welt“, im lässig heiteren Sinne variierte.
319 1544 1597 1597 Man hat diese galanten Lustspiel-Intermezzi schon häufig aufgeführt,
317 1580 1594 1644 die „Episode", die gestern zwischen „Frage an das Schicksal", „Wech¬
317 1626 1594 1676 nachtseinkäufe", „Abschiedssouper" und „Anatols Hochzeitsmorgen" stand,
322 1663 1594 1713 hier und da durch die ernsthafter gearteten „Denksteine ersetzt, aber
319 1705 1596 1754 immer den Kunstbau des Anatol-Komplexes zerstückt, indem man — für
323 1745 1594 1800 ein lever de rideau oder den Abschluß eines Theaterabends — nur
322 1779 1593 1836 einzelne der Einakter aus dem Zusammenhang riß. Das geht nicht!
328 1826 1597 1879 Nur wenn man diesem Faublas der Neu=Wiener Decadence, der seine
322 1866 1599 1918 Liebesevolutionen vor dem Spiegel einstudiert, eine Zeitlang von Akoven
325 1906 1604 1964 zu Alkoven, von Abenteuer zu Abenteuer folgt, wird man ganz verstehen,
325 1948 1594 2001 welche scharfe, zynische Menschenkritik in den Einzelheiten dieses ge¬
331 1984 1597 2042 fälligen Spieles eingeschlossen liegt; man wird begreifen, wie Schnitzler
328 2025 1601 2082 hier nur in der Form gallisch anmutig ist (ein klügerer Capus, ein
328 2070 1601 2120 munierer Donnay), wie er aber in der Tat mit dem rücksichtslosen Sar¬
322 2109 1599 2161 kasmus Nestroys die Empfindungen seiner Nachbarn, seiner Nachbarinnen
322 2151 1604 2194 und nicht zum wenigsten seine eigenen auf ihre Echtheit nachprüft. Das
328 2190 1601 2244 Resultat; ein Hohngelächter, wenn es auch hinter den Portieren des
328 2230 1606 2276 Anatol-Salons ein wenig gedämpft klingt. Nichts von Heldentum in
331 2272 1597 2323 dieser Liebesmelodie, die fast von Takt zu Takt die Themen wechselt.
331 2313 1604 2373 Nein: mit schneidender Aufrichtigkeit geben Anatol, der Dichter=Viveur
331 2355 1604 2402 mit der Stirnlocke, geben die Zerlinen, die dem modernen Don Juan
328 2395 1594 2450 in sein Palais folgen, zu, daß es ihnen allen weniger darauf ankommt
328 2432 1594 2481 echte Gefühle ausströmen zu lassen, als geschickt die Stichworte der Ge¬
335 2476 1604 2527 fühlsrolle zu bringen; daß sie Puppenspieler und spielerinnen sind, denen
335 2514 1601 2572 das Wahrhaftigkeitsexamen ohne weiteres die Larve von den zur Gri¬
331 2555 1540 2608 masse heuchlerischer Süßlichkeit verzogenen Gesichtern reißen müßte.
327 2592 1607 2658 Bei der Aufführung des „Lessing heaters sah man diese Grimasse in
328 2634 1594 2693 einem Falle mehr als es gut war. Denn Herr Mounard (Anatol
335 2675 1601 2730 erhob die kokette Gespreiztheit, welche die ewig düpierte Unwiderstehlich¬
335 2722 1541 2772 keit des Dichterlings nur als leise ironischer Nebenton geleiten darf
335 2759 1604 2814 so macht es in dieser Rolle Josef Jarno, jetzt in Wien —, zum führen¬
328 2798 1602 2854 den Charakterzug seines Bildes. Das aber verdarb der Rolle das Kon¬
328 2839 1610 2902 zept. Es entstand ein „Schaute mit vergnügten Sinnen", kein immerhin
339 2876 1601 2946 sympathischer Vogelfanger, dessen Bauer, aus welchen Gründen auch
338 2928 1606 2973 immer, dauernd gefüllt ist. Und keineswegs war zu erkennen, daß dieses
338 2962 1607 3018 massio-karikaturistische Porträt als erste Skizze zu Herrmann Bahrs
359 3002 1604 3050 Gustav Heink“ und zu Schnitzlers „Meister Amadeus" gedacht ist. Auch
338 3041 1607 3092 Reicher als Anatols Eckermann (Max), die Triesch als letzte Rose
338 3081 1601 3132 auf dem Junggesellenwege Anatols (Ilona) hatten zu viel Erdenschwere
339 3119 1604 3171 Um so wirbelnder wirkte die mousseuraltige Pikanterie des Fräuleins
335 3163 1612 3218 Sussin, die der Annie im „Abschiedssouper“ zugute kam und endlich
338 3198 1610 3256 einmal Hansi Nieses hallendamenähnliche Derbheit aus dem geschmeidigen
338 3246 1615 3308 Körper dieser ramine berausdrängte. Und Frl. Lina Lossen ab
336 3280 1607 3345 mit verführerischer Schlichtheit jene anständige Frau“ in den „Weih¬
335 3324 1620 3380 nachtseinkäufen", die es Anatol gegenüber um alles gern einmal nicht
338 3382 706 3448 gewesen wäre.
399 3382 1614 3467 Das Publikum amüsierte sich ausgezeichnet: so ausgezeichnet, wie es
338 3448 1623 3509 sich neuerdings im Hause Otto Brahms immer amüsiert, seit es nach den
343 3483 1620 3552 Erfolgen von Herrmann Bahr und Björnson dort gestattet ist, sich zu
1059 3525 1559 3597 Walter Turszinsky.
343 3538 933 3602 amüsieren und nur zu amüsieren.
537 3588 1388 3703 unt. Hilfenschaft und in
2624 1422 2992 1519 Telephon 12.801.
2091 1504 2582 1683 OBSER
1922 1638 2986 1729 1. österr. beh. konz. Unternehmen für Zeitungs¬
2136 1720 2772 1774 Ausschnitte und Bibliographie.
2107 1755 2825 1848 Wien, I., Concordiaplatz 4.
2328 1831 2605 1897 Vertretungen
1927 1860 2984 1940 in Berlin, Brüssel, Budapest, Chicago, Cleveland, Christiania,
1927 1922 2989 1974 Genf, Kopenhagen, London, Madrid, Mailand, Minneapolis,
1927 1961 2987 2016 New-York, Paris, Rom, San Francisco, Stockholm, St. Peters¬
2321 2000 2595 2054 burg, Toronto.
2276 2038 2650 2104 (Quellenangabe ohne Gewähr.)
1922 2087 2312 2178 Ausschnitt aus:
2474 2164 2685 2260 Wien
1844 2173 1947 2278 50
1937 2220 2085 2276 vom
1937 2331 2884 2434 Aus Berlin wird uns telegraphiert: Im Lessing=
1889 2421 2893 2476 theater erzielte Schnitzlers „Anatol“=Zyklus heitere Erfolge.
1895 2461 2888 2513 Die Aufführungen waren sein gestimmt. Heinz Monnard
1893 2513 2891 2576 spielte den Anatol etwas gedehnt, mit einem gewissen
1892 2558 2884 2609 wienerischen, literarischen Kaffeehauston, aber mit über¬
1890 2603 2888 2666 legenem Humor, fein ironischer Sentimentalität und
1895 2653 2888 2706 charakteristischen Variationen. Er erzielte neben
1885 2691 2884 2764 Reichers ausgezeichnetem Max den darstellerischen Haupt¬
1889 2745 2603 2806 erfolg an diesem amüsanten Theaterabend.
