3484 4256
1466 150 1824 250 box 8/5
344 150 1284 250 4.9. Anatol - Zyklus
843 925 1284 1043 Ausschnitt aus:
1337 975 1956 1081 Die Welt am Montag, Berl.
852 1040 1010 1110 vom
1307 1052 1707 1178 LANGER 1910
1959 1207 3123 1295 hagen, das gerade den Komplizierten so gern zum Primitiver
1160 1222 1542 1340 Theater.
1956 1272 3128 1342 treibt. Und mit der ungeschminkten und wehmütigen Freude einer
1956 1331 3128 1386 resignierten Intelligenz, die einen kleinen Ausschnitt aus dem
1248 1313 1483 1404 Anatol.
1956 1354 3131 1434 tollen Spiel, das wir Leben nennen, für sich und in ihrem Sinn
1152 1369 1580 1454 (Lessingtheater.)
1956 1395 2338 1483 lebendig gemacht hat
849 1416 1948 1504 Eine wundervolle Melodie schwingt leise durch dämmerige
2047 1428 3126 1507 Denn das ist schließlich doch das A und das ihres
767 1483 1939 1545 Räume. Viel Melancholie ist darin, und ein klein wenig Laszivitä
1962 1475 3126 1560 ästhetischen Evangeliums: eine diskrete Andacht vor den ewig
773 1528 3128 1592 und eine große, wehmütig heitere Menschheitsliebe. Ein Stückchen neuen Wundern des Lebendigen. Ich kann mir sehr gut denken,
767 1554 1939 1642 deutsches Volkslied ein Stückchen Mozart, ein Stückchen Wiener
1962 1580 3128 1645 daß die Art und Weise, wie Anatol und Freund Max ihrem Leben
773 1613 1589 1680 Walzer und ein Stückchen italienische Operette.
1965 1627 3126 1692 und ihrer Kunst zum Rhythmus verhelfen, bei Andersgearteten
846 1654 1939 1724 Wie Schattenrisse gleiten ein paar blasse, ironisch nachdenkliche
1959 1663 3126 1730 empörte Protestresolutionen zu entfesseln vermag. Bei rüstigen
776 1695 1939 1765 sehr kluge und sehr kultivierte Gesichter vorüber. Kinder einer
1971 1710 3128 1771 Tatmenschen etwa, bei Bismarcknaturen, die das eitle Nichtstuer¬
776 1745 1939 1810 müden, skeptischen, tausendfach behorchten und tausendfach zer¬
1971 1754 3128 1818 dasein dieser Dekadence=Apostel von Grund auf degoutieren.
776 1795 1936 1848 arbeiteten Verfallszeit. Verhätschelte Lieblinge des Glücks und er¬
1965 1801 3123 1856 Oder bei demokratisch Gesinnten, die es als lächerlich empfinden,
776 1833 3128 1901 lesene Luxusgeschöpfe, denen die Kunst des Lebens zum einzigen daß man die Voudoir- und Separé-Geheimnisse der oberen Fünf¬
773 1880 1945 1936 ästhetischen Credo geworden ist. Ueberlegene Betrachter menschlicher
1968 1883 3120 1945 hundert so furchtbar feierlich nimmt. Es ist sogar wahrscheinlich
770 1927 3126 1986 Zusammenhänge. Elegant verzärtelte Genießer, um deren Mund, daß die Atmosphäre dieser entzückenden Szenenfolge, gerade weil
770 1971 1936 2036 winkel die Skepsis des Snobs eine leichte Blasiertheit gegraben hat
1968 1974 3128 2033 sie so suggestiv ist, etwas tief Degravierendes hat. Aber die
767 2003 1557 2065 Philosophen im Frack und mit weißer Binde.
1956 2018 3128 2074 Tatsache, daß hier ein wundervoll reifer Dichter mit nachlässiger
834 2030 1936 2115 In vornehm ruhigen Junggesellenwohnungen, durch die ein bis¬
1962 2056 3123 2121 Eleganz die erlesensten Kostbarkeiten unserer Zeit hingezaubert
764 2083 1936 2156 krete: Luxus flutet, sitzen sie beieinander und reden von klugen
1956 2097 3128 2162 hat, scheint mir allen Einwendungen den fatalen Beigeschmack
776 2141 3126 2203 fein Dingen: Von den betörenden Heimlichkeiten dieses seltsam einer hartnäckigen Philistrosität zu geben. Ich liebe diese Anatol¬
770 2183 3131 2244 verschnörkelten Lebens. Von Frauen, die sie geliebt haben, und von Szenen mit der Liebe des Zeitgenossen, der in ihrer hingehauchten
778 2227 3117 2291 süßen Mädels, die irgendwo draußen in der Vorstadt auf sie warten. Melodie Selbstgefühltes und Selbsterlebtes wiederfindet. Ich
767 2268 3123 2332 Von Vergangenem und Gegenwärtigem. Von dem zauberhaften liebe sie, weil ich in ihrer wehmütig ironischen Heiterkeit den von
770 2312 3126 2382 Duft vertrockneter Blumen und von der seligen Torheit verstaubter Dichterhänden geformten Ausschnitt eines Lebens sehe, das uns
767 2362 3055 2444 Liebesbriefe. Von der Poesie halbverwehter Erinnerungen, von der alle angeht und uns allen so unendlich viel zu schaffen macht
767 2403 1939 2459 Wehmut des Aelterwerdens und von allem, was dieser törichten
2039 2406 3123 2459 Daß Brahm endlich einmal dem Dichter Arthur
761 2450 1939 2526 Welt ihren rätselhaft lockenden und trotz aller Dagewesenheit immer
1968 2429 3126 2514 Schnitzler zum Worte verhalf, scheint mir das erste wichtige
764 2494 1425 2559 wieder bezwingenden Rhythmus gibt.
1959 2491 2532 2559 Ereignis dieses Theaterwinters.
2661 2497 3126 2576 Arthur Westpha¬
840 2529 1945 2597 Sie reden und träumen und dichten und rauchen Zigaretten
764 2573 1939 2638 und verweben alles Menschliche in die von Takt und weltmänni¬
770 2623 1936 2679 scher Klugheit gesättigte Atmosphäre ihrer liebenswürdig melan¬
764 2670 1939 2723 cholischen Sybarithen=Philosophie. Sie sind niemals laut und
761 2714 1936 2770 niemals pathetisch. Sie nehmen die kleinen Erlebnisse ihrer Mi¬
758 2761 1933 2814 niaturwelt vielleicht wichtiger, als sie genommen zu werden ver¬
758 2802 1942 2861 dienen. Aber sie sind auf der anderen Seite ehrlich und kritisch
761 2849 1939 2905 genug, um den leise parodistischen Zug in ihrer eigenen Mensch¬
764 2893 1936 2943 lichkeit niemals zu übersehen. Es liegt ein Stückchen mutiger
761 2938 1936 3008 Selbstversiflage in ihrem Gebaren. Und, wenn ihr so wollt, auch
761 2982 1522 3049 ein Stückchen ernsthafter Weltanschauung.
855 3008 1933 3078 Sie sind Artisten und genießen als solche die Nüance, die
764 3046 1936 3114 Episode. Auch in ihren Beziehungen zu den Frauen und Mäd¬
761 3111 1933 3167 chen, die ein launischer Zufall ihnen in den Weg wirft. Sie
758 3158 1939 3205 adeln die Gleichgültigkeit dieses Zufalles durch die überlegene
761 3205 1942 3249 Art ihrer Betrachtungsweise. Sie wissen, daß die blonde Cora mit
761 3243 1933 3293 den zerstochenen Fingern ein banales kleines Nähmädel aus der
764 3290 1936 3343 Wiener Vorstadt ist, daß die frech-lustige Annie direkt aus dem
758 3328 1933 3387 Opernchor ins Separé gelaufen kommt, und daß die Bianca vom
761 3372 1933 3428 Zirkus schon heute nicht mehr an den Liebhaber von gestern denkt
761 3422 1933 3472 Sie kennen die Primitivität des Materials, das sie auf der Straße,
761 3463 1933 3513 unter dem Regenschirm, in der Pferdebahn oder im Caféhaus auf¬
764 3507 1936 3563 gelesen haben. Sie wissen, daß morgen schon welk sein wird, was
764 3548 1936 3604 heute noch blüht. Sie wissen das alles und geben doch ihr bestes
761 3593 1936 3654 Teil, die Subtilität ihrer Empfindung und die Differenziertheiten
758 3637 1948 3716 ihres Organismus daran hin. Immer mit dem kennerischen Be¬
