3296 4224
154 135 492 246 4.9. An
532 150 644 217 to
534 126 1079 251 Zyklus
996 201 1075 246 .......
1275 126 1634 225 box 8/6
1069 464 1160 534 1
1409 483 2133 692 .
1050 730 2130 810 I. österr. behördl. konz. Unternehmen für
1368 781 1819 850 Zeitungsausschnitte
1073 827 2117 912 Wien, I., Konkordiaplatz 4.
1467 882 1721 945 Vertretungen
1056 891 2120 1000 in Berlin, Basel, Budapest, Chicago, Cleveland, Christiania,
1062 964 2119 1031 Genf, Kopenhagen, London, Madrid, Mailand, Minneapolis,
1053 1003 2117 1088 New-York, Paris, Rom, San Francisco, Stockholm, St. Peters¬
1456 1049 1739 1116 burg, Toronto.
1303 1081 1994 1224 que fange deut¬
1052 1138 1467 1249 Ausschnitt aus
1561 1186 1822 1292 Hamburg
1236 1214 1499 1319 3 MAI
1532 1242 1704 1345 1911
1052 1266 1195 1354 vom
1462 1400 1704 1493 Anatol.
980 1453 2189 1566 Fünf Einakter von Arthur Schnitzler In Szene gesetzt von
980 1523 2181 1582 Carl gemann. Zum ersten Male aufgeführt im Deut¬
1053 1573 2110 1631 schen Schauspielhaus am Dienstag, den 2. Mai.
1058 1625 2184 1715 Die armen Wiener Früher pries man, mit einer leisen
985 1678 2189 1750 Geringschätzung im Ton, ihr Phäakentum. Heute, Dank
985 1727 2186 1784 Schnitzler, stehen sie im Licht des „Anatolischen". Grazie,
988 1768 2002 1832 sentimentale Heiterkeit, leichtfertige Gemütlichkeit
2054 1781 2175 1845 „heut
977 1827 2175 1888 alles, wie einst. Nur der Ernst fehlt. Aber tut man den
980 1856 2181 1932 Leuteln von der blauen Donau nicht unrecht? Ich glaube.
983 1902 2178 1968 Wenigstens habe ich gestern vergebens nach dem typisch Wie¬
971 1956 2187 2000 nerischen gesucht, das Schnitzler so treffend wiedergeben soll.
980 1990 2180 2057 Ich habe nur das Anatolische gefunden. Aber das schwimmt
980 2032 2178 2095 heute in allen Großstädten oben, wie Schlagrahm auf dem
974 2078 2178 2152 Kaffee. Denn die junge Lebewelt dieser Städte ist sich über¬
979 2125 2175 2193 all gleich. (Ist es doch überhaupt bezeichnend, daß die erfolg¬
977 2164 2172 2218 reichen Dramatiker unserer Tage fast überall „Helden" inter¬
971 2219 2180 2268 nationalen Gepräges verwenden!) Mich erinnerte Schnitz¬
971 2253 2180 2320 ler vor allem an einen witzig frivolen Causeur der Kopen¬
980 2294 2180 2356 hagener Zeitung „Politiken. Er nennt sich Christensen,
971 2338 2180 2402 trägt aber eigentlich einen ganz anderen Namen und
974 2379 2184 2446 seine Wiege soll sogar in Hamburg gestanden haben. Sein
967 2427 2178 2494 Kopenhagenertura sieht dem Wienertum Schnitzlers zum Ver¬
974 2473 2178 2537 wechseln ähnlich. Auch er meistert den Anatoltyp aus¬
971 2519 2177 2575 gezeichnet, aber er hat viel mehr Stilgefühl als Schnitzler.
980 2560 2175 2622 Er schreibt 120 Zeilen Plauderei und sie wirken wie eine
968 2598 2177 2665 Lustspielszene. Schnitzler schreibt Lustspielszenen und sie
968 2648 2189 2712 wirken wie eine Plauderei, Christensen begnügt sich mit
965 2689 2174 2757 einem Plätzchen im lokalen Teil seiner Zeitung. Schnitzler
1061 2731 2178 2803 für seine Causerien den ganzen Theaterapparat nötig.
971 2772 2171 2836 Und allem sprühenden Witz, bei aller sprudelnden Lustig¬
967 2820 2175 2891 keit, bei allem Scharfsinn, aller Menschenkenntnis, womit
968 2861 2171 2926 Charakterzeichnung und Stimmungsgehalt seiner Themen
965 2899 2169 2975 erschöpft werden, die er der Tragikomödie des wirklichen
971 2950 2166 3017 Lebens mit seinen frivolen Bitterkeiten entnimmt — dies
962 2991 2014 3066 Bedürfnis wirkt ein wenig schwer und umständlich.
1053 3037 2174 3118 Schnitzler hat das Anatolthema später in seinem Schau¬
971 3086 2172 3162 spiel „Liebelei vertieft. Was ist Liebelei? Liebe ohne
958 3127 2166 3204 Liebe. Flirt. Aber beim Flirt sind sich beide Partner be¬
958 3180 2169 3225 wußt, daß es sich nur um ein Spiel handelt. Bei der Lie¬
968 3222 2169 3274 belet wird der Flirt=Standpunkt oft nur von den jungen
971 3262 2166 3330 Männern der sogenannten besseren Stände eingenommen. Da
965 3304 2169 3370 die jungen Mädchen ihrer eigenen Kaste ihnen in den Jahren,
959 3346 2164 3408 da sie sich die Hörner ablaufen, sich „austoben", wie es zu
965 3387 2163 3446 heißen pflegt, kaum zugänglich sind, wenden sie ihre Ge¬
967 3432 2168 3493 fühle jenen freieren Damen zu, die außerhalb der Gesell¬
965 3484 2164 3529 schaft stehen oder den Mädchen des „Volkes" (zur Unter¬
968 3528 2163 3589 scheidung von „Gesellschaft“). Im ersteren Fall bleibt es
965 3575 2154 3621 meistens beim Flirt. Im letzteren Fall ereignet es sich aber
968 3608 2163 3666 wohl manchmal, daß dort, wo der Mann nur an Liebelei
959 3660 2158 3715 denkt, das junge Mädchen wirkliche Liebe spendet. Die Kon¬
976 3698 2154 3753 flikte und Katastrophen, die sich dann ergeben, hat Schnitzler
974 3742 2149 3789 in seinem Schauspiel „Liebelei“ behandelt. In den „Anatol¬
974 3783 2152 3844 Szenen bleibt er aber jedem Ernst fern. Die „Flammen",
968 3824 2154 3890 die Anatol bis zum Hochzeitsmorgen entzücken, quälen, pei¬
945 3864 2166 3949 nigen, verlassen, besitzen so wenig wie er selber erotische
991 3950 2177 4025 Leidenschaft. Sie haben nur die erotische Phantasie. Das
2095 3993 2178 4049 sind
993 3998 2066 4071 Herz kommt nicht in Frage, nur die Sinne. Sie
2075 4028 2181 4092 keine
991 4034 2040 4110 Schmetterlingsnaturen. Sie haben nur Oberfläche,
1789 4080 2184 4153 gesamte Produktion
2850 3928 2949 3984 gewür¬
2218 3941 2759 3998 die allein er die Liebe verste
2763 3976 2909 4033 mental
2221 3990 2654 4043 heit und mit einigen
2219 4004 3051 4116 Das ist der Ausklang der Szenenreihe, die
2216 4066 2824 4130 unsere allem künstlerischen Er
3093 4011 3172 4060 be¬
