3484 4224
1445 160 1801 256 box 8/5
337 174 1280 267 4.9. Anatol - Zyklus
1259 1370 1560 1451 Telephon 12.801.
1282 1453 1373 1542 44
705 1518 1301 1621 „OBSERVER
495 1595 1564 1669 1. österr. behördl. konz. Unternehmen für Zeitungs-Ausschatte
681 1653 1396 1733 Wien, I., Concordiaplatz 4.
897 1712 1176 1777 Vertretungen
495 1751 1565 1813 In Berlin, Basel, Budapest, Chicago, Cleveland, Christiania,
503 1805 1564 1857 Genf, Kopenhagen, London, Madrid, Mailand, Minneapolis,
495 1842 1557 1901 New-York, Paris, Rom, San Francisco, Stockholm, St. Peters¬
896 1884 1181 1938 burg, Toronto.
826 1928 1249 1995 lenangabe des Gen.
495 1977 855 2069 Ausschnitt aus:
660 2051 987 2155 10 12. 1910
508 2117 625 2176 vom
383 2171 757 2269 reich
524 2205 1705 2295 Im Lessingtheater beschäftigte man sich mit Artur
399 2277 1705 2336 Schnitzlers Anatol. Man gab die fünf Einakter im warmen
402 2321 1704 2386 Lokalkolorit. Heinz Monnard bewarb sich liebevoll um alle
406 2370 1707 2435 Schattierungen im Charakter des von ihm dargestellten Helden,
406 2422 1709 2481 Irene Triesch, Lina Lossen, Paula Somary, Hilde Her¬
409 2471 1712 2536 terich und Mathilde Sussin hatten die wiener Madeln glaub¬
409 2516 1705 2577 haft zu gestalten. Sie und Emanuel Reicher brachten Wien nach
406 2575 1699 2629 Berlin und ihre Kunst bewirkte, daß man für einige Stunden ver¬
409 2624 1705 2692 gessen konnte... Freilich dann, das Friedrich=Carl=Ufer, die Spree,
409 2668 1705 2736 von fern die Leuchten des Friedrichstraßenbahnhofes... vorbei.
409 2722 852 2797 vorbei. aus war's!
2806 138 3062 235 hon 12.801.
2481 277 2868 381 E
2204 339 3059 450 z. Unternehmen für Zeitungs¬
2029 404 2850 502 eschnitte und Bibliographie.
2178 474 2899 551 Wien I. Concordiaplatz 4.
2406 533 2683 586 Vertretungen
2005 551 3070 627 in Berlin, Brüssel, Budapest, Chicago, Cleveland, Christiania,
2015 609 3060 656 Genf, Kopenhagen, London, Madrid, Mailand, Minneapolis,
2005 648 3062 715 New-York, Paris, Rom, San Francisco, Stockholm, St. Peters¬
2402 692 2673 741 burg, Toronto.
2358 726 2723 783 (Quellenangabe ohne Gewähr.)
2002 783 2384 858 Ausschnitt aus:
2015 910 2148 963 vom
2632 894 2956 1024 14 219
2324 1055 2790 1135 Berliner Theater.
2015 1101 2582 1184 Man schreibt uns aus Berlin:
2018 1137 3166 1231 rs. Keine neuen unbekannten Werke zeigten uns die Berliner
1948 1186 3161 1275 Bühnenleiter in dieser Woche, trotzdem aber gab es zwei kurzweilige
1943 1238 3166 1316 Abende. Brahm hatte den klugen Einfall, Artur Schnitzlers ganzen
1940 1282 3166 1340 Anatol=Zyklus im Lessing=Theater aufzuführen. Die fünf rei¬
1946 1331 3165 1384 zenden Einakter, galante Episoden aus dem Leben Anatols, sind
1945 1363 3163 1433 seine Pikanterien, die einer erdacht hat, der an dem Erotischen nicht
1933 1402 3163 1474 nur um der Erotik willen Freude findet, in dem aber auch nichts von
1937 1446 3166 1507 einem anmaßenden Sittenrichter steckt. Schnitzler sah das Liebes¬
1943 1477 3160 1551 spiel in der Welt, guckte ihm seine witzigen Pointen ab, freute sich
1933 1526 3161 1583 gleich Wagners Sachs darüber, daß die Welt den Kopf zu verlieren
1941 1562 3160 1630 scheint, weil ein Glühwurm sein Weibchen nicht fand, und zeigte uns
1940 1601 3155 1665 die Dinge, wie sie sind, nur mit ein wenig jener Schminke, durch die
1930 1645 3157 1712 die Farben auf den Gesichtern jenes Aussehen gewinnen, das sie, um
1935 1681 3152 1751 im Rampenlicht zu wirken, auf der Bühne haben müssen. Es sind
1927 1718 3152 1792 kostbare Leckerbissen die uns kleine köstliche Freuden bereiten. Fünf
1928 1754 3153 1819 verschiedene Parfüms prickeln die Zunge, nicht gerade allzu viel, um
1928 1803 3152 1865 den Wunsch nach einer Fortsetzung des leckeren Mahles zu töten,
1922 1839 3150 1897 nicht zu wenig, um den, der erwartungsvoll zu naschen begann, un¬
1922 1871 3152 1946 befriedigt zu lassen. Der Darsteller des Anatol, der vom ersten bis
1922 1920 3153 1979 zum fünften Einakter die Wirkungen steigern muß, wenn er das In¬
1927 1958 3152 2025 teresse nicht erlahmen lassen soll, wurde von Heinz Monnard recht
1930 2000 3148 2060 geschmackvoll und mit diskretem Takt gespielt. Die übrigen Sterne
1922 2039 3152 2099 des prächtigen Brahmschen Ensembles halfen wacker mit, die feinen
1928 2075 3073 2142 Schattierungen der Schnitzlerschen Figurchen herauszubringen.
2007 2116 3147 2192 Auch im Neuen Schauspielhaus gab es in dieser Woche einen
1927 2137 3142 2222 freundlichen Erfolg, der der Kritik nur sympathisch sein kann. Direk¬
1922 2199 3143 2262 tor Halm brachte Johann Nestroys seit länger als einem Jahrzehnt
1925 2238 3147 2297 nicht mehr aufgeführte dreiaktige Posse Der Zerrissene heraus
1919 2279 3139 2334 und leitete selbst die Regie. Man freute sich allgemein über die rei¬
1883 2371 3096 2448 zenden Einzelleistungen der Darsteller und konnte es nur bedauern,
1880 2419 3086 2487 daß soviel Nestroyscher Witz, soviel schauspielerisches Können, so
1883 2456 3091 2526 nette und gefällige Einfälle der Regie und der von wundervoller
1875 2494 3100 2564 Komik getragene Vorwurf in ihrer Gesamtwirkung dennoch keinen
1883 2531 3088 2604 vollen Erfolg erzielen konnten. Daran konnte nur die altmodisch
1889 2572 3104 2647 gewordene Bühnentechnik des österreichischen Satirikers schuld sein.
1889 2611 3096 2683 Die Idee des Stückes, die sich daraus ergebenden Verwicklungen und
1894 2650 3104 2720 Situationen stehen in ihrer Originalität so hoch über dem Niveau
1894 2691 3100 2771 sogenannter moderner, zeitgenössischer Possen, daß ein tüchtiger Be¬
1883 2730 3106 2806 arbeiter mit wenigen Aenderungen aus diesem Stücke einen regel¬
1889 2771 3103 2844 rechten „Schlager gemacht hätte. Es gibt da zu viele Dinge, die
1888 2813 3108 2873 ein Zuschauer heutzutage nicht mehr verträgt. Sonderbar genug,
1891 2850 3108 2924 daß gerade das Neue Schauspielhaus, wo Originaltexte prinzipiell
1893 2885 3114 2951 umgearbeitet werden, gerade hier nicht reformatorisch eingegriffen
1889 2927 3108 3002 hat. Wie überwältigend komisch wäre Nestroys ursprünglicher Ein¬
1901 2968 3108 3034 fall dann erst herausgekommen. Zwei Leute, ein wegen seiner
1893 3002 3104 3082 Reichtümer abgestumpft und lebensmüde gewordener Aristokrat und
1894 3047 3113 3117 ein Schlossermeister mit Riesenfäusten balgen miteinander um ein
1901 3086 3108 3157 Weib, fallen während des Kampfes ins Wasser, retten sich getrennt
1893 3124 3103 3196 auf entgegengesetzte Ufer und erleiden nun bei der Vorstellung, den
1893 3170 3114 3227 Gegner ums Leben gebracht zu haben, Qualen und Angst. Der
1907 3202 3113 3274 Aristokrat will für tot gelten, um seine Mordtat nicht in der Zelle
1904 3254 3113 3311 büßen zu müssen und plant schon in seinem eigenen Schloß einzu¬
1901 3280 3114 3355 brechen, um zu Geld zu kommen, als sich sein Patenkind, eine rich¬
1897 3318 3119 3391 tige Unschuld vom österreichischen Lande in oberösterreich. Mundart
1899 3362 3109 3443 und mit niederösterreichischen Grübchen im Kinn liebevoll seiner an¬
1906 3407 3116 3471 nimmt und ihm zu einer Stellung als Hofknecht bei ihrem bäurischen
1911 3440 3117 3510 Vetter verhilft. Nach richtiger Volksstücksregel treten auch die fal¬
1911 3476 3121 3560 schen Freunde als lachende Erben auf, um zuguterletzt an die Luft
1907 3520 3117 3598 gesetzt zu werden, als der vermeintliche Ermordete Schmied aus sei¬
1907 3557 3117 3627 nem Schlupfwinkel im Keller emporsteigt und die beiden nebenbuhle¬
1904 3598 3117 3670 rischen Mörder einander selig umarmen. Die Moral von der Ge¬
1909 3640 3116 3714 schichte ist in ungezählten schmachtlappigen Wiener Volksliedern vor¬
1904 3674 3117 3751 weggenommen worden. Herr Eugen Burg in der Titelrolle war
1914 3712 3122 3788 vielleicht der einzige, der als Darsteller nicht ganz auf der Höhe
1914 3758 3124 3829 stand. Glänzend aber war Herr Emil Lind in der Rolle jenes
1915 3792 3124 3870 bäurischen Tropfes, der sich ewig darüber beklagt, wie viel auf seinen
1911 3837 3127 3906 Kopf einstürmt, Fräulein Wüst, das beliebteste Mitglied des Halm¬
1915 3875 3124 3946 schen Ensembles, als Madame Schleier, Willi Prager als eifer¬
1919 3911 3126 3987 süchtiger sitzengelassener Liebhaber und harmloser Mörder, und
2753 3956 3127 4012 Kati mit dem warm¬
1915 3969 2666 4025 Fräulein Ida Frey, als die schöne, unschu
1911 4013 2529 4074 blütigen, uneigennützigen Herzen.
