3436 4256
376 171 680 277 4.9. A.
863 174 1064 299 1
1103 181 1297 293 klu-
1492 190 1850 301 box 8/5
1113 1077 2324 1162 Betrachten wir die vier Schichten des Schnitzlerschen Riesen¬
1025 1156 1670 1239 spektakels von innen nach außen.
1116 1203 2327 1271 Den Kern, das psychologische Drama: Der junge Medardus hegt
1025 1255 2327 1312 einen großen Willen. Aber auf dem Weg vom Entschluß zur Tat
1025 1299 2329 1361 wird ihm dieser Wille regelmäßig verfälscht. Wird abgelenkt von
1038 1352 2332 1426 seiner Richtung. Medardus will fürs Vaterland ins Feld ziehen.
1037 1401 2326 1468 Da schwemmt ihm die Donau seine tote Schwester vor die Füße. Er
1035 1452 2322 1525 will die Schwester rächen. Da kommt ihm die Liebe überquer. Er
1035 1494 2335 1569 will seiner Liebe leben. Da tritt die Notwendigkeit, Held, Rächer,
1038 1549 2331 1618 Befreier zu sein, an seine Seele heran. Er will Held, Rächer, Be¬
1050 1598 2334 1673 freier sein, da stiehlt ihm neuerdings das Gespenst der Liebe alle
1045 1654 2339 1719 Energie aus den Nerven, lenkt den schon gezückten Dolch ab von
1046 1697 2340 1772 seinem ursprünglichen Ziel. Er will die tragische Konsequenz ziehen
1045 1745 2339 1811 aus all dem, heroisch sterben. Da hemmt eine Caprice des Schicksals
1046 1790 2339 1868 seinen Weg: die Tat, für die er büßen will, erweist sich als eine zu¬
1050 1837 2340 1920 fällig lobenswerte Tat, und die Gnade des großmütigen Gegners macht
1042 1891 2344 1961 die edle Todesbereitschaft des Medardus illusorisch. Jetzt mag aber
1050 1937 2342 2007 der Jüngling nicht mehr um das wohlverdiente Herven=Schicksal
1046 2005 2340 2054 betrogen sein. Er hat es satt, sich sein Heldentum neuerdings per¬
1045 2047 2342 2109 vertieren zu lassen, besteht auf dem, nun einmal rite erworbenen,
1053 2098 2342 2168 großen Abgang. Man füsiliert ihn, da er nicht sein Wort verpfänden
1046 2132 2340 2207 will, weitere Mordpläne gegen den Kaiser Napoleon aufzugeben. In
1051 2186 2345 2256 der Linie des Medardus=Schicksals läge es, daß man nun, nach des
1056 2243 2339 2311 Jünglings Heldentod, davon erführe, Napoleon sei einen Tag früher
1048 2285 2347 2352 von einem andern ermordet worden, und der ganze Aufwand an
1060 2344 1725 2407 Charaktergröße überflüssig gewesen.
1149 2383 2348 2454 Medardus ist einer, der fortwährend um seinen ungeheuern
1060 2430 2353 2503 Energieverbrauch geprellt wird. In der Luft gewissermaßen fängt
1058 2477 2352 2558 des Schicksals Hand die Kugeln aus des Medardus Büchse ab und gibt
1060 2532 2358 2604 ihnen ein andres Ziel. Daß er kein Kompromiß schließen kann, ist
1063 2575 2355 2656 seine Tragik. Scheinbar ist er schwankend und haltlos. Aber nur
1060 2627 2353 2711 deshalb, weil er das, was er eben ist, ganz und ausschließlich sein
1063 2687 2350 2755 muß. Nur Rächer oder nur Liebender oder nur Befreier oder
1068 2724 2358 2803 Märtyrer eines großen Gedankens. Das jeweilige Ziel hypnotisiert
1064 2773 2357 2845 ihn. Er ist ein Unbedingter, ein schrankenlos Hingebender, ein
1064 2822 2358 2905 leidenschaftlicher Untertan dem Gefühl oder dem Gedanken, die gerade
1068 2874 2357 2959 sein Herz und Hirn beherrschen. Seine Partnerin, die schöne Prin¬
1063 2918 2365 2999 zessin von Valois, ist schon aus anderm Stoff, Ist stärker. Auch
1071 2972 2373 3047 ihren Weg verstellt die Liebe. Aber die Prinzessin geht mitten durch
1081 3016 2362 3099 sie hindurch, ganz hingegeben und doch ganz Herrin ihrer selbst. Ja,
1077 3078 2365 3154 sie schmiedet sogar aus den Fesseln, die das Schicksal ihr anlegen
1063 3115 2368 3192 will, um sie an der Ausführung großer Pläne zu hindern, sie schmiedet
1063 3180 2363 3248 aus diesen Fesseln Waffen, die jenen Plänen die Realisierung er¬
1069 3206 2375 3309 zwingen sollen. Der Medardus ist ein elastischer Held, dessen Wille
1061 3325 1186 3419 ﻿1264
