<?xml version="1.0" encoding="UTF-8" standalone="yes"?>
<PcGts xmlns="http://schema.primaresearch.org/PAGE/gts/pagecontent/2013-07-15" xmlns:xsi="http://www.w3.org/2001/XMLSchema-instance" xsi:schemaLocation="http://schema.primaresearch.org/PAGE/gts/pagecontent/2013-07-15 http://schema.primaresearch.org/PAGE/gts/pagecontent/2013-07-15/pagecontent.xsd">
    <Metadata>
        <Creator>prov=READ-COOP:name=PyLaia@TranskribusPlatform:version=2.12.1:model_id=39995:lm=provided:date=29_03_2024_01:47</Creator>
        <Created>2019-10-07T11:50:02.412+02:00</Created>
        <LastChange>2024-03-29T01:47:00.316+01:00</LastChange>
        <TranskribusMetadata docId="223994" pageId="9504726" pageNr="163" tsid="156430215" status="IN_PROGRESS" userId="40391" imgUrl="https://files.transkribus.eu/Get?id=EAHKBYMUJNNEVCZMQNBYDFRD&amp;fileType=view" xmlUrl="https://files.transkribus.eu/Get?id=DVMXXCMBKUJPDDHVOOIRHJAG" imageId="6194940"/>
    </Metadata>
    <Page imageFilename="223994_0163.jpeg" imageWidth="3296" imageHeight="4224">
        <ReadingOrder>
            <OrderedGroup id="ro_1712662520464" caption="Regions reading order">
                <RegionRefIndexed index="0" regionRef="tr_1"/>
                <RegionRefIndexed index="1" regionRef="tr_2"/>
            </OrderedGroup>
        </ReadingOrder>
        <TextRegion orientation="0.0" id="tr_1" custom="readingOrder {index:0;}">
            <Coords points="173,250 173,3655 1701,3655 1701,250"/>
            <TextLine id="tr_1_tl_1" custom="readingOrder {index:0;}">
                <Coords points="1277,294 1447,289 1540,308 1573,287 1639,285 1628,210 1586,220 1520,210 1453,248 1419,230 1382,240 1354,219 1276,217"/>
                <Baseline points="1286,277 1311,275 1337,274 1362,276 1388,277 1413,277 1439,277 1465,277 1490,277 1516,277 1541,277 1567,277 1592,277 1618,276 1644,274"/>
                <TextEquiv>
                    <Unicode>box 8/6</Unicode>
                </TextEquiv>
            </TextLine>
            <TextLine id="tr_1_tl_2" custom="readingOrder {index:1;}">
                <Coords points="163,300 1111,316 1113,237 1067,225 701,246 577,214 369,272 287,219 165,248"/>
                <Baseline points="173,286 220,289 267,289 314,292 361,294 408,289 455,289 503,288 550,286 597,285 644,283 691,285 738,289 785,287 833,283 880,285 927,286 974,284 1021,283 1068,283 1116,283"/>
                <TextEquiv>
                    <Unicode>4.9. Anatol - Zyklus</Unicode>
                </TextEquiv>
            </TextLine>
            <TextLine id="tr_1_tl_3" custom="readingOrder {index:2;}">
                <Coords points="1051,900 1359,909 1359,842 1298,812 1192,847 1165,834 1137,845 1080,825 1051,834"/>
                <Baseline points="1059,877 1084,875 1109,874 1134,874 1159,874 1184,874 1210,874 1235,874 1260,874 1285,874 1310,874 1335,875 1361,877"/>
                <TextEquiv>
                    <Unicode>Telephon 12.301.</Unicode>
                </TextEquiv>
            </TextLine>
            <TextLine id="tr_1_tl_4" custom="readingOrder {index:3;}">
                <Coords points="1072,984 1088,982 1095,989 1114,989 1129,980 1135,982 1145,977 1158,977 1163,923 1124,923 1117,915 1106,925 1095,922 1088,912 1080,912"/>
                <Baseline points="1083,967 1110,965 1137,962 1164,958"/>
                <TextEquiv>
                    <Unicode>4</Unicode>
                </TextEquiv>
            </TextLine>
            <TextLine id="tr_1_tl_5" custom="readingOrder {index:4;}">
                <Coords points="496,1062 654,1044 972,1057 974,980 847,980 799,1011 723,961 692,982 667,966 573,1024 553,1005 499,1005"/>
                <Baseline points="507,1050 533,1046 559,1043 585,1039 611,1036 637,1034 663,1032 689,1032 715,1032 741,1032 767,1031 793,1029 819,1030 845,1032 871,1032 897,1031 923,1030 949,1029 976,1029"/>
                <TextEquiv>
                    <Unicode>„OBSER</Unicode>
                </TextEquiv>
            </TextLine>
            <TextLine id="tr_1_tl_6" custom="readingOrder {index:5;}">
                <Coords points="299,1104 1365,1130 1365,1039 299,1064"/>
                <Baseline points="307,1101 360,1098 413,1098 466,1098 519,1098 572,1101 625,1098 678,1100 731,1098 784,1096 837,1098 890,1095 943,1098 996,1098 1049,1100 1102,1099 1155,1098 1208,1098 1261,1098 1314,1098 1367,1101"/>
                <TextEquiv>
                    <Unicode>1. österr. behördl. konz. Unternehmen für Zeitungs-Ausschatte</Unicode>
                </TextEquiv>
            </TextLine>
            <TextLine id="tr_1_tl_7" custom="readingOrder {index:6;}">
                <Coords points="475,1179 1188,1171 1188,1109 1153,1104 824,1129 475,1109"/>
                <Baseline points="483,1152 518,1152 553,1152 589,1153 624,1155 660,1155 695,1155 730,1153 766,1152 801,1152 837,1152 872,1152 907,1152 943,1152 978,1152 1014,1155 1049,1153 1084,1152 1120,1152 1155,1152 1191,1152"/>
                <TextEquiv>
                    <Unicode>Wien, I., Concordiaplatz 4.</Unicode>
                </TextEquiv>
            </TextLine>
            <TextLine id="tr_1_tl_8" custom="readingOrder {index:7;}">
                <Coords points="695,1219 804,1210 966,1232 964,1178 927,1166 917,1173 899,1160 881,1178 856,1181 825,1166 785,1176 772,1166 741,1171 718,1155 693,1157"/>
                <Baseline points="704,1203 730,1203 757,1203 783,1203 810,1203 837,1203 863,1205 890,1206 916,1206 943,1206 970,1206"/>
                <TextEquiv>
                    <Unicode>Vertretungen</Unicode>
                </TextEquiv>
            </TextLine>
            <TextLine id="tr_1_tl_9" custom="readingOrder {index:8;}">
                <Coords points="289,1266 1356,1267 1356,1207 1320,1196 1085,1228 289,1217"/>
                <Baseline points="298,1253 351,1253 404,1253 457,1253 510,1253 563,1253 616,1250 669,1250 722,1251 775,1251 828,1253 881,1250 934,1250 987,1251 1040,1253 1093,1253 1146,1250 1199,1253 1252,1253 1305,1253 1358,1256"/>
                <TextEquiv>
                    <Unicode>in Berlin, Basel, Budapest, Chicago, Cleveland, Christiania,</Unicode>
                </TextEquiv>
            </TextLine>
            <TextLine id="tr_1_tl_10" custom="readingOrder {index:9;}">
                <Coords points="295,1295 1354,1307 1316,1259 295,1261"/>
                <Baseline points="304,1289 356,1292 409,1292 462,1292 514,1292 567,1295 620,1292 672,1291 725,1289 778,1289 831,1289 883,1289 936,1289 989,1289 1041,1290 1094,1290 1147,1291 1199,1292 1252,1290 1305,1292 1358,1295"/>
                <TextEquiv>
                    <Unicode>Genf, Kopenhagen, London, Madrid, Mailand, Minneapolis,</Unicode>
                </TextEquiv>
            </TextLine>
            <TextLine id="tr_1_tl_11" custom="readingOrder {index:10;}">
                <Coords points="295,1344 1346,1356 1346,1305 1287,1295 295,1295"/>
                <Baseline points="304,1331 356,1331 408,1331 460,1334 513,1334 565,1334 617,1332 669,1331 722,1328 774,1328 826,1328 878,1328 931,1328 983,1328 1035,1328 1087,1331 1140,1331 1192,1331 1244,1331 1296,1331 1349,1328"/>
                <TextEquiv>
                    <Unicode>New-York, Paris, Rom, San Francisco, Stockholm, St. Peters¬</Unicode>
                </TextEquiv>
            </TextLine>
            <TextLine id="tr_1_tl_12" custom="readingOrder {index:11;}">
                <Coords points="692,1383 723,1375 783,1387 798,1372 824,1380 845,1372 871,1383 883,1374 959,1380 959,1339 692,1339"/>
                <Baseline points="701,1370 727,1370 753,1369 779,1367 806,1367 832,1367 858,1367 885,1367 911,1367 937,1367 964,1367"/>
                <TextEquiv>
                    <Unicode>burg, Toronto.</Unicode>
                </TextEquiv>
            </TextLine>
            <TextLine id="tr_1_tl_13" custom="readingOrder {index:12;}">
                <Coords points="613,1429 643,1442 700,1421 737,1434 860,1421 927,1439 966,1419 997,1436 1041,1426 1041,1362 954,1387 837,1372 755,1390 613,1367"/>
                <Baseline points="623,1414 649,1411 675,1408 701,1410 728,1411 754,1411 780,1411 807,1411 833,1411 859,1411 886,1411 912,1410 938,1408 965,1410 991,1412 1017,1413 1044,1414"/>
                <TextEquiv>
                    <Unicode>(Quellenangabe eine Gewehr).</Unicode>
                </TextEquiv>
            </TextLine>
            <TextLine id="tr_1_tl_14" custom="readingOrder {index:13;}">
                <Coords points="285,1493 344,1507 434,1496 491,1515 546,1496 643,1499 643,1452 631,1449 550,1450 533,1437 465,1452 442,1440 406,1453 388,1442 357,1452 338,1437 285,1445"/>
                <Baseline points="295,1483 320,1485 345,1486 370,1486 395,1485 420,1484 445,1483 471,1483 496,1483 521,1483 546,1483 571,1483 596,1485 621,1486 647,1486"/>
                <TextEquiv>
                    <Unicode>Ausschnitt aus:</Unicode>
                </TextEquiv>
            </TextLine>
            <TextLine id="tr_1_tl_15" custom="readingOrder {index:14;}">
                <Coords points="431,1604 612,1573 734,1617 917,1563 1272,1607 1302,1599 1300,1514 1173,1481 984,1512 785,1486 703,1545 639,1509 514,1527 427,1499"/>
                <Baseline points="438,1558 481,1561 524,1561 567,1564 611,1567 654,1569 697,1570 741,1568 784,1567 827,1560 871,1550 914,1552 957,1557 1000,1560 1044,1563 1087,1569 1130,1574 1174,1578 1217,1581 1260,1586 1304,1591"/>
                <TextEquiv>
                    <Unicode>10.</Unicode>
                </TextEquiv>
            </TextLine>
            <TextLine id="tr_1_tl_16" custom="readingOrder {index:15;}">
                <Coords points="289,1612 303,1612 312,1620 419,1618 419,1553 392,1555 380,1548 365,1551 359,1558 344,1555 333,1566 326,1564 308,1574 289,1573"/>
                <Baseline points="298,1611 323,1613 348,1614 373,1614 398,1613 423,1611"/>
                <TextEquiv>
                    <Unicode>vom</Unicode>
                </TextEquiv>
            </TextLine>
            <TextLine id="tr_1_tl_17" custom="readingOrder {index:16;}">
                <Coords points="498,1763 1687,1762 1662,1696 498,1705"/>
                <Baseline points="507,1740 566,1742 625,1740 684,1746 743,1745 802,1743 861,1746 920,1743 979,1743 1038,1743 1098,1745 1157,1745 1216,1743 1275,1746 1334,1743 1393,1745 1452,1740 1511,1743 1570,1743 1629,1743 1689,1740"/>
                <TextEquiv>
                    <Unicode>Artur Schnitzlers „Anatol=Zyklus gelangte als Gesamtauf¬</Unicode>
                </TextEquiv>
            </TextLine>
            <TextLine id="tr_1_tl_18" custom="readingOrder {index:17;}">
                <Coords points="382,1799 1685,1814 1672,1755 827,1780 382,1747"/>
                <Baseline points="391,1788 455,1791 520,1791 585,1791 650,1791 715,1791 780,1791 845,1791 910,1792 975,1794 1040,1794 1104,1794 1169,1794 1234,1794 1299,1793 1364,1791 1429,1794 1494,1792 1559,1791 1624,1791 1689,1794"/>
                <TextEquiv>
                    <Unicode>führung erstmals im Schauspielhaus zur Wiedergabe. Es</Unicode>
                </TextEquiv>
            </TextLine>
            <TextLine id="tr_1_tl_19" custom="readingOrder {index:18;}">
                <Coords points="388,1845 1683,1850 1683,1814 1571,1801 388,1804"/>
                <Baseline points="397,1838 461,1838 525,1838 590,1837 654,1835 719,1836 783,1838 848,1838 912,1838 977,1838 1041,1841 1105,1841 1170,1841 1234,1841 1299,1841 1363,1841 1428,1841 1492,1841 1557,1841 1621,1841 1686,1841"/>
                <TextEquiv>
                    <Unicode>war vorher viel Reklame für den Novitätenabend gemacht worden</Unicode>
                </TextEquiv>
            </TextLine>
            <TextLine id="tr_1_tl_20" custom="readingOrder {index:19;}">
                <Coords points="383,1896 1692,1913 1669,1848 382,1853"/>
                <Baseline points="391,1886 456,1885 521,1886 586,1884 651,1886 717,1886 782,1886 847,1888 912,1886 977,1886 1043,1889 1108,1889 1173,1889 1238,1889 1303,1890 1369,1889 1434,1891 1499,1891 1564,1892 1629,1892 1695,1895"/>
                <TextEquiv>
                    <Unicode>und da Schnitzler auch hier, wie wohl überall, als Dichter sich</Unicode>
                </TextEquiv>
            </TextLine>
            <TextLine id="tr_1_tl_21" custom="readingOrder {index:20;}">
                <Coords points="378,1948 1685,1953 1652,1900 378,1912"/>
                <Baseline points="388,1940 453,1934 518,1931 583,1932 648,1934 713,1934 778,1934 843,1937 908,1937 973,1937 1038,1936 1103,1937 1168,1938 1233,1940 1298,1940 1363,1940 1428,1940 1493,1940 1558,1943 1623,1938 1689,1940"/>
                <TextEquiv>
                    <Unicode>großer Beliebtheit erfreut, gab es ein erwartungsvolles, ausver¬</Unicode>
                </TextEquiv>
            </TextLine>
            <TextLine id="tr_1_tl_22" custom="readingOrder {index:21;}">
                <Coords points="387,1995 1638,2011 1685,2008 1683,1953 385,1948"/>
                <Baseline points="394,1982 458,1982 523,1982 588,1983 653,1983 717,1983 782,1983 847,1982 912,1985 976,1985 1041,1986 1106,1985 1171,1988 1235,1988 1300,1989 1365,1991 1430,1991 1494,1991 1559,1994 1624,1991 1689,1991"/>
                <TextEquiv>
                    <Unicode>kauftes Haus. Den kleinen Szenen, fünf an der Zahl, ging der</Unicode>
                </TextEquiv>
            </TextLine>
            <TextLine id="tr_1_tl_23" custom="readingOrder {index:22;}">
                <Coords points="392,2050 1520,2067 1682,2050 1682,2008 390,1995"/>
                <Baseline points="400,2029 464,2030 528,2032 592,2029 657,2031 721,2032 785,2032 850,2032 914,2032 978,2032 1043,2035 1107,2035 1171,2035 1235,2035 1300,2035 1364,2035 1428,2038 1493,2036 1557,2038 1621,2037 1686,2032"/>
                <TextEquiv>
                    <Unicode>Prolog, besser gesagt, die Widmung voraus, die in der Buchaus¬</Unicode>
                </TextEquiv>
            </TextLine>
            <TextLine id="tr_1_tl_24" custom="readingOrder {index:23;}">
                <Coords points="388,2095 1685,2108 1685,2059 1613,2049 388,2050"/>
                <Baseline points="397,2083 461,2081 526,2080 590,2080 655,2080 720,2080 784,2082 849,2080 913,2082 978,2080 1043,2084 1107,2086 1172,2085 1236,2083 1301,2083 1365,2083 1430,2086 1495,2086 1559,2089 1624,2087 1689,2089"/>
                <TextEquiv>
                    <Unicode>gabe Hugo v. Hoffmannsthal dem „Anatol=Zyklus mit auf den</Unicode>
                </TextEquiv>
            </TextLine>
            <TextLine id="tr_1_tl_25" custom="readingOrder {index:24;}">
                <Coords points="385,2142 1680,2147 1680,2106 1525,2091 385,2093"/>
                <Baseline points="394,2125 458,2128 522,2131 587,2130 651,2128 716,2131 780,2131 845,2131 909,2131 974,2131 1038,2131 1102,2131 1167,2132 1231,2134 1296,2134 1360,2134 1425,2134 1489,2137 1554,2137 1618,2137 1683,2134"/>
                <TextEquiv>
                    <Unicode>Weg gegeben hat. Jene schönen Verse, von Edgar Bolz gut vor¬</Unicode>
                </TextEquiv>
            </TextLine>
            <TextLine id="tr_1_tl_26" custom="readingOrder {index:25;}">
                <Coords points="382,2189 1685,2194 1685,2145 1589,2139 382,2142"/>
                <Baseline points="391,2176 455,2179 520,2179 585,2179 650,2177 715,2177 780,2179 845,2179 910,2179 975,2179 1040,2180 1104,2182 1169,2182 1234,2179 1299,2182 1364,2182 1429,2183 1494,2187 1559,2185 1624,2186 1689,2188"/>
                <TextEquiv>
                    <Unicode>getragen, passen nicht auf die Bühne. Sie beschreiben das galante</Unicode>
                </TextEquiv>
            </TextLine>
            <TextLine id="tr_1_tl_27" custom="readingOrder {index:26;}">
                <Coords points="378,2228 1683,2240 1651,2191 378,2196"/>
                <Baseline points="388,2223 452,2226 517,2226 582,2226 647,2224 712,2226 777,2226 842,2229 907,2229 972,2229 1037,2229 1101,2229 1166,2230 1231,2229 1296,2232 1361,2232 1426,2231 1491,2233 1556,2232 1621,2234 1686,2232"/>
                <TextEquiv>
                    <Unicode>Rokoko und ihnen folgen hypermoderne Vorgänge der Gegen¬</Unicode>
                </TextEquiv>
            </TextLine>
            <TextLine id="tr_1_tl_28" custom="readingOrder {index:27;}">
                <Coords points="388,2285 1685,2303 1685,2238 388,2245"/>
                <Baseline points="397,2274 461,2277 526,2274 590,2276 655,2274 720,2277 784,2275 849,2277 913,2277 978,2277 1043,2278 1107,2280 1172,2280 1236,2280 1301,2280 1365,2280 1430,2280 1495,2283 1559,2283 1624,2283 1689,2286"/>
                <TextEquiv>
                    <Unicode>wart. Zwischen dem, was man liest, und dem, was man lebendig</Unicode>
                </TextEquiv>
            </TextLine>
            <TextLine id="tr_1_tl_29" custom="readingOrder {index:28;}">
                <Coords points="388,2333 1289,2341 1289,2310 1183,2290 388,2287"/>
                <Baseline points="397,2322 441,2325 486,2325 531,2325 576,2325 620,2325 665,2325 710,2325 755,2322 799,2325 844,2325 889,2328 934,2325 978,2325 1023,2328 1068,2325 1113,2325 1157,2328 1202,2328 1247,2328 1292,2328"/>
                <TextEquiv>
                    <Unicode>dargestellt sieht, ist ein großer Unterschied. —</Unicode>
                </TextEquiv>
            </TextLine>
            <TextLine id="tr_1_tl_30" custom="readingOrder {index:29;}">
                <Coords points="1321,2342 1688,2349 1687,2303 1657,2295 1615,2307 1524,2289 1466,2302 1437,2290 1413,2302 1351,2287 1320,2294"/>
                <Baseline points="1331,2328 1356,2328 1382,2328 1408,2326 1434,2327 1459,2330 1485,2331 1511,2331 1537,2331 1563,2331 1588,2331 1614,2331 1640,2331 1666,2332 1692,2334"/>
                <TextEquiv>
                    <Unicode>Die Aufführungen</Unicode>
                </TextEquiv>
            </TextLine>
            <TextLine id="tr_1_tl_31" custom="readingOrder {index:30;}">
                <Coords points="390,2387 1679,2400 1677,2356 1561,2339 388,2342"/>
                <Baseline points="397,2373 461,2373 525,2373 589,2373 654,2373 718,2373 782,2373 847,2376 911,2375 975,2376 1040,2374 1104,2376 1168,2378 1232,2378 1297,2379 1361,2379 1425,2379 1490,2379 1554,2382 1618,2382 1683,2382"/>
                <TextEquiv>
                    <Unicode>waren sorgfältig vorbereitet und es wurde tadellos gespielt. Leng¬</Unicode>
                </TextEquiv>
            </TextLine>
            <TextLine id="tr_1_tl_32" custom="readingOrder {index:31;}">
                <Coords points="385,2431 1685,2439 1685,2401 1618,2388 385,2387"/>
                <Baseline points="394,2420 458,2420 523,2423 588,2422 653,2420 717,2422 782,2422 847,2423 912,2423 976,2423 1041,2425 1106,2426 1171,2426 1235,2426 1300,2426 1365,2426 1430,2429 1494,2426 1559,2429 1624,2429 1689,2429"/>
                <TextEquiv>
                    <Unicode>bach erschien wie geschaffen für den Anatol und Bauer sekun¬</Unicode>
                </TextEquiv>
            </TextLine>
            <TextLine id="tr_1_tl_33" custom="readingOrder {index:32;}">
                <Coords points="385,2484 1685,2496 1672,2442 383,2432"/>
                <Baseline points="394,2468 458,2470 523,2471 588,2471 653,2471 717,2471 782,2471 847,2471 912,2471 976,2474 1041,2472 1106,2474 1171,2474 1235,2474 1300,2474 1365,2474 1430,2474 1494,2477 1559,2477 1624,2479 1689,2477"/>
                <TextEquiv>
                    <Unicode>dierte ihm vorzüglich als Max. Die fünf weiblichen Rollen lagen</Unicode>
                </TextEquiv>
            </TextLine>
            <TextLine id="tr_1_tl_34" custom="readingOrder {index:33;}">
                <Coords points="387,2537 1679,2537 1677,2494 1564,2486 385,2483"/>
                <Baseline points="394,2516 458,2519 522,2522 587,2520 651,2520 716,2520 780,2522 845,2522 909,2522 974,2522 1038,2522 1102,2522 1167,2525 1231,2523 1296,2522 1360,2527 1425,2525 1489,2528 1554,2528 1618,2528 1683,2528"/>
                <TextEquiv>
                    <Unicode>in den Händen der Damen Urban, Wulf, Sangora, Hart¬</Unicode>
                </TextEquiv>
            </TextLine>
            <TextLine id="tr_1_tl_35" custom="readingOrder {index:34;}">
                <Coords points="393,2579 1590,2597 1688,2584 1687,2540 392,2538"/>
                <Baseline points="402,2567 466,2568 531,2567 595,2569 660,2567 724,2568 789,2570 853,2570 918,2570 982,2570 1047,2570 1111,2572 1176,2573 1240,2571 1305,2573 1369,2573 1434,2573 1498,2576 1563,2576 1627,2576 1692,2573"/>
                <TextEquiv>
                    <Unicode>mann und Garda Irmen, die alle ihre Aufgaben pikant und</Unicode>
                </TextEquiv>
            </TextLine>
            <TextLine id="tr_1_tl_36" custom="readingOrder {index:35;}">
                <Coords points="396,2630 1688,2643 1688,2592 1612,2581 396,2576"/>
                <Baseline points="405,2614 469,2617 533,2617 598,2617 662,2615 726,2617 791,2617 855,2617 919,2620 984,2617 1048,2617 1112,2619 1177,2620 1241,2620 1305,2620 1370,2623 1434,2623 1498,2623 1563,2623 1627,2623 1692,2623"/>
                <TextEquiv>
                    <Unicode>scharmant zu lösen verstanden. Bei den drei ersten Szenen trat</Unicode>
                </TextEquiv>
            </TextLine>
            <TextLine id="tr_1_tl_37" custom="readingOrder {index:36;}">
                <Coords points="387,2669 1685,2675 1644,2633 385,2625"/>
                <Baseline points="394,2662 458,2665 523,2665 588,2665 653,2665 717,2665 782,2665 847,2668 912,2668 976,2668 1041,2668 1106,2668 1171,2669 1235,2669 1300,2669 1365,2671 1430,2671 1494,2671 1559,2671 1624,2671 1689,2671"/>
                <TextEquiv>
                    <Unicode>die Drehbühne in Aktion. Auch ein doppelter Vorhang wurde ver¬</Unicode>
                </TextEquiv>
            </TextLine>
            <TextLine id="tr_1_tl_38" custom="readingOrder {index:37;}">
                <Coords points="388,2718 1688,2731 1679,2683 388,2674"/>
                <Baseline points="397,2713 461,2713 526,2716 591,2715 656,2713 720,2713 785,2715 850,2716 915,2715 979,2716 1044,2716 1109,2719 1174,2717 1238,2719 1303,2719 1368,2719 1433,2719 1497,2721 1562,2719 1627,2722 1692,2722"/>
                <TextEquiv>
                    <Unicode>wendet und die Bühne durch eine breite Umrahmung so ver¬</Unicode>
                </TextEquiv>
            </TextLine>
            <TextLine id="tr_1_tl_39" custom="readingOrder {index:38;}">
                <Coords points="388,2768 1692,2780 1672,2726 387,2721"/>
                <Baseline points="397,2761 461,2764 526,2764 591,2764 656,2762 721,2764 786,2764 851,2764 916,2764 981,2767 1046,2764 1110,2767 1175,2767 1240,2767 1305,2770 1370,2770 1435,2770 1500,2772 1565,2770 1630,2770 1695,2770"/>
                <TextEquiv>
                    <Unicode>kleinert, daß immer ein intimer Innenraum geschaffen werden</Unicode>
                </TextEquiv>
            </TextLine>
            <TextLine id="tr_1_tl_40" custom="readingOrder {index:39;}">
                <Coords points="382,2822 1682,2835 1682,2778 382,2778"/>
                <Baseline points="391,2809 455,2813 520,2815 585,2812 650,2812 714,2813 779,2813 844,2812 909,2814 973,2815 1038,2815 1103,2815 1168,2815 1232,2815 1297,2817 1362,2817 1427,2817 1491,2816 1556,2817 1621,2817 1686,2817"/>
                <TextEquiv>
                    <Unicode>konnte. Solche Art von Inszenierung — Dr. Heine führte mit</Unicode>
                </TextEquiv>
            </TextLine>
            <TextLine id="tr_1_tl_41" custom="readingOrder {index:40;}">
                <Coords points="385,2866 1685,2876 1582,2824 385,2827"/>
                <Baseline points="394,2856 458,2859 523,2859 588,2861 653,2861 717,2861 782,2858 847,2862 912,2862 976,2862 1041,2862 1106,2862 1171,2865 1235,2865 1300,2865 1365,2865 1430,2865 1494,2865 1559,2865 1624,2868 1689,2871"/>
                <TextEquiv>
                    <Unicode>Geschick die Regie — war für das Schauspielhaus etwas Neues.</Unicode>
                </TextEquiv>
            </TextLine>
            <TextLine id="tr_1_tl_42" custom="readingOrder {index:41;}">
                <Coords points="388,2923 1688,2922 1688,2884 1618,2874 388,2874"/>
                <Baseline points="397,2907 461,2908 526,2910 591,2910 656,2912 720,2910 785,2910 850,2910 915,2913 979,2913 1044,2913 1109,2913 1174,2913 1238,2915 1303,2913 1368,2915 1433,2916 1497,2914 1562,2916 1627,2916 1692,2913"/>
                <TextEquiv>
                    <Unicode>Sie war auch teilweise wirksam, manchmal jedoch hatte der De¬</Unicode>
                </TextEquiv>
            </TextLine>
            <TextLine id="tr_1_tl_43" custom="readingOrder {index:42;}">
                <Coords points="388,2964 1688,2974 1688,2928 1605,2915 1453,2949 388,2918"/>
                <Baseline points="397,2958 461,2958 526,2958 591,2959 656,2959 720,2961 785,2959 850,2958 915,2960 979,2961 1044,2961 1109,2961 1174,2960 1238,2960 1303,2963 1368,2963 1433,2961 1497,2963 1562,2964 1627,2964 1692,2967"/>
                <TextEquiv>
                    <Unicode>korationsmaler seinem Impressionismus allzu sehr die Zügel</Unicode>
                </TextEquiv>
            </TextLine>
            <TextLine id="tr_1_tl_44" custom="readingOrder {index:43;}">
                <Coords points="392,3028 1688,3026 1659,2975 1465,2964 392,2969"/>
                <Baseline points="400,3006 464,3008 529,3009 593,3009 658,3009 723,3009 787,3007 852,3009 916,3007 981,3009 1046,3010 1110,3012 1175,3009 1239,3011 1304,3012 1368,3010 1433,3012 1498,3012 1562,3012 1627,3012 1692,3012"/>
                <TextEquiv>
                    <Unicode>schießen lassen. Besonders bei dem reizvollen Dialoge „Weih¬</Unicode>
                </TextEquiv>
            </TextLine>
            <TextLine id="tr_1_tl_45" custom="readingOrder {index:44;}">
                <Coords points="385,3065 1688,3072 1688,3026 1633,3021 385,3023"/>
                <Baseline points="394,3053 458,3056 523,3056 588,3056 653,3054 718,3056 783,3056 848,3056 913,3056 978,3056 1043,3059 1107,3059 1172,3059 1237,3059 1302,3059 1367,3057 1432,3059 1497,3061 1562,3062 1627,3060 1692,3062"/>
                <TextEquiv>
                    <Unicode>nachtseinkäufe". Die Straße in Wien mit den vereisten großen</Unicode>
                </TextEquiv>
            </TextLine>
            <TextLine id="tr_1_tl_46" custom="readingOrder {index:45;}">
                <Coords points="387,3112 1674,3130 1692,3075 385,3070"/>
                <Baseline points="394,3104 459,3105 524,3107 589,3106 654,3106 720,3105 785,3105 850,3106 915,3106 980,3107 1046,3107 1111,3104 1176,3107 1241,3107 1306,3107 1372,3107 1437,3109 1502,3109 1567,3107 1632,3109 1698,3110"/>
                <TextEquiv>
                    <Unicode>Schaufenstern glich dem Vorhofe eines Aquariums, und daß</Unicode>
                </TextEquiv>
            </TextLine>
            <TextLine id="tr_1_tl_47" custom="readingOrder {index:46;}">
                <Coords points="385,3168 1688,3165 1688,3124 1633,3116 385,3112"/>
                <Baseline points="394,3152 458,3155 523,3155 588,3153 653,3153 718,3155 783,3155 848,3155 913,3155 978,3155 1043,3158 1107,3155 1172,3155 1237,3155 1302,3158 1367,3158 1432,3158 1497,3156 1562,3155 1627,3158 1692,3158"/>
                <TextEquiv>
                    <Unicode>während des langen Zwiegespräches von Anatol und Gabriele</Unicode>
                </TextEquiv>
            </TextLine>
            <TextLine id="tr_1_tl_48" custom="readingOrder {index:47;}">
                <Coords points="387,3217 1687,3222 1685,3176 1617,3163 385,3168"/>
                <Baseline points="394,3203 458,3203 523,3203 588,3203 653,3203 717,3203 782,3205 847,3206 912,3204 976,3206 1041,3206 1106,3206 1171,3203 1235,3205 1300,3206 1365,3206 1430,3206 1494,3206 1559,3206 1624,3206 1689,3206"/>
                <TextEquiv>
                    <Unicode>aber auch nicht ein einziger Mensch die Gasse passierte, konnte den</Unicode>
                </TextEquiv>
            </TextLine>
            <TextLine id="tr_1_tl_49" custom="readingOrder {index:48;}">
                <Coords points="385,3262 1688,3279 1688,3225 1618,3212 385,3217"/>
                <Baseline points="394,3247 458,3251 523,3253 588,3251 653,3251 718,3253 783,3253 848,3253 913,3253 978,3253 1043,3253 1107,3253 1172,3252 1237,3253 1302,3253 1367,3253 1432,3254 1497,3254 1562,3256 1627,3256 1692,3253"/>
                <TextEquiv>
                    <Unicode>Gedanken an eine tote Stadt erwecken. Und das dem goldenen</Unicode>
                </TextEquiv>
            </TextLine>
            <TextLine id="tr_1_tl_50" custom="readingOrder {index:49;}">
                <Coords points="385,3310 1680,3318 1680,3279 1564,3261 385,3262"/>
                <Baseline points="394,3301 458,3301 522,3298 587,3301 651,3301 716,3299 780,3299 845,3301 909,3301 974,3304 1038,3302 1102,3302 1167,3300 1231,3300 1296,3301 1360,3301 1425,3301 1489,3303 1554,3304 1618,3304 1683,3304"/>
                <TextEquiv>
                    <Unicode>Wien, in dem das Leben pulsiert, wie es frischer gar nicht ge¬</Unicode>
                </TextEquiv>
            </TextLine>
            <TextLine id="tr_1_tl_51" custom="readingOrder {index:50;}">
                <Coords points="385,3367 1693,3360 1618,3310 385,3311"/>
                <Baseline points="394,3346 459,3351 524,3349 589,3349 654,3349 720,3349 785,3347 850,3347 915,3349 980,3349 1046,3352 1111,3352 1176,3352 1241,3349 1306,3349 1372,3349 1437,3351 1502,3349 1567,3350 1632,3352 1698,3349"/>
                <TextEquiv>
                    <Unicode>dacht werden kann! — Das Publikum folgte interessiert den Vor¬</Unicode>
                </TextEquiv>
            </TextLine>
            <TextLine id="tr_1_tl_52" custom="readingOrder {index:51;}">
                <Coords points="382,3416 1688,3432 1670,3355 382,3369"/>
                <Baseline points="391,3406 456,3402 521,3400 586,3400 651,3398 716,3399 781,3397 846,3400 911,3397 976,3400 1041,3400 1106,3400 1171,3401 1236,3401 1301,3400 1366,3400 1431,3400 1496,3402 1561,3403 1626,3403 1692,3400"/>
                <TextEquiv>
                    <Unicode>gängen und kargte nicht mit Beifall, bei dem jedoch manchmal</Unicode>
                </TextEquiv>
            </TextLine>
            <TextLine id="tr_1_tl_53" custom="readingOrder {index:52;}">
                <Coords points="388,3471 1042,3458 1042,3419 1010,3401 388,3417"/>
                <Baseline points="397,3450 429,3449 462,3447 494,3447 527,3447 559,3447 592,3447 624,3447 657,3447 689,3447 722,3445 754,3445 787,3446 819,3444 852,3446 884,3446 917,3444 949,3446 982,3447 1014,3446 1047,3444"/>
                <TextEquiv>
                    <Unicode>auch der Widerspruch nicht fehlte</Unicode>
                </TextEquiv>
            </TextLine>
            <TextLine id="tr_1_tl_54" custom="readingOrder {index:53;}">
                <Coords points="507,3507 1696,3507 1696,3458 1600,3442 507,3458"/>
                <Baseline points="516,3498 575,3495 634,3495 693,3495 753,3493 812,3495 871,3495 930,3493 990,3495 1049,3498 1108,3498 1167,3498 1227,3495 1286,3495 1345,3495 1404,3498 1464,3498 1523,3498 1582,3498 1641,3498 1701,3498"/>
                <TextEquiv>
                    <Unicode>Die nächste Novität wird „Cyrano de Bergerac“, von</Unicode>
                </TextEquiv>
            </TextLine>
            <TextLine id="tr_1_tl_55" custom="readingOrder {index:54;}">
                <Coords points="385,3558 1688,3563 1688,3509 1604,3497 385,3507"/>
                <Baseline points="394,3546 458,3546 523,3546 588,3546 653,3544 718,3543 783,3543 848,3543 913,3545 978,3546 1043,3546 1107,3546 1172,3546 1237,3546 1302,3548 1367,3546 1432,3548 1497,3548 1562,3546 1627,3547 1692,3543"/>
                <TextEquiv>
                    <Unicode>Rostand, in der Bearbeitung von Ludwig Fulda, sein. Das</Unicode>
                </TextEquiv>
            </TextLine>
            <TextLine id="tr_1_tl_56" custom="readingOrder {index:55;}">
                <Coords points="392,3602 1696,3621 1696,3563 1648,3554 392,3558"/>
                <Baseline points="400,3597 465,3596 530,3594 595,3594 660,3592 725,3594 790,3594 855,3596 920,3594 985,3597 1050,3596 1115,3594 1180,3596 1245,3597 1310,3596 1375,3594 1440,3592 1505,3594 1570,3594 1635,3594 1701,3597"/>
                <TextEquiv>
                    <Unicode>Stück wurde mit Coquelin, dem Unvergeßlichen, vor Jahren</Unicode>
                </TextEquiv>
            </TextLine>
            <TextLine id="tr_1_tl_57" custom="readingOrder {index:56;}">
                <Coords points="1405,3654 1440,3646 1512,3672 1543,3657 1559,3662 1577,3649 1600,3657 1628,3652 1628,3610 1612,3618 1532,3605 1511,3618 1484,3608 1466,3620 1432,3602 1418,3613 1405,3610"/>
                <Baseline points="1414,3641 1441,3641 1468,3641 1495,3641 1523,3641 1550,3641 1577,3641 1604,3640 1632,3638"/>
                <TextEquiv>
                    <Unicode>Sans-Gêne</Unicode>
                </TextEquiv>
            </TextLine>
            <TextLine id="tr_1_tl_58" custom="readingOrder {index:57;}">
                <Coords points="393,3670 1256,3657 1256,3615 1157,3599 393,3607"/>
                <Baseline points="402,3644 444,3644 487,3644 530,3644 573,3644 616,3644 659,3642 701,3641 744,3643 787,3642 830,3641 873,3643 916,3644 959,3644 1001,3644 1044,3644 1087,3644 1130,3644 1173,3644 1216,3644 1259,3644"/>
                <TextEquiv>
                    <Unicode>schon in französischer Sprache hier gegeben.</Unicode>
                </TextEquiv>
            </TextLine>
            <TextEquiv>
                <Unicode></Unicode>
            </TextEquiv>
        </TextRegion>
        <TextRegion orientation="0.0" id="tr_2" custom="readingOrder {index:1;}">
            <Coords points="1952,412 1952,4069 3047,4069 3047,412"/>
            <TextLine id="tr_2_tl_1" custom="readingOrder {index:0;}">
                <Coords points="2731,463 2851,468 2926,457 3042,467 3042,393 2997,400 2961,388 2915,401 2889,390 2822,405 2767,388 2731,395"/>
                <Baseline points="2740,432 2765,434 2791,435 2816,435 2842,435 2867,435 2893,434 2919,432 2944,434 2970,435 2995,435 3021,435 3047,435"/>
                <TextEquiv>
                    <Unicode>Telephon 12,201.</Unicode>
                </TextEquiv>
            </TextLine>
            <TextLine id="tr_2_tl_2" custom="readingOrder {index:1;}">
                <Coords points="2188,615 2347,620 2442,595 2504,618 2551,597 2708,612 2711,476 2692,468 2507,463 2380,486 2297,467 2245,499 2191,498"/>
                <Baseline points="2197,603 2222,599 2248,593 2274,588 2300,588 2326,587 2351,585 2377,585 2403,585 2429,585 2455,585 2480,585 2506,586 2532,588 2558,586 2584,585 2609,585 2635,584 2661,582 2687,582 2713,582"/>
                <TextEquiv>
                    <Unicode>„OBSERVE</Unicode>
                </TextEquiv>
            </TextLine>
            <TextLine id="tr_2_tl_3" custom="readingOrder {index:2;}">
                <Coords points="1979,677 3037,683 3023,595 1979,615"/>
                <Baseline points="1988,653 2040,652 2093,650 2145,650 2198,650 2251,650 2303,647 2356,650 2409,650 2461,650 2514,650 2567,650 2619,650 2672,653 2725,653 2777,653 2830,653 2883,656 2935,656 2988,654 3041,656"/>
                <TextEquiv>
                    <Unicode>1. österr. behördl. konz. Unternehmen für Zeitungs-Ausschüt¬</Unicode>
                </TextEquiv>
            </TextLine>
            <TextLine id="tr_2_tl_4" custom="readingOrder {index:3;}">
                <Coords points="2168,729 2791,716 2851,736 2876,731 2874,664 2424,661 2396,685 2166,667"/>
                <Baseline points="2176,707 2211,705 2246,704 2281,704 2316,704 2352,707 2387,705 2422,704 2457,704 2492,704 2528,704 2563,704 2598,705 2633,708 2668,710 2704,708 2739,709 2774,709 2809,707 2844,710 2880,710"/>
                <TextEquiv>
                    <Unicode>Wien, I., Concordiaplatz 4.</Unicode>
                </TextEquiv>
            </TextLine>
            <TextLine id="tr_2_tl_5" custom="readingOrder {index:4;}">
                <Coords points="2388,772 2453,765 2484,775 2494,765 2532,765 2595,780 2652,770 2651,719 2628,732 2600,719 2577,732 2504,721 2478,732 2387,718"/>
                <Baseline points="2397,758 2422,756 2448,755 2474,755 2500,755 2526,755 2552,756 2578,758 2604,760 2630,761 2656,761"/>
                <TextEquiv>
                    <Unicode>Vertretungen</Unicode>
                </TextEquiv>
            </TextLine>
            <TextLine id="tr_2_tl_6" custom="readingOrder {index:5;}">
                <Coords points="1979,817 2990,817 2990,768 2935,762 1979,760"/>
                <Baseline points="1988,805 2038,805 2088,805 2138,805 2189,805 2239,805 2289,804 2340,803 2390,805 2440,805 2491,805 2541,804 2591,804 2641,805 2692,805 2742,803 2792,805 2843,805 2893,805 2943,805 2994,808"/>
                <TextEquiv>
                    <Unicode>in Berlin, Basel, Budapest, Chicago, Cleveland, Chri¬</Unicode>
                </TextEquiv>
            </TextLine>
            <TextLine id="tr_2_tl_7" custom="readingOrder {index:6;}">
                <Coords points="1988,850 3006,856 3006,822 2843,804 1988,816"/>
                <Baseline points="1997,841 2047,844 2098,844 2148,844 2199,844 2250,844 2300,844 2351,844 2401,841 2452,841 2503,841 2553,841 2604,843 2654,844 2705,842 2756,844 2806,844 2857,844 2907,844 2958,843 3009,844"/>
                <TextEquiv>
                    <Unicode>Genf, Kopenhagen, London, Madrid, Mailand, Minneapel</Unicode>
                </TextEquiv>
            </TextLine>
            <TextLine id="tr_2_tl_8" custom="readingOrder {index:7;}">
                <Coords points="1979,900 2969,897 2969,861 2814,847 1979,848"/>
                <Baseline points="1988,883 2037,883 2086,883 2135,883 2185,883 2234,883 2283,883 2332,883 2382,881 2431,883 2480,883 2529,880 2579,881 2628,883 2677,883 2726,882 2776,882 2825,885 2874,886 2923,886 2973,883"/>
                <TextEquiv>
                    <Unicode>New-York, Paris, Rom, San Francisco, Stockholm, St. Pe¬</Unicode>
                </TextEquiv>
            </TextLine>
            <TextLine id="tr_2_tl_9" custom="readingOrder {index:8;}">
                <Coords points="2370,920 2403,938 2431,930 2460,943 2496,923 2541,940 2569,927 2589,940 2654,938 2654,900 2620,891 2584,899 2519,887 2484,902 2471,892 2419,897 2395,884 2370,897"/>
                <Baseline points="2379,919 2404,921 2429,922 2454,924 2479,924 2504,923 2530,922 2555,922 2580,922 2605,922 2630,920 2656,919"/>
                <TextEquiv>
                    <Unicode>burg, Toronto.</Unicode>
                </TextEquiv>
            </TextLine>
            <TextLine id="tr_2_tl_10" custom="readingOrder {index:9;}">
                <Coords points="2302,980 2329,992 2373,979 2416,989 2439,977 2563,980 2610,995 2610,938 2551,930 2527,944 2496,923 2466,943 2431,930 2403,938 2357,909 2302,923"/>
                <Baseline points="2310,967 2335,965 2360,963 2386,961 2411,962 2436,964 2462,962 2487,961 2512,963 2538,964 2563,964 2588,964 2614,964"/>
                <TextEquiv>
                    <Unicode></Unicode>
                </TextEquiv>
            </TextLine>
            <TextLine id="tr_2_tl_11" custom="readingOrder {index:10;}">
                <Coords points="1975,1051 2039,1065 2062,1046 2114,1042 2135,1059 2223,1036 2326,1047 2326,987 2303,982 2259,995 2220,975 2188,995 2158,982 2108,1000 2016,987 1975,1002"/>
                <Baseline points="1985,1038 2011,1038 2038,1037 2064,1035 2091,1035 2118,1035 2144,1035 2171,1035 2197,1035 2224,1035 2251,1035 2277,1035 2304,1035 2331,1035"/>
                <TextEquiv>
                    <Unicode>Ausschnitt aus:</Unicode>
                </TextEquiv>
            </TextLine>
            <TextLine id="tr_2_tl_12" custom="readingOrder {index:11;}">
                <Coords points="2150,1124 2344,1099 2729,1132 2723,1047 2659,1039 2623,1059 2426,1020 2320,1047 2145,1046"/>
                <Baseline points="2155,1080 2183,1080 2212,1081 2241,1083 2270,1083 2299,1083 2327,1083 2356,1084 2385,1086 2414,1088 2443,1092 2471,1095 2500,1097 2529,1098 2558,1098 2587,1102 2615,1106 2644,1110 2673,1112 2702,1112 2731,1110"/>
                <TextEquiv>
                    <Unicode>.</Unicode>
                </TextEquiv>
            </TextLine>
            <TextLine id="tr_2_tl_13" custom="readingOrder {index:12;}">
                <Coords points="2170,1165 2205,1168 2251,1150 2267,1158 2294,1150 2338,1170 2370,1152 2421,1163 2419,1095 2380,1113 2344,1099 2233,1119 2207,1101 2168,1104"/>
                <Baseline points="2179,1152 2206,1146 2233,1148 2260,1149 2287,1149 2314,1149 2341,1149 2368,1149 2395,1149 2423,1149"/>
                <TextEquiv>
                    <Unicode>1911</Unicode>
                </TextEquiv>
            </TextLine>
            <TextLine id="tr_2_tl_14" custom="readingOrder {index:13;}">
                <Coords points="2143,1276 2742,1284 2742,1217 2143,1215"/>
                <Baseline points="2152,1259 2181,1259 2211,1259 2241,1259 2270,1259 2300,1259 2330,1259 2359,1259 2389,1259 2419,1259 2449,1259 2478,1260 2508,1262 2538,1262 2567,1262 2597,1262 2627,1262 2656,1262 2686,1262 2716,1262 2746,1262"/>
                <TextEquiv>
                    <Unicode>Kunst und Literatur.</Unicode>
                </TextEquiv>
            </TextLine>
            <TextLine id="tr_2_tl_15" custom="readingOrder {index:14;}">
                <Coords points="2346,1312 2369,1310 2404,1328 2416,1316 2431,1320 2447,1310 2481,1320 2514,1308 2566,1310 2566,1276 2537,1267 2497,1266 2466,1279 2427,1269 2416,1276 2393,1269 2382,1277 2346,1269"/>
                <Baseline points="2355,1301 2381,1301 2408,1301 2435,1301 2462,1301 2489,1301 2516,1301 2543,1301 2570,1301"/>
                <TextEquiv>
                    <Unicode>Schauspiel.</Unicode>
                </TextEquiv>
            </TextLine>
            <TextLine id="tr_2_tl_16" custom="readingOrder {index:15;}">
                <Coords points="2077,1347 2912,1347 2912,1300 2848,1266 2672,1320 2605,1298 2403,1328 2077,1284"/>
                <Baseline points="2086,1337 2127,1334 2169,1337 2210,1337 2252,1337 2293,1339 2335,1338 2376,1338 2418,1341 2459,1343 2501,1343 2542,1342 2584,1340 2625,1340 2667,1340 2708,1337 2750,1339 2791,1340 2833,1343 2874,1343 2916,1340"/>
                <TextEquiv>
                    <Unicode>chnitzlers „Anatol-Cyclus“ ist ver¬</Unicode>
                </TextEquiv>
            </TextLine>
            <TextLine id="tr_2_tl_17" custom="readingOrder {index:16;}">
                <Coords points="1975,1383 2904,1390 2904,1346 1975,1339"/>
                <Baseline points="1985,1379 2031,1376 2077,1376 2123,1376 2169,1376 2215,1376 2261,1375 2307,1374 2353,1377 2399,1380 2446,1381 2492,1380 2538,1381 2584,1380 2630,1381 2676,1379 2722,1380 2768,1382 2814,1382 2860,1382 2907,1382"/>
                <TextEquiv>
                    <Unicode>geistige Partik. Es klingt durch alle</Unicode>
                </TextEquiv>
            </TextLine>
            <TextLine id="tr_2_tl_18" custom="readingOrder {index:17;}">
                <Coords points="1977,1434 2886,1436 2909,1395 1975,1398"/>
                <Baseline points="1985,1414 2031,1414 2077,1414 2124,1414 2170,1414 2217,1414 2263,1414 2309,1414 2356,1414 2402,1416 2449,1420 2495,1420 2541,1419 2588,1417 2634,1417 2681,1419 2727,1420 2773,1420 2820,1420 2866,1420 2913,1420"/>
                <TextEquiv>
                    <Unicode>zenen leise dieselbe sehnsüchtige Melodie, etwa</Unicode>
                </TextEquiv>
            </TextLine>
            <TextLine id="tr_2_tl_19" custom="readingOrder {index:18;}">
                <Coords points="1974,1462 2905,1468 2905,1432 2843,1424 1974,1436"/>
                <Baseline points="1982,1453 2028,1453 2074,1453 2121,1453 2167,1453 2214,1453 2260,1453 2306,1453 2353,1454 2399,1456 2446,1456 2492,1456 2538,1457 2585,1456 2631,1457 2678,1458 2724,1457 2770,1459 2817,1459 2863,1459 2910,1459"/>
                <TextEquiv>
                    <Unicode>wie durch Presber'sche Lyrik — das hohe Lied</Unicode>
                </TextEquiv>
            </TextLine>
            <TextLine id="tr_2_tl_20" custom="readingOrder {index:19;}">
                <Coords points="1974,1501 2905,1506 2895,1466 1974,1462"/>
                <Baseline points="1982,1489 2028,1492 2074,1492 2121,1492 2167,1489 2214,1493 2260,1495 2306,1495 2353,1495 2399,1496 2446,1497 2492,1495 2538,1496 2585,1497 2631,1496 2678,1498 2724,1498 2770,1498 2817,1498 2863,1498 2910,1501"/>
                <TextEquiv>
                    <Unicode>vom süssen Mädel“. Ein rosa Schleifchen, eine</Unicode>
                </TextEquiv>
            </TextLine>
            <TextLine id="tr_2_tl_21" custom="readingOrder {index:20;}">
                <Coords points="1971,1535 2912,1551 2912,1506 1971,1499"/>
                <Baseline points="1979,1534 2025,1531 2072,1531 2119,1531 2166,1532 2213,1534 2260,1534 2306,1534 2353,1534 2400,1534 2447,1534 2494,1534 2541,1534 2588,1534 2634,1536 2681,1537 2728,1537 2775,1535 2822,1537 2869,1537 2916,1537"/>
                <TextEquiv>
                    <Unicode>blonde Locke, ein träumerischer Blick — weisst</Unicode>
                </TextEquiv>
            </TextLine>
            <TextLine id="tr_2_tl_22" custom="readingOrder {index:21;}">
                <Coords points="1967,1576 2909,1584 2909,1550 2796,1538 1967,1537"/>
                <Baseline points="1976,1570 2022,1570 2069,1570 2116,1570 2163,1570 2210,1570 2257,1570 2303,1571 2350,1573 2397,1573 2444,1573 2491,1573 2538,1573 2585,1573 2631,1575 2678,1576 2725,1576 2772,1576 2819,1576 2866,1576 2913,1576"/>
                <TextEquiv>
                    <Unicode>du noch? Der Wiener Poet geht mehr in die</Unicode>
                </TextEquiv>
            </TextLine>
            <TextLine id="tr_2_tl_23" custom="readingOrder {index:22;}">
                <Coords points="1975,1621 2905,1626 2904,1582 1974,1577"/>
                <Baseline points="1982,1609 2028,1609 2074,1609 2120,1609 2167,1609 2213,1609 2259,1609 2305,1611 2352,1611 2398,1612 2444,1613 2490,1611 2537,1611 2583,1612 2629,1613 2675,1612 2722,1614 2768,1614 2814,1614 2860,1614 2907,1614"/>
                <TextEquiv>
                    <Unicode>Tiefe, aus den Sinnesträumen wird — auch hier</Unicode>
                </TextEquiv>
            </TextLine>
            <TextLine id="tr_2_tl_24" custom="readingOrder {index:23;}">
                <Coords points="1974,1657 2912,1666 2912,1625 2868,1620 1974,1623"/>
                <Baseline points="1982,1647 2028,1647 2075,1647 2122,1647 2168,1650 2215,1650 2262,1650 2308,1649 2355,1648 2402,1651 2449,1653 2495,1653 2542,1653 2589,1651 2635,1652 2682,1653 2729,1653 2775,1655 2822,1654 2869,1653 2916,1653"/>
                <TextEquiv>
                    <Unicode>oft im Altenberg'schen Telegrammstol, eine</Unicode>
                </TextEquiv>
            </TextLine>
            <TextLine id="tr_2_tl_25" custom="readingOrder {index:24;}">
                <Coords points="1961,1695 2809,1713 2905,1703 2904,1662 1959,1646"/>
                <Baseline points="1970,1686 2017,1686 2064,1689 2111,1686 2158,1687 2205,1689 2252,1689 2299,1689 2346,1689 2393,1689 2440,1689 2487,1689 2534,1689 2581,1689 2628,1689 2675,1691 2722,1692 2769,1692 2816,1692 2863,1692 2910,1692"/>
                <TextEquiv>
                    <Unicode>kleine Seelenkomödie oder aber Seelentragödie.</Unicode>
                </TextEquiv>
            </TextLine>
            <TextLine id="tr_2_tl_26" custom="readingOrder {index:25;}">
                <Coords points="1971,1734 2915,1754 2915,1700 1971,1695"/>
                <Baseline points="1979,1725 2026,1725 2073,1725 2120,1725 2167,1725 2214,1726 2261,1728 2308,1728 2355,1728 2402,1728 2449,1728 2496,1728 2543,1728 2590,1730 2637,1729 2684,1730 2731,1731 2778,1731 2825,1728 2872,1731 2919,1731"/>
                <TextEquiv>
                    <Unicode>Die Weiche süssliche Wiener Sentimentalität wird</Unicode>
                </TextEquiv>
            </TextLine>
            <TextLine id="tr_2_tl_27" custom="readingOrder {index:26;}">
                <Coords points="1971,1781 2909,1788 2909,1750 2824,1731 1971,1741"/>
                <Baseline points="1979,1767 2025,1764 2072,1762 2119,1767 2165,1767 2212,1764 2259,1765 2305,1767 2352,1767 2399,1767 2446,1767 2492,1767 2539,1769 2586,1768 2632,1767 2679,1767 2726,1769 2772,1770 2819,1770 2866,1772 2913,1773"/>
                <TextEquiv>
                    <Unicode>mit feinem Netz zärtlichen Spottes umwoben,</Unicode>
                </TextEquiv>
            </TextLine>
            <TextLine id="tr_2_tl_28" custom="readingOrder {index:27;}">
                <Coords points="1964,1811 2909,1819 2909,1788 2710,1768 1964,1776"/>
                <Baseline points="1973,1803 2020,1803 2067,1803 2114,1803 2161,1805 2208,1804 2255,1805 2302,1805 2349,1808 2396,1806 2443,1806 2490,1806 2537,1806 2584,1806 2631,1806 2678,1806 2725,1806 2772,1809 2819,1809 2866,1809 2913,1809"/>
                <TextEquiv>
                    <Unicode>denn man fühlt aus diesem Spott, der Dichter</Unicode>
                </TextEquiv>
            </TextLine>
            <TextLine id="tr_2_tl_29" custom="readingOrder {index:28;}">
                <Coords points="1974,1850 2796,1866 2909,1858 2909,1817 1972,1812"/>
                <Baseline points="1982,1844 2028,1841 2075,1841 2121,1841 2168,1841 2214,1841 2261,1841 2307,1841 2354,1842 2400,1844 2447,1844 2494,1844 2540,1844 2587,1844 2633,1846 2680,1845 2726,1846 2773,1847 2819,1849 2866,1850 2913,1850"/>
                <TextEquiv>
                    <Unicode>liebt auch zugleich den seiner Umgebung und</Unicode>
                </TextEquiv>
            </TextLine>
            <TextLine id="tr_2_tl_30" custom="readingOrder {index:29;}">
                <Coords points="1967,1886 2905,1909 2905,1858 2866,1855 1967,1850"/>
                <Baseline points="1976,1877 2022,1877 2069,1877 2116,1877 2162,1880 2209,1880 2256,1881 2302,1883 2349,1882 2396,1881 2443,1883 2489,1883 2536,1885 2583,1884 2629,1883 2676,1885 2723,1886 2769,1886 2816,1886 2863,1888 2910,1886"/>
                <TextEquiv>
                    <Unicode>Zeit verwandten Zug selbstgefälliger Melancholie.</Unicode>
                </TextEquiv>
            </TextLine>
            <TextLine id="tr_2_tl_31" custom="readingOrder {index:30;}">
                <Coords points="1953,1927 2909,1928 2869,1894 1953,1881"/>
                <Baseline points="1961,1919 2008,1919 2056,1919 2103,1921 2151,1919 2199,1919 2246,1920 2294,1922 2341,1923 2389,1923 2437,1922 2484,1922 2532,1922 2579,1924 2627,1922 2675,1922 2722,1925 2770,1925 2817,1925 2865,1924 2913,1922"/>
                <TextEquiv>
                    <Unicode>Sie sehnt sich nach all den durchkosteten Lenzes¬</Unicode>
                </TextEquiv>
            </TextLine>
            <TextLine id="tr_2_tl_32" custom="readingOrder {index:31;}">
                <Coords points="1975,1966 2905,1977 2905,1935 2861,1931 1975,1936"/>
                <Baseline points="1985,1958 2031,1958 2077,1958 2123,1958 2170,1961 2216,1958 2262,1958 2308,1959 2355,1961 2401,1961 2447,1961 2493,1961 2540,1962 2586,1964 2632,1964 2678,1964 2725,1964 2771,1964 2817,1966 2863,1967 2910,1964"/>
                <TextEquiv>
                    <Unicode>wonnen, nach dem Tundeln und berauschenden</Unicode>
                </TextEquiv>
            </TextLine>
            <TextLine id="tr_2_tl_33" custom="readingOrder {index:32;}">
                <Coords points="1974,2005 2912,2021 2912,1975 1974,1967"/>
                <Baseline points="1982,1994 2028,1997 2075,1997 2122,1999 2168,1994 2215,1997 2262,1998 2308,2000 2355,2000 2402,2001 2449,2002 2495,2000 2542,2000 2589,2000 2635,2000 2682,2002 2729,2003 2775,2003 2822,2005 2869,2006 2916,2006"/>
                <TextEquiv>
                    <Unicode>Put der Sommerabende hinter Taxushecken,</Unicode>
                </TextEquiv>
            </TextLine>
            <TextLine id="tr_2_tl_34" custom="readingOrder {index:33;}">
                <Coords points="1974,2046 2904,2057 2904,2019 2860,2011 1974,2005"/>
                <Baseline points="1982,2032 2028,2035 2074,2035 2120,2035 2167,2035 2213,2035 2259,2033 2305,2038 2352,2038 2398,2038 2444,2038 2490,2038 2537,2038 2583,2038 2629,2038 2675,2038 2722,2038 2768,2040 2814,2043 2860,2044 2907,2044"/>
                <TextEquiv>
                    <Unicode>Rokokobilder werden vor der Seele lebendig.</Unicode>
                </TextEquiv>
            </TextLine>
            <TextLine id="tr_2_tl_35" custom="readingOrder {index:34;}">
                <Coords points="1974,2088 2905,2090 2905,2057 2714,2042 1974,2044"/>
                <Baseline points="1982,2077 2028,2074 2074,2074 2121,2071 2167,2074 2214,2074 2260,2075 2306,2077 2353,2077 2399,2078 2446,2079 2492,2077 2538,2078 2585,2080 2631,2078 2678,2077 2724,2077 2770,2079 2817,2080 2863,2082 2910,2077"/>
                <TextEquiv>
                    <Unicode>Hugo von Hofmannsthal hat diese Stim¬</Unicode>
                </TextEquiv>
            </TextLine>
            <TextLine id="tr_2_tl_36" custom="readingOrder {index:35;}">
                <Coords points="1962,2119 2874,2140 2899,2088 1961,2095"/>
                <Baseline points="1970,2113 2016,2113 2063,2113 2110,2113 2156,2113 2203,2113 2250,2114 2296,2116 2343,2116 2390,2116 2437,2117 2483,2118 2530,2116 2577,2116 2623,2118 2670,2119 2717,2117 2763,2118 2810,2119 2857,2119 2904,2119"/>
                <TextEquiv>
                    <Unicode>mung erfasst und den Szenen einen empfind¬</Unicode>
                </TextEquiv>
            </TextLine>
            <TextLine id="tr_2_tl_37" custom="readingOrder {index:36;}">
                <Coords points="1972,2160 2905,2163 2904,2132 2721,2119 2602,2145 1971,2124"/>
                <Baseline points="1979,2152 2025,2152 2071,2152 2118,2152 2164,2152 2211,2154 2257,2151 2303,2150 2350,2155 2396,2155 2443,2155 2489,2155 2535,2155 2582,2155 2628,2155 2675,2155 2721,2157 2767,2158 2814,2158 2860,2158 2907,2155"/>
                <TextEquiv>
                    <Unicode>samen Prolog geschrieben. Aber es ist kein Pro¬</Unicode>
                </TextEquiv>
            </TextLine>
            <TextLine id="tr_2_tl_38" custom="readingOrder {index:37;}">
                <Coords points="1967,2202 2904,2210 2892,2166 1967,2163"/>
                <Baseline points="1976,2191 2022,2191 2069,2191 2115,2191 2162,2191 2208,2191 2255,2192 2301,2194 2348,2194 2394,2195 2441,2197 2488,2196 2534,2194 2581,2194 2627,2196 2674,2197 2720,2197 2767,2197 2813,2197 2860,2199 2907,2200"/>
                <TextEquiv>
                    <Unicode>log für's Theater. Man ahnt erst den Zusammen¬</Unicode>
                </TextEquiv>
            </TextLine>
            <TextLine id="tr_2_tl_39" custom="readingOrder {index:38;}">
                <Coords points="1967,2235 2909,2245 2909,2209 2829,2204 1967,2202"/>
                <Baseline points="1976,2226 2022,2229 2069,2229 2116,2229 2163,2229 2210,2229 2257,2230 2303,2233 2350,2235 2397,2235 2444,2235 2491,2232 2538,2231 2585,2234 2631,2233 2678,2232 2725,2234 2772,2235 2819,2235 2866,2238 2913,2235"/>
                <TextEquiv>
                    <Unicode>hang mit den kommenden Bildern, wenn letz¬</Unicode>
                </TextEquiv>
            </TextLine>
            <TextLine id="tr_2_tl_40" custom="readingOrder {index:39;}">
                <Coords points="1974,2276 2905,2287 2905,2246 2816,2238 1974,2238"/>
                <Baseline points="1982,2265 2028,2265 2074,2265 2121,2268 2167,2268 2214,2266 2260,2269 2306,2271 2353,2271 2399,2271 2446,2272 2492,2273 2538,2271 2585,2271 2631,2271 2678,2273 2724,2272 2770,2273 2817,2274 2863,2276 2910,2274"/>
                <TextEquiv>
                    <Unicode>tere vorübergerauscht. — Wird es wirklich auf</Unicode>
                </TextEquiv>
            </TextLine>
            <TextLine id="tr_2_tl_41" custom="readingOrder {index:40;}">
                <Coords points="1974,2315 2910,2325 2878,2287 1974,2280"/>
                <Baseline points="1982,2307 2028,2304 2075,2307 2121,2307 2168,2307 2214,2309 2261,2307 2307,2308 2354,2310 2400,2310 2447,2310 2494,2310 2540,2310 2587,2310 2633,2310 2680,2310 2726,2312 2773,2313 2819,2313 2866,2313 2913,2313"/>
                <TextEquiv>
                    <Unicode>der Bühne als Prolog gesprochen, so wird es von</Unicode>
                </TextEquiv>
            </TextLine>
            <TextLine id="tr_2_tl_42" custom="readingOrder {index:41;}">
                <Coords points="1971,2354 2900,2367 2900,2329 2847,2320 1971,2316"/>
                <Baseline points="1979,2346 2025,2346 2071,2346 2117,2346 2164,2346 2210,2343 2256,2346 2302,2347 2349,2348 2395,2347 2441,2350 2487,2351 2534,2349 2580,2349 2626,2349 2672,2350 2719,2352 2765,2352 2811,2352 2857,2352 2904,2352"/>
                <TextEquiv>
                    <Unicode>den meisten kaum verstanden werden, da sie</Unicode>
                </TextEquiv>
            </TextLine>
            <TextLine id="tr_2_tl_43" custom="readingOrder {index:42;}">
                <Coords points="1971,2393 2900,2404 2878,2360 1971,2357"/>
                <Baseline points="1979,2382 2025,2382 2071,2382 2117,2385 2164,2385 2210,2385 2256,2388 2302,2388 2349,2388 2395,2388 2441,2388 2487,2387 2534,2386 2580,2388 2626,2389 2672,2391 2719,2391 2765,2391 2811,2391 2857,2391 2904,2394"/>
                <TextEquiv>
                    <Unicode>alle dann aufs „Rokoko warten. Etwas von</Unicode>
                </TextEquiv>
            </TextLine>
            <TextLine id="tr_2_tl_44" custom="readingOrder {index:43;}">
                <Coords points="1964,2431 2905,2440 2882,2398 1964,2391"/>
                <Baseline points="1973,2423 2019,2423 2066,2420 2113,2420 2160,2423 2207,2423 2254,2423 2300,2424 2347,2426 2394,2426 2441,2425 2488,2425 2535,2426 2582,2428 2628,2427 2675,2426 2722,2428 2769,2429 2816,2432 2863,2432 2910,2429"/>
                <TextEquiv>
                    <Unicode>Rokokostimmung müssen allerdings auch die</Unicode>
                </TextEquiv>
            </TextLine>
            <TextLine id="tr_2_tl_45" custom="readingOrder {index:44;}">
                <Coords points="1964,2475 2909,2476 2909,2439 1964,2435"/>
                <Baseline points="1973,2459 2020,2459 2067,2459 2114,2462 2161,2460 2208,2462 2255,2462 2302,2463 2349,2465 2396,2464 2443,2464 2490,2465 2537,2465 2584,2465 2631,2467 2678,2466 2725,2465 2772,2468 2819,2468 2866,2468 2913,2471"/>
                <TextEquiv>
                    <Unicode>modernen Szenenbilder tragen, und das war es</Unicode>
                </TextEquiv>
            </TextLine>
            <TextLine id="tr_2_tl_46" custom="readingOrder {index:45;}">
                <Coords points="1971,2517 2907,2527 2905,2478 1969,2476"/>
                <Baseline points="1979,2501 2025,2501 2072,2501 2118,2498 2165,2498 2211,2499 2258,2501 2304,2502 2351,2503 2397,2502 2444,2504 2491,2504 2537,2504 2584,2504 2630,2506 2677,2505 2723,2506 2770,2507 2816,2509 2863,2510 2910,2507"/>
                <TextEquiv>
                    <Unicode>grade, was der hiesigen Ausführung eigentlich</Unicode>
                </TextEquiv>
            </TextLine>
            <TextLine id="tr_2_tl_47" custom="readingOrder {index:46;}">
                <Coords points="1961,2543 2905,2558 2853,2514 1961,2514"/>
                <Baseline points="1970,2537 2016,2537 2063,2537 2110,2537 2157,2537 2204,2538 2251,2539 2297,2538 2344,2541 2391,2543 2438,2543 2485,2543 2532,2543 2579,2543 2625,2543 2672,2545 2719,2546 2766,2546 2813,2546 2860,2549 2907,2546"/>
                <TextEquiv>
                    <Unicode>so ganz fehlte. Von den furchtbar kahlen hohen</Unicode>
                </TextEquiv>
            </TextLine>
            <TextLine id="tr_2_tl_48" custom="readingOrder {index:47;}">
                <Coords points="1961,2574 2900,2590 2900,2555 1961,2541"/>
                <Baseline points="1970,2573 2016,2576 2063,2576 2110,2576 2156,2576 2203,2578 2250,2577 2296,2579 2343,2580 2390,2582 2437,2583 2483,2584 2530,2582 2577,2582 2623,2582 2670,2582 2717,2584 2763,2585 2810,2587 2857,2588 2904,2585"/>
                <TextEquiv>
                    <Unicode>Wunden, und der mehr gesuchten als sinnes¬</Unicode>
                </TextEquiv>
            </TextLine>
            <TextLine id="tr_2_tl_49" custom="readingOrder {index:48;}">
                <Coords points="1961,2631 2853,2641 2905,2638 2905,2607 1959,2590"/>
                <Baseline points="1970,2614 2016,2614 2063,2614 2110,2617 2157,2615 2204,2617 2251,2617 2297,2617 2344,2618 2391,2620 2438,2620 2485,2620 2532,2620 2579,2622 2625,2621 2672,2622 2719,2621 2766,2622 2813,2623 2860,2626 2907,2623"/>
                <TextEquiv>
                    <Unicode>fesselnden Farbenwahl ging nach unserem Em¬</Unicode>
                </TextEquiv>
            </TextLine>
            <TextLine id="tr_2_tl_50" custom="readingOrder {index:49;}">
                <Coords points="1964,2675 2778,2682 2900,2675 2900,2636 1962,2633"/>
                <Baseline points="1973,2656 2019,2653 2066,2653 2112,2653 2159,2653 2205,2656 2252,2656 2298,2656 2345,2657 2391,2658 2438,2657 2485,2659 2531,2659 2578,2659 2624,2661 2671,2662 2717,2662 2764,2662 2810,2662 2857,2664 2904,2665"/>
                <TextEquiv>
                    <Unicode>pfinden ein gewisses Frosteln aus, das die</Unicode>
                </TextEquiv>
            </TextLine>
            <TextLine id="tr_2_tl_51" custom="readingOrder {index:50;}">
                <Coords points="1974,2701 2904,2706 2904,2675 2732,2662 1974,2662"/>
                <Baseline points="1982,2692 2028,2692 2074,2695 2120,2692 2167,2695 2213,2695 2259,2695 2305,2696 2352,2697 2398,2696 2444,2698 2490,2698 2537,2698 2583,2698 2629,2698 2675,2698 2722,2700 2768,2701 2814,2701 2860,2703 2907,2701"/>
                <TextEquiv>
                    <Unicode>Träume nicht lebendig werden liess. Nur viel¬</Unicode>
                </TextEquiv>
            </TextLine>
            <TextLine id="tr_2_tl_52" custom="readingOrder {index:51;}">
                <Coords points="1964,2744 2897,2757 2897,2710 2802,2701 1964,2700"/>
                <Baseline points="1973,2734 2019,2734 2065,2734 2112,2734 2158,2731 2205,2734 2251,2734 2297,2735 2344,2737 2390,2737 2437,2737 2483,2737 2529,2737 2576,2737 2622,2738 2669,2740 2715,2740 2761,2738 2808,2739 2854,2740 2901,2743"/>
                <TextEquiv>
                    <Unicode>leicht die Dämmerstimmung der „Episode mit</Unicode>
                </TextEquiv>
            </TextLine>
            <TextLine id="tr_2_tl_53" custom="readingOrder {index:52;}">
                <Coords points="1964,2778 2900,2799 2876,2750 1964,2744"/>
                <Baseline points="1973,2773 2019,2773 2066,2770 2112,2773 2159,2773 2205,2773 2252,2773 2298,2774 2345,2776 2391,2776 2438,2776 2485,2776 2531,2776 2578,2776 2624,2778 2671,2779 2717,2777 2764,2778 2810,2779 2857,2781 2904,2782"/>
                <TextEquiv>
                    <Unicode>dem fahlen Schein der Strassenlaternen vor den</Unicode>
                </TextEquiv>
            </TextLine>
            <TextLine id="tr_2_tl_54" custom="readingOrder {index:53;}">
                <Coords points="1954,2820 2899,2832 2899,2789 2825,2780 1954,2771"/>
                <Baseline points="1964,2809 2010,2812 2057,2809 2104,2812 2151,2812 2198,2812 2245,2813 2291,2814 2338,2813 2385,2815 2432,2815 2479,2816 2526,2816 2573,2815 2619,2815 2666,2816 2713,2817 2760,2817 2807,2819 2854,2817 2901,2817"/>
                <TextEquiv>
                    <Unicode>Fenstern, liess das ernüchternde Gefühl weniger</Unicode>
                </TextEquiv>
            </TextLine>
            <TextLine id="tr_2_tl_55" custom="readingOrder {index:54;}">
                <Coords points="1954,2851 2785,2874 2785,2832 2742,2824 1954,2824"/>
                <Baseline points="1964,2844 2005,2849 2046,2850 2087,2850 2128,2850 2170,2850 2211,2850 2252,2850 2293,2850 2334,2851 2376,2853 2417,2853 2458,2853 2499,2856 2540,2853 2582,2853 2623,2853 2664,2853 2705,2853 2746,2854 2788,2859"/>
                <TextEquiv>
                    <Unicode>aufkommen. Die immerhin aparte Art</Unicode>
                </TextEquiv>
            </TextLine>
            <TextLine id="tr_2_tl_56" custom="readingOrder {index:55;}">
                <Coords points="1964,2899 2897,2907 2897,2868 2698,2853 1964,2858"/>
                <Baseline points="1973,2889 2019,2889 2065,2889 2112,2889 2158,2889 2205,2891 2251,2889 2297,2889 2344,2890 2390,2892 2437,2893 2483,2894 2529,2892 2576,2892 2622,2892 2669,2894 2715,2895 2761,2895 2808,2895 2854,2897 2901,2895"/>
                <TextEquiv>
                    <Unicode>Inszenierung, die kleine, neue Drehbühne, auf</Unicode>
                </TextEquiv>
            </TextLine>
            <TextLine id="tr_2_tl_57" custom="readingOrder {index:56;}">
                <Coords points="1954,2938 2904,2954 2904,2905 2829,2900 1954,2899"/>
                <Baseline points="1964,2925 2011,2928 2058,2925 2105,2928 2152,2928 2199,2928 2246,2928 2294,2928 2341,2928 2388,2929 2435,2931 2482,2931 2529,2931 2576,2931 2624,2933 2671,2932 2718,2934 2765,2934 2812,2934 2859,2937 2907,2934"/>
                <TextEquiv>
                    <Unicode>nicht für das Entgangene. Und dann schien uns</Unicode>
                </TextEquiv>
            </TextLine>
            <TextLine id="tr_2_tl_58" custom="readingOrder {index:57;}">
                <Coords points="1958,2971 2860,2990 2895,2953 1956,2943"/>
                <Baseline points="1967,2964 2013,2964 2060,2964 2107,2967 2153,2967 2200,2967 2247,2968 2293,2969 2340,2968 2387,2970 2434,2970 2480,2970 2527,2970 2574,2970 2620,2970 2667,2972 2714,2973 2760,2973 2807,2973 2854,2973 2901,2970"/>
                <TextEquiv>
                    <Unicode>der sich die Ereignisse abspielten, entschädigte</Unicode>
                </TextEquiv>
            </TextLine>
            <TextLine id="tr_2_tl_59" custom="readingOrder {index:58;}">
                <Coords points="1961,3019 2894,3019 2894,2984 2806,2979 1961,2977"/>
                <Baseline points="1970,3003 2016,3003 2062,3003 2109,3006 2155,3006 2202,3006 2248,3006 2294,3007 2341,3009 2387,3009 2434,3009 2480,3009 2526,3009 2573,3009 2619,3009 2666,3011 2712,3012 2758,3014 2805,3013 2851,3010 2898,3003"/>
                <TextEquiv>
                    <Unicode>vor Allem die Szene der „Weihnachtseinkäufe</Unicode>
                </TextEquiv>
            </TextLine>
            <TextLine id="tr_2_tl_60" custom="readingOrder {index:59;}">
                <Coords points="1958,3047 2902,3060 2902,3019 1958,3018"/>
                <Baseline points="1967,3038 2013,3041 2060,3041 2107,3044 2154,3044 2201,3044 2248,3044 2294,3044 2341,3044 2388,3044 2435,3045 2482,3047 2529,3047 2576,3047 2622,3047 2669,3049 2716,3048 2763,3049 2810,3053 2857,3053 2904,3050"/>
                <TextEquiv>
                    <Unicode>verfehlt. Um den Prospekt im Hintergrund als</Unicode>
                </TextEquiv>
            </TextLine>
            <TextLine id="tr_2_tl_61" custom="readingOrder {index:60;}">
                <Coords points="1949,3094 2897,3103 2897,3063 2861,3060 1949,3054"/>
                <Baseline points="1958,3080 2005,3083 2052,3080 2099,3080 2146,3082 2193,3081 2240,3083 2288,3084 2335,3086 2382,3086 2429,3086 2476,3086 2523,3086 2570,3086 2618,3086 2665,3086 2712,3086 2759,3089 2806,3089 2853,3089 2901,3089"/>
                <TextEquiv>
                    <Unicode>zugefrorene Schaufensterauslage (das sollte er</Unicode>
                </TextEquiv>
            </TextLine>
            <TextLine id="tr_2_tl_62" custom="readingOrder {index:61;}">
                <Coords points="1954,3134 2894,3145 2894,3103 2847,3090 1954,3099"/>
                <Baseline points="1964,3119 2010,3119 2057,3119 2104,3122 2150,3122 2197,3122 2244,3122 2290,3123 2337,3125 2384,3125 2431,3125 2477,3125 2524,3125 2571,3125 2617,3125 2664,3125 2711,3127 2757,3128 2804,3128 2851,3130 2898,3128"/>
                <TextEquiv>
                    <Unicode>wohl vorstellen) zu erkennen, müsste man schon</Unicode>
                </TextEquiv>
            </TextLine>
            <TextLine id="tr_2_tl_63" custom="readingOrder {index:62;}">
                <Coords points="1961,3170 2897,3178 2837,3137 1961,3139"/>
                <Baseline points="1970,3155 2016,3158 2063,3161 2109,3158 2156,3158 2202,3161 2249,3161 2295,3161 2342,3162 2388,3163 2435,3162 2482,3164 2528,3164 2575,3164 2621,3164 2668,3164 2714,3164 2761,3166 2807,3167 2854,3169 2901,3167"/>
                <TextEquiv>
                    <Unicode>gehörige Phantasie zu Hilfe nehmen. Wir den¬</Unicode>
                </TextEquiv>
            </TextLine>
            <TextLine id="tr_2_tl_64" custom="readingOrder {index:63;}">
                <Coords points="1954,3209 2895,3225 2894,3173 1954,3173"/>
                <Baseline points="1964,3197 2010,3200 2057,3200 2104,3200 2150,3197 2197,3200 2244,3200 2290,3200 2337,3201 2384,3203 2431,3203 2477,3203 2524,3203 2571,3203 2617,3201 2664,3200 2711,3202 2757,3203 2804,3205 2851,3208 2898,3209"/>
                <TextEquiv>
                    <Unicode>ken uns da, ein Strassenbild, ein Winterabend,</Unicode>
                </TextEquiv>
            </TextLine>
            <TextLine id="tr_2_tl_65" custom="readingOrder {index:64;}">
                <Coords points="1954,3253 2899,3258 2899,3227 2840,3214 1954,3215"/>
                <Baseline points="1964,3235 2010,3235 2057,3235 2104,3235 2151,3238 2198,3238 2245,3238 2291,3239 2338,3241 2385,3240 2432,3239 2479,3241 2526,3241 2573,3239 2619,3238 2666,3240 2713,3243 2760,3244 2807,3246 2854,3247 2901,3247"/>
                <TextEquiv>
                    <Unicode>vorübereilende, frohe, geschäftige Menschen, an</Unicode>
                </TextEquiv>
            </TextLine>
            <TextLine id="tr_2_tl_66" custom="readingOrder {index:65;}">
                <Coords points="1958,3284 2894,3297 2894,3264 2830,3253 1958,3258"/>
                <Baseline points="1967,3277 2013,3274 2060,3274 2106,3274 2153,3277 2199,3277 2246,3277 2292,3277 2339,3277 2385,3278 2432,3279 2479,3278 2525,3279 2572,3277 2618,3277 2665,3279 2711,3282 2758,3283 2804,3285 2851,3286 2898,3283"/>
                <TextEquiv>
                    <Unicode>einer Ecke treffen sich die Beiden mit ihren</Unicode>
                </TextEquiv>
            </TextLine>
            <TextLine id="tr_2_tl_67" custom="readingOrder {index:66;}">
                <Coords points="1954,3326 2894,3336 2894,3295 2824,3290 1954,3284"/>
                <Baseline points="1964,3313 2010,3313 2057,3313 2104,3313 2150,3313 2197,3316 2244,3316 2290,3317 2337,3319 2384,3318 2431,3316 2477,3317 2524,3319 2571,3319 2617,3319 2664,3321 2711,3322 2757,3320 2804,3321 2851,3322 2898,3322"/>
                <TextEquiv>
                    <Unicode>Erinnerungen, und im Gewühl des Alltags zieht</Unicode>
                </TextEquiv>
            </TextLine>
            <TextLine id="tr_2_tl_68" custom="readingOrder {index:67;}">
                <Coords points="1961,3360 2894,3375 2894,3336 2856,3329 1961,3329"/>
                <Baseline points="1970,3349 2016,3352 2062,3352 2109,3355 2155,3352 2202,3354 2248,3353 2294,3356 2341,3358 2387,3358 2434,3357 2480,3356 2526,3358 2573,3358 2619,3358 2666,3358 2712,3358 2758,3360 2805,3361 2851,3363 2898,3361"/>
                <TextEquiv>
                    <Unicode>still ein tiefes Erlebnis vorüber. Wenn die</Unicode>
                </TextEquiv>
            </TextLine>
            <TextLine id="tr_2_tl_69" custom="readingOrder {index:68;}">
                <Coords points="1958,3406 2894,3416 2894,3375 2814,3364 1958,3360"/>
                <Baseline points="1967,3391 2013,3391 2060,3391 2106,3391 2153,3394 2199,3392 2246,3393 2292,3392 2339,3394 2385,3395 2432,3396 2479,3395 2525,3397 2572,3397 2618,3397 2665,3395 2711,3396 2758,3399 2804,3402 2851,3403 2898,3403"/>
                <TextEquiv>
                    <Unicode>Szene trotz des so wenig zusagenden Rahmens</Unicode>
                </TextEquiv>
            </TextLine>
            <TextLine id="tr_2_tl_70" custom="readingOrder {index:69;}">
                <Coords points="1949,3437 2897,3455 2895,3416 2799,3408 1949,3406"/>
                <Baseline points="1958,3426 2005,3429 2052,3429 2099,3429 2146,3432 2193,3432 2240,3432 2288,3432 2335,3433 2382,3435 2429,3433 2476,3434 2523,3435 2570,3437 2618,3436 2665,3435 2712,3438 2759,3438 2806,3438 2853,3441 2901,3438"/>
                <TextEquiv>
                    <Unicode>starke und allgemeine Wirkung erzielte, so</Unicode>
                </TextEquiv>
            </TextLine>
            <TextLine id="tr_2_tl_71" custom="readingOrder {index:70;}">
                <Coords points="1949,3475 2897,3481 2868,3448 1949,3444"/>
                <Baseline points="1958,3465 2005,3468 2052,3468 2099,3468 2146,3469 2193,3471 2240,3472 2288,3473 2335,3472 2382,3474 2429,3474 2476,3474 2523,3474 2570,3474 2618,3474 2665,3476 2712,3474 2759,3477 2806,3477 2853,3477 2901,3477"/>
                <TextEquiv>
                    <Unicode>dankt sie das neben ihrem poetischen Feinge¬</Unicode>
                </TextEquiv>
            </TextLine>
            <TextLine id="tr_2_tl_72" custom="readingOrder {index:71;}">
                <Coords points="1954,3515 2895,3527 2894,3483 1954,3478"/>
                <Baseline points="1964,3507 2010,3507 2057,3507 2104,3507 2150,3507 2197,3510 2244,3510 2290,3510 2337,3510 2384,3511 2431,3513 2477,3513 2524,3513 2571,3513 2617,3513 2664,3513 2711,3515 2757,3514 2804,3518 2851,3519 2898,3516"/>
                <TextEquiv>
                    <Unicode>halt der wirksam abgetonten Wiedergabe durch</Unicode>
                </TextEquiv>
            </TextLine>
            <TextLine id="tr_2_tl_73" custom="readingOrder {index:72;}">
                <Coords points="1951,3554 2882,3576 2881,3530 1949,3519"/>
                <Baseline points="1958,3543 2004,3546 2050,3546 2097,3546 2143,3546 2190,3547 2236,3549 2282,3550 2329,3552 2375,3552 2422,3552 2468,3552 2514,3552 2561,3552 2607,3552 2654,3554 2700,3555 2746,3555 2793,3557 2839,3558 2886,3555"/>
                <TextEquiv>
                    <Unicode>Fräulein Wulf und Herrn Lengbach, Leng</Unicode>
                </TextEquiv>
            </TextLine>
            <TextLine id="tr_2_tl_74" custom="readingOrder {index:73;}">
                <Coords points="1943,3592 2884,3603 2851,3564 1943,3559"/>
                <Baseline points="1952,3585 1998,3588 2045,3585 2092,3585 2138,3585 2185,3585 2232,3586 2278,3589 2325,3591 2372,3590 2419,3589 2465,3591 2512,3591 2559,3591 2605,3593 2652,3594 2699,3594 2745,3594 2792,3594 2839,3596 2886,3594"/>
                <TextEquiv>
                    <Unicode>Lach ist der Anatol, echt empfindsam, urwie¬</Unicode>
                </TextEquiv>
            </TextLine>
            <TextLine id="tr_2_tl_75" custom="readingOrder {index:74;}">
                <Coords points="1949,3631 2891,3641 2879,3603 1949,3589"/>
                <Baseline points="1958,3623 2004,3623 2051,3623 2098,3620 2145,3624 2192,3626 2239,3626 2285,3626 2332,3627 2379,3629 2426,3629 2473,3629 2520,3631 2567,3630 2613,3631 2660,3632 2707,3632 2754,3632 2801,3634 2848,3635 2895,3632"/>
                <TextEquiv>
                    <Unicode>nerisch eine in jedem Detail fesselnde künst¬</Unicode>
                </TextEquiv>
            </TextLine>
            <TextLine id="tr_2_tl_76" custom="readingOrder {index:75;}">
                <Coords points="1949,3677 2887,3683 2887,3643 1949,3631"/>
                <Baseline points="1958,3662 2004,3662 2051,3662 2098,3662 2144,3665 2191,3665 2238,3666 2284,3667 2331,3665 2378,3666 2425,3668 2471,3667 2518,3667 2565,3668 2611,3668 2658,3670 2705,3671 2751,3671 2798,3673 2845,3674 2892,3674"/>
                <TextEquiv>
                    <Unicode>lerische Leistung. Kapriziös war Fräul. Irmen</Unicode>
                </TextEquiv>
            </TextLine>
            <TextLine id="tr_2_tl_77" custom="readingOrder {index:76;}">
                <Coords points="1953,3718 2889,3714 2863,3682 2617,3670 1953,3683"/>
                <Baseline points="1961,3704 2007,3701 2054,3701 2100,3704 2147,3704 2193,3703 2240,3702 2286,3704 2333,3704 2379,3705 2426,3707 2473,3707 2519,3707 2566,3707 2612,3707 2659,3709 2705,3710 2752,3710 2798,3712 2845,3713 2892,3710"/>
                <TextEquiv>
                    <Unicode>als Ilona. Die Ballettratte Fräulein San¬</Unicode>
                </TextEquiv>
            </TextLine>
            <TextLine id="tr_2_tl_78" custom="readingOrder {index:77;}">
                <Coords points="1953,3755 2886,3768 2886,3721 2776,3713 1953,3718"/>
                <Baseline points="1961,3746 2007,3743 2053,3740 2100,3740 2146,3743 2193,3743 2239,3743 2285,3743 2332,3743 2378,3744 2425,3746 2471,3746 2517,3746 2564,3746 2610,3746 2657,3748 2703,3749 2749,3749 2796,3749 2842,3751 2889,3749"/>
                <TextEquiv>
                    <Unicode>goras war überaus temperamentvoll, vielleicht</Unicode>
                </TextEquiv>
            </TextLine>
            <TextLine id="tr_2_tl_79" custom="readingOrder {index:78;}">
                <Coords points="1949,3788 2887,3799 2887,3768 2837,3758 1949,3755"/>
                <Baseline points="1958,3779 2004,3779 2051,3779 2098,3782 2144,3779 2191,3782 2238,3783 2284,3785 2331,3784 2378,3783 2425,3785 2471,3785 2518,3785 2565,3785 2611,3785 2658,3787 2705,3788 2751,3788 2798,3788 2845,3790 2892,3788"/>
                <TextEquiv>
                    <Unicode>um wenige Grade zu viel, Berlin Vorstadt, Fräu¬</Unicode>
                </TextEquiv>
            </TextLine>
            <TextLine id="tr_2_tl_80" custom="readingOrder {index:79;}">
                <Coords points="1953,3827 2891,3846 2889,3798 1953,3788"/>
                <Baseline points="1961,3821 2007,3821 2054,3818 2100,3821 2147,3821 2193,3823 2240,3821 2286,3823 2333,3822 2379,3822 2426,3823 2473,3823 2519,3823 2566,3823 2612,3823 2659,3823 2705,3823 2752,3825 2798,3826 2845,3828 2892,3829"/>
                <TextEquiv>
                    <Unicode>lein Urban, gab das schlichte süsse Mädel und</Unicode>
                </TextEquiv>
            </TextLine>
            <TextLine id="tr_2_tl_81" custom="readingOrder {index:80;}">
                <Coords points="1949,3864 2879,3886 2891,3846 1948,3824"/>
                <Baseline points="1958,3856 2004,3859 2051,3856 2098,3856 2145,3859 2192,3859 2239,3859 2285,3859 2332,3859 2379,3860 2426,3862 2473,3862 2520,3862 2567,3862 2613,3864 2660,3865 2707,3865 2754,3867 2801,3868 2848,3868 2895,3868"/>
                <TextEquiv>
                    <Unicode>Frl. Hartmann eine Zirkusdame üblichen</Unicode>
                </TextEquiv>
            </TextLine>
            <TextLine id="tr_2_tl_82" custom="readingOrder {index:81;}">
                <Coords points="1949,3905 2838,3925 2918,3922 2917,3873 1948,3866"/>
                <Baseline points="1958,3898 2006,3895 2054,3895 2102,3896 2150,3898 2199,3898 2247,3898 2295,3896 2343,3897 2391,3900 2440,3901 2488,3901 2536,3901 2584,3901 2632,3904 2681,3901 2729,3902 2777,3907 2825,3907 2873,3908 2922,3919"/>
                <TextEquiv>
                    <Unicode>Schlages. Arthur Bauer als Max spielt den</Unicode>
                </TextEquiv>
            </TextLine>
            <TextLine id="tr_2_tl_83" custom="readingOrder {index:82;}">
                <Coords points="1946,3943 2882,3944 2824,3912 1946,3910"/>
                <Baseline points="1955,3937 2001,3934 2048,3937 2094,3934 2141,3937 2187,3937 2234,3937 2280,3938 2327,3940 2373,3940 2420,3940 2467,3940 2513,3940 2560,3942 2606,3943 2653,3943 2699,3943 2746,3943 2792,3945 2839,3946 2886,3943"/>
                <TextEquiv>
                    <Unicode>Gereifteren, mit einem Zug verhaltener Ironie. —</Unicode>
                </TextEquiv>
            </TextLine>
            <TextLine id="tr_2_tl_84" custom="readingOrder {index:83;}">
                <Coords points="1953,3982 2874,3985 2863,3951 2532,3972 1953,3941"/>
                <Baseline points="1961,3976 2006,3976 2052,3973 2098,3976 2144,3976 2190,3976 2235,3976 2281,3979 2327,3979 2373,3978 2419,3977 2464,3980 2510,3982 2556,3982 2602,3982 2648,3982 2693,3982 2739,3983 2785,3985 2831,3986 2877,3985"/>
                <TextEquiv>
                    <Unicode>Das früher schon gespielte Abschiedssuper¬</Unicode>
                </TextEquiv>
            </TextLine>
            <TextLine id="tr_2_tl_85" custom="readingOrder {index:84;}">
                <Coords points="1944,4028 2881,4039 2856,3990 1943,3993"/>
                <Baseline points="1952,4012 1998,4015 2045,4012 2091,4015 2138,4015 2184,4016 2231,4017 2277,4016 2324,4019 2370,4021 2417,4021 2464,4021 2510,4021 2557,4021 2603,4021 2650,4021 2696,4022 2743,4023 2789,4022 2836,4021 2883,4015"/>
                <TextEquiv>
                    <Unicode>und der drastischere Anatols Hochzeitsmorgen</Unicode>
                </TextEquiv>
            </TextLine>
            <TextLine id="tr_2_tl_86" custom="readingOrder {index:85;}">
                <Coords points="1943,4070 2572,4070 2572,4047 2528,4026 1943,4028"/>
                <Baseline points="1952,4053 1983,4053 2014,4053 2045,4053 2076,4053 2108,4054 2139,4056 2170,4056 2201,4056 2232,4056 2264,4056 2295,4056 2326,4056 2357,4056 2388,4058 2420,4059 2451,4059 2482,4059 2513,4059 2544,4059 2576,4059"/>
                <TextEquiv>
                    <Unicode>fanden überaus heiteres Echo.</Unicode>
                </TextEquiv>
            </TextLine>
            <TextEquiv>
                <Unicode></Unicode>
            </TextEquiv>
        </TextRegion>
    </Page>
</PcGts>
