3392 4320
217 187 615 292 4.9. Ana
1333 178 1703 270 box 8/5
704 182 1065 294 1 Zykl
600 994 1666 1076 Den verewigten Staatsminister v. Goßler hörte ich einmal
621 1052 1662 1128 sagen: „Der kleinste leistungsfähige Kommunalbezirk im
616 1097 1187 1151 östlichen Preußen ist der Kreis.
652 1240 1663 1306 Mathilde Sussin, längst von Ibsen her als eine
608 1291 1664 1363 schweigende Schwester wertvoll unsrem Gedenken ver¬
608 1340 1666 1402 haftet. Eine von den Schattengestalten dieses größten
607 1389 1534 1467 Theaters der Unscheinbarkeit, der Seelen.
1569 1401 1664 1461 Jetzt
610 1444 1662 1507 war sie ein Bühnenfrauenzimmer: „Annie". Vor dem
610 1487 1663 1554 Abschied. Hundeschnauze. Rüdig; tonlos sicher. Ein
608 1544 1664 1603 unbeirrbares Stücke Pöbel. In dieser Unbeirrbar¬
603 1585 1663 1671 keit, in diesem stählern unverrücklichen Im Rahmen¬
610 1636 1080 1693 Bleiben: ersten Ranges.
649 1683 1658 1754 Und die tiefste Episode der Wurzen (die, welche sich
610 1728 1660 1795 seiner nicht mehr erinnert), die Bianka, so durch Reifen
600 1781 1438 1836 springt, das war Fräulein Hilde Herterich.
652 1819 1664 1891 Sie hat gewissermaßen eigentlich nicht mitgespielt;
602 1880 1663 1946 aber sie ist dagewesen. (Mehr soll sie kaum.) Sonst
602 1921 1660 1988 ist sie regenfrisch und frühlingsfest und ein Elementar¬
610 1965 860 2038 geistmädel.
644 2019 1662 2082 Und zum Schlusse die Triesch, ein letzter Nachtgast
599 2074 1253 2133 am Morgen vor der Hochzeit -
1296 2075 1660 2145 wie tief ullig in
603 2125 1652 2188 dieser aufdringlichen Art, im falschen Lieblichsein, im
602 2162 1659 2229 Schmierenton... als spräche sie mit jedem Glied:
592 2210 1024 2291 „So ist das Kleben!
640 2309 1571 2376 Jenseits von allen: der Max, der Freund,
600 2372 1167 2433 Betrachterich, der Lächelnde,
1287 2378 1652 2441 einem Wort: der
595 2417 1650 2488 Reicher.... Ausgesehn hat er ja manchmal wie
596 2475 1650 2524 ein Cafetier — aber gesprochen, Dinge gebracht, Zu¬
602 2518 1644 2593 stimmungen geblinzt, Einwände geschwiegen... wie ein
598 2564 1207 2630 Meister... wie dieser Meister.
636 2671 1656 2745 Schnitzler kommt mit seinem späteren Schaffen, nehmt
595 2731 1648 2808 alles nur in allem, gleich hinter Hauptmann für unser
595 2764 751 2836 Drama.
640 2820 1646 2899 Und das Ganze dieses Anatol-Abends war: etwas
599 2862 1256 2924 Entzückendes. Ohne Weichlichkeit.
633 2919 1647 2996 Vorbildlich, was in dieser Darstellung alles heraus¬
592 2955 1647 3030 gearbei... nein herausgehoben worden ist. Wie
1736 1016 2792 1094 mit umfangreichem Statur und Organen zu den und dann
1745 1076 2788 1133 für ihn Korporationsrechte zu erwirken, kommt man
1736 1121 2790 1183 einfacher und schneller zum Ziel, wenn man den Kreistag
1732 1215 2792 1281 immer: alles vom Grunde. Wie bloß hier. Alles
1737 1260 2788 1324 Gerüst und alle Linien, mit allem schimmernd ver¬
1729 1302 2141 1373 dämmernden Fleisch.
1774 1363 2784 1427 Ohne Mumpitz. Ohne Ablenken. Ohne farbige Ver¬
1724 1395 2543 1460 kafferung. Ohne Mehlspeis à la Rizinus.
1772 1458 2788 1514 Mit dieser Menschen=Richtung sollt ihr es halten.
1733 1501 2782 1562 Hier liegt, laßt euch nicht dumm machen, die Zukunft.
1765 1549 2773 1628 Und ich wünsche nicht die erhebende Linie des
1729 1597 2786 1660 neuen, des von uns mitgeschaffenen neuen Menschen¬
1726 1655 2785 1713 kunstwerks — nicht einmal zeitweilig — im Panoramen¬
1724 1699 2777 1762 kitsch und in der Gefälligkeit enden zu sehn. Ihr auch
1726 1741 2262 1825 nicht? Haltet euch danach.
2563 1794 2759 1863 Alfred Kerr.
1883 1927 2605 2039 Nestroy: „Der Zerrissene
1961 2026 2535 2104 Neues Schauspielhaus.
1720 2082 2776 2172 Die Figur des „Zerrissenen“ ist komplizierten Ursprungs.
1720 2160 2776 2227 Sie stammt von Raimund, und gehört trotzdem in jedem
1716 2202 2773 2275 Atemzug zu Nestroy. Sie kam aus der psychopathischen Re¬
1726 2258 2773 2316 gion, in welcher die Flottwells und Rappelköpfe sich aus¬
1717 2299 2771 2368 toben, und im Sanatorium des schärferen, lebensfrischen
1717 2351 2769 2414 Geistes genas sie. Herr v. Lips, der blasierte Millionär, hat
1716 2404 2776 2453 es nicht mehr nötig, mit Wald= und Wiesengeistern Kon¬
1722 2453 2769 2514 ferenzen abzuhalten oder sich von seinem Ebenbild be¬
1717 2499 2769 2555 ängstigen zu lassen, um über Glück und Geldeswert etwas
1717 2548 2769 2605 normaler zu denken. Nestroy läßt ihn Dummheiten machen
1712 2601 2765 2661 und durch höchst solide Kuren, wie einen unfreiwilligen Sturz
1721 2643 2761 2700 ins Wasser und seine tragikomischen Konsequenzen, wieder
1724 2686 2764 2760 gescheit werden. Alle geisterhaften Zustände finden ihre
1716 2745 2764 2793 höchst natürliche Erklärung, und wenn der angeblich er¬
1720 2792 2764 2857 soffene Herr v. Lips zum Entsetzen unwürdiger Erben das
1712 2843 2764 2903 Testament heimlich abändert, so spürt man es genau, daß
1709 2890 2761 2951 ein sentimentals Raimund=Gemüt nie auf diese Possen¬
1705 2940 2763 3008 diabolik verfallen wäre. Selbst Bühnenversenkungen, die
1705 2997 2761 3055 mit dem totgeglaubten Schlosser allerlei Spuk treiben, ge¬
2854 1014 3289 1089 war nun die her¬
2892 1089 3298 1146 Der mit einem gele¬
2853 1128 3283 1185 gepaarte unerschöpfliche
2853 1220 3298 1283 winnen als glaubhaft mo
2853 1268 3275 1333 naturalistischen Anstrich.
2891 1325 3298 1394 Darum ist Nestroy no
2850 1373 3301 1443 Momenten sieht man so
2846 1427 3298 1480 Theater, aber die schnurri¬
2846 1469 3290 1537 verstand, sie agieren sehr
2855 1522 3287 1589 schöpfe eines Dichters, der
2855 1571 3281 1623 reißer zu sein. Herr v.
2846 1614 3297 1685 klug reden. Er durchblitz
2846 1664 3285 1736 aphoristische Wendungen,
2845 1715 3295 1781 nähren, wenn ihm die be¬
2853 1765 3107 1828 geholfen hätte.
2883 1815 3298 1882 Die Peitsche Nestroysche
2842 1863 3295 1936 die Komik seiner Situation
2841 1915 3298 1973 man sollte nach einem Ja
2841 1972 3291 2030 und mühsam verworren
2843 2011 3301 2078 Quell der Laune öfters zu
2883 2060 3291 2135 Man hatte die Auffris
2841 2115 3271 2178 Halm nicht zu bedauern.
2843 2162 3293 2226 dort gespielt wurde, eher
2841 2210 3297 2284 in der Behäbigkeit präpari
2846 2259 3299 2327 steller doch allmählich, wo
2834 2304 3297 2377 richtigen Stil, der eine w
2843 2358 3295 2427 grotesk aufgetragener Ton¬
2843 2406 3295 2475 Besetzung des Herrn v.
2834 2457 3298 2525 des seelisch zerrissenen Bi¬
2838 2504 3301 2564 Wortspiel schwer ausweiche
2834 2553 3303 2613 Und er zerblies bei sach
2829 2604 3287 2670 während Willi Thaller z.
2829 2658 3295 2719 unerhört lustigen Zungen
2829 2696 3291 2768 Madame Schleier der Ida
2833 2748 3298 2818 sich selbst zu parodieren u
2832 2798 3295 2865 Vergnügen bereitete Herr
2837 2845 3287 2910 schen Bauern, der seine
2829 2888 3281 2959 bringen will. Er spielte
2834 2943 3303 3012 Gestalt, älpisch verschmitzt
2834 2993 3301 3071 stimme jedes Wort hervorwi
