3436 4256
308 187 994 299 4.9. Anton
1427 172 1796 260 box 8/5
1039 180 1242 281 yklus
990 812 2638 886 23 Paul Oskar Höcker:
1831 884 2624 970 als die Geschmackverlassenheit ihres Ver¬
994 877 1802 945 so meisterlich, so lapidar hingeschmissen,
988 943 1802 1011 daß man schon ein Snob mit Eichenlaub
1835 939 1970 998 fassers.
1878 982 2626 1048 Die Komische Oper hat unter dem rüh¬
1002 988 1800 1043 sein muß, um nicht herzlich über sie zu
994 1037 1802 1091 lachen. Der Schlosser Gluthammer und
1831 1025 2628 1089 rigen Direktor Gregor die meiste Arbeits¬
994 1086 2626 1144 der Pächter Krautkopf sind Gestalten, wie anerkennung und den geringsten Publi¬
996 1136 2626 1191 sie Wilhelm Busch nicht treffsicherer zeichnen kumserfolg gefunden. Die Aufführung der
988 1181 1792 1240 konnte. Die Darstellung des Neuen Schau¬
1827 1185 2626 1236 „Bohème" hat in vieler Hinsicht die der
1000 1232 1794 1289 spielhauses, das im alten Schöneberg der
1827 1228 2630 1283 Königlichen Oper stark in den Schatten
990 1281 1794 1341 ehemaligen Millionenbauern liegt, über¬
1824 1281 2624 1341 gestellt. Natürlich hat sie keinen Caruso
990 1330 2624 1390 trieb natürlich um einige Nuancen. Aber als Rudolf aufzuweisen gehabt — aber
986 1380 2620 1439 eine köstliche Entdeckung brachte der Abend: dafür in Frau Maria Labia eine Mimi,
988 1429 1798 1474 Ida Wüst, die wir bisher nur als muntere
1827 1427 2626 1484 wie wir sie im Hause Hülsens vergeblich
988 1472 1796 1537 Liebhaberin kannten, entwickelt sich zu
1833 1476 2626 1537 suchen. Von allen Neuengagements der letz¬
988 1527 1792 1581 einer Charakterkomikerin ersten Ranges.
1824 1527 2632 1572 ten Jahre ist dort einzig das der entzücken¬
988 1576 1796 1636 Ihr Lachen und Weinen ist nicht so herz¬
1827 1574 2620 1624 den Désirée Artôt de Padilla eine Bereiche¬
994 1624 1792 1673 lich wie das der Hansi Niese — kann es
1831 1622 2624 1681 rung; Stimme und Spiel der jungen Kraft
988 1669 1796 1726 in der Rolle der Frau von Schleier auch
1824 1671 2628 1730 haben als „Mignon" ihre Vorgängerin
982 1710 1800 1790 nicht sein —, aber die drollige Selbstpersi¬
1827 1720 2626 1767 völlig entbehrlich gemacht. Das Personal
994 1767 2624 1831 flage verrät noch viel mehr Können. Schick= der Königlichen Oper erreicht sonst mit
996 1816 2620 1872 sal, gib uns eine Komödie! Den Ansatz wenigen Ausnahmen kaum die Leistungen,
988 1863 1796 1925 zu einem neuen Lustspielstil haben wir hier.
1824 1861 2624 1921 die jedes zweite Stadttheater im Reich sei¬
1039 1909 2620 1970 Im Kleinen Theater gibt man Abend nen Abonnenten bietet. Ein Jammer, daß
990 1947 2624 2013 für Abend den in einem Eisenbahncoupé nun auch noch die gesunde Konkurrenz und
994 2011 1792 2066 spielenden Einakter „Erster Klasse“ von
1824 2009 2626 2066 Vergleichsmöglichkeit, die wir bisher in
984 2052 1792 2118 Ludwig Thoma. Wer über Thomas
1827 2062 2620 2126 Gregors Komischer Oper hatten, fortfällt:
996 2107 1788 2167 „Briefe des Abgeordneten Filser" gelacht
1827 2105 2620 2155 Gregor geht an die Hofburg nach Wien, und
982 2150 1790 2214 hat, wird auch in dieser ulkigen Parodie
1818 2155 2618 2206 das Haus an der Weidendammer Brücke
984 2206 1788 2261 auf bayrische Eisenbahnverhältnisse und
1827 2200 2616 2267 (verfehlt war der Bau von vornherein)
982 2251 1790 2310 andere Rückständigkeiten lachen. Nur ver¬
1818 2251 2620 2323 wird die Filiale eines dritten, vierten Ope¬
982 2298 1781 2360 mißt man die herrliche Orthographie de¬
1818 2296 2626 2355 rettentheaters. Die gut abgerundete Auf¬
982 2341 1794 2407 wackeren Filser. Als nicht ganz neue ko¬
1831 2351 2618 2403 führung des hübschen musikalischen Lust¬
982 2386 1794 2460 mische Gestalt bekommen wir dafür den
1824 2398 2616 2452 spiels „Das vergessene Ich“ von Richard
984 2448 2618 2507 nervösen, flegelhaften Geschäftsreisenden Schott und Waldemar Wendlandt zeigte
982 2495 1781 2556 aus Pinne oder Perleberg hinzugeliefert
1820 2493 2612 2560 wieder, was wir verlieren: eine Stätte
988 2542 1788 2597 den in Bayern mit Recht so beliebten
1824 2548 2622 2620 geschmackvoller künstlerischer Unterhaltung
988 2593 2380 2647 „Saupreiß. In München fallen die bun= im besten Sinne des Wortes.
984 2640 1788 2698 desbrüderlichen Anspielungen der Thoma¬
1870 2636 2618 2704 Aber die erste Hälfte des Theaterwinters
1000 2690 2612 2743 schen Parodie natürlich auf fruchtbaren wäre schon zur Stunde, da diese Blätter
984 2739 1792 2790 Boden. Da gibt es an gewissen Stellen
1820 2741 2618 2800 zum Druck wandern, völlig versunken und
988 2784 2612 2847 sogar demonstrativen Beifall. Die Ber= vergessen, hätte Berlin nicht den Zauber¬
982 2839 2616 2890 liner amüsieren sich über ihr Konterfei künstler Max Reinhardt, den Propheten
984 2878 1781 2938 herzlicher. Sie sind selbstgerechter. Hun¬
1814 2890 2622 2942 der neuen Schauspielkunst, — auch den
984 2934 1786 2987 dert Wiederholungen erlebte dieses „Erster
1818 2940 2616 3001 Herold einer neuen dramatischen Literatur,
984 2983 2316 3038 Klasse“. Ein bißchen viel für so einen Jux, wenn sie nur erst da wäre.
988 3028 1788 3091 so nett er ist. Man ließe sich ihn am besten
1865 3016 2616 3091 „König Odipus“, die Tragödie des
976 3083 1786 3139 an einem Kneipabend als Aufführung der
1820 3079 2618 3132 Sophokles, hat Max Reinhardt in der
984 3126 1781 3182 Fidelitas vorsetzen. Im Kleinen Theater
1820 3128 2618 3186 freien Übertragung von Hugo von Hof¬
984 3177 1781 3237 gab man anfangs zwei Einakter von Max
1812 3175 2610 3237 mannsthal im Zirkus Schumann aufgeführt,
984 3231 1781 3282 Burkhardt dazu, „Die verflirten Frauen¬
1812 3231 2612 3278 und jede Vorstellung bot ein brechend ge¬
984 3274 1781 3333 zimmer, um den Abend zu füllen. Sie
1827 3274 2614 3331 fülltes Haus und löste am Schlusse einen
976 3317 1786 3372 wollen die totale Vertrottelung der Wie¬
1818 3329 2468 3387 geradezu elementaren Beifall aus.
984 3370 1786 3423 ner Bourgeoisie und Aristokratie an den
1851 3354 2616 3434 Unserm Empfinden steht die Welt des
984 3421 2612 3479 Pranger stellen. Die eindeutigen Stücke König Odipus — ach, so fern. Und den¬
984 3471 1904 3544 stellen aber nichts anderes an den Pranger noch
