3436 4320
1380 218 1733 334 box 8/4
256 231 1214 342 4.9. Anatol - Zyklus
422 888 682 972 1.
588 959 1437 1061 Wien, I., Concordiaplatz 4.
843 1049 1193 1103 Vertretungen
429 1080 1551 1145 in Berlin, Budapest, Chicago, Christiania, Genf, Kopen¬
489 1140 1547 1192 hagen, London, Madrid, Mailand, Minneapolis, New York,
422 1177 1547 1266 Paris, Rom, San Francisco, Stockholm, St. Petersburg.
835 1222 1210 1271 (Quellenangabe ohne Gewahr.
484 1240 1549 1358 Ausschnitt auch Deutsch-
987 1297 1316 1418 Wien-Lepag
496 1359 699 1480 von
448 1448 1663 1547 Deutsches Volkstheater. In dem Einakterzyklus
318 1530 1666 1604 „Anatol“ bewegt Artur Schnitzler sich wieder auf jenen
364 1587 1665 1661 Gebiet, das eigentlich er kreiert hat. Das „Süsse Mädeltum,
355 1639 1665 1725 der tändelnde Leichtsinn des Wiener Junggesellenlebens. In
357 1710 1665 1777 diesen sentimentalen Stimmungen, in denen die Escamotage
357 1753 1658 1829 des „Gefühls durch das „Sentiment ernsten Menschen die
360 1820 1661 1901 Stimmung verdirbt, kehrt der berüchtigte „Reigen“ wieder,
364 1876 1661 1951 die zwei Geschlechter, die aneinander vorbei lieben. Es ist
367 1946 1661 2010 vieles so fein ersonnen, die Situationen sind so geistreich
355 1998 1661 2068 komponiert, daß man dem Liebeskünstler Anatol-Schnitzler
352 2057 1666 2127 nicht gram sein kann. Aber das Herz des deutschen Volkes
357 2115 1665 2176 schreit nach tieferen Noten. — Die schlägt Karl Schönherr
352 2184 1654 2255 in seinem Drama „Glaube und Heimat“ an. Aus dieser ein¬
391 2251 1691 2350 fachen Formel schmiedet der Dichter einen mächtigen
394 2340 1688 2392 Streithammer. Aber ihn schwingt nicht der Künstler, in
387 2385 1693 2459 olympischer Höhe thronend, er steigt herab und sucht im
387 2451 1693 2519 Parteigetriebe einen Beifall, den man seinem gewaltigen
394 2509 1685 2570 Talent gerne spenden möchte, ohne es durch wilde Ge¬
382 2566 1691 2638 hässigkeit gegen die katholische Kirche entstellt zu sehen.
382 2630 1685 2702 Schönherr konterfeit seine Tiroler, lebensvoll und wurzelecht,
386 2679 1691 2751 mit der Seele und dem Kopf in jeder Gestalt. Er läßt uns
387 2744 1693 2813 einen tiefen Blick tun in die Herzen, die lutherischer
391 2808 1695 2873 Glauben und des Kaisers strenges Ketzeredikt, das mit
379 2855 1693 2920 Heimatsverbann droht, bis ins Innerste zerfasert. Aber Licht
387 2920 1693 2984 und Schatten ist ungerecht verteilt, und ein tragisches
386 2979 1691 3047 Einzelschicksal, dem niemand sein Mitgefühl verschließen
391 3034 1688 3094 wird, ist in seiner Verallgemeinerung Geschichtslüge. Aus
382 3096 1688 3161 den fernen Zeiten der Tiroler Gegenreformation (als ob
394 3160 1683 3222 protestantische Länder in jenen Tagen nicht viel grausamere
382 3205 1691 3280 Bilder lieferten!) ist eine Anklage wie ein Flammenzeichen
382 3264 1688 3349 in unsere Tage milder Brüderlichkeit gesetzt. Wahrlich, das
382 3334 1691 3401 größte Kunstwerk — und ich bezeichne Schönherrs Drama
382 3379 1688 3465 mit diesem selten hohen Ruhmeswort — vermag den
382 3443 1618 3523 schürenden Brand des Zwistes nicht zu entschuldigen.
382 3503 1681 3580 „Der unbekannte Tänzer“ von Tristan Bernard rückte
382 3560 1688 3631 rechtzeitig ein, um als Sylvesterscherz zu gelten. Bei aller
382 3621 1685 3684 Unwahrscheinlichkeit ein ganz famoses und ausnahmsweise
382 3686 1688 3770 dezentes Lustspiel, das mit Recht sympathische Aufnahme fand.
2736 1254 3088 1368 Telephon 11891.
2333 1390 2907 1510 EREN
2261 1487 3079 1576 h. konz. Unternehmen für Zeitungs¬
2219 1549 2871 1616 Ausschnitte und Bibliographie.
2172 1582 2918 1691 Wien, I., Concordiaplatz 4.
2421 1653 2697 1733 Vertretungen
2032 1696 3079 1779 in Berlin, Brüssel, Budapest, Chicago, Cleveland, Christiania,
2032 1755 3079 1820 Genf, Kopenhagen, London, Madrid, Mailand, Minneapolis,
2035 1794 3071 1854 New-York, Paris, Rom, San Francisco, Stockholm, St. Peters¬
2412 1834 2687 1887 burg, Toronto.
2364 1857 2732 1944 allemande dann der
2023 1904 2394 2010 Ausschnitt aus:
2250 1965 3133 2151 in Wiener Mode, Wien
2020 2003 2186 2132 van
1963 2136 3037 2228 Im Deutschen Volkstheater feierte man die Wiederich
1862 2204 3049 2273 Schnitzlers ins Burgtheater mit der Aufführung von fünf Einaktern
1871 2244 3049 2301 aus dem Anato =Zyklus. Sonderbar — in seinen Anfängen spielte
1871 2280 3036 2340 Schnitzler mit der Leidenschaft der Liebe, frozzelte dieselben Ekstasen,
1871 2322 3036 2377 die er später so tief in Blut tauchte. Es schien uns jetzt schon manches
1864 2364 3044 2412 ein wenig primitiv, manches, das einst so leicht beschwingt an uns
1864 2405 3034 2459 vorüberflog, ein bißchen konstruiert, aber alles ist graziös, geistreich,
1862 2439 3036 2496 klug und voll Wiener Charme. Eleganter kann niemand die Klaue
1859 2466 3041 2528 des Löwen weisen als Schnitzler. Das Deutsche Volkstheater, das die
1908 2583 3073 2640 „Novität" am gleichen Tage herausbrachte wie das Berliner Lessing
1913 2630 3088 2680 theater, dürfte eine Parade schöner Frauen veranstalten, die zugleich
1909 2659 3084 2716 brillante Anatol-Weibchen sind. Nur die allerschönste, Fräulein
1903 2707 3079 2761 Reinau, war als Tame im „Weihnachtseinkaufe zu mädchenhaft, zu
1908 2731 3086 2793 wenig mondain und zu wenig wienerisch. Offenbar mit Rücksicht
1916 2773 3084 2830 darauf hatte ihr auch die — sonst sehr geschickte — Regie eine Straße
1913 2806 3079 2865 gestellt, deren Läden auf eine kleine Provinzstadt raten lassen. Ur¬
1913 2858 3078 2907 wienerisch war natürlich Frau Glöckner als Annie im „Abschieds¬
1908 2890 3084 2949 souper". Die ihrer eigenen Diskretion im Schlaf nicht ganz sichere Cora
1913 2932 3084 2979 gab Fräulein Hannemann, das huschelige Zirkusweiberl Fräulein
1904 2972 3084 3019 Müller, die schlagkräftige Letzte, die ihr „auf Wiedersehen in der
1908 3006 2995 3049 Ehe" so siegessicher herausschmetterte, Frau Galafrés —
1904 3042 3078 3098 zum Anbeißen. Herr Kramer als Anatol war wohl poetisch und
1908 3086 3079 3141 melancholisch, auch parodistisch pathetisch genug, aber doch etwas schwer,
1909 3121 3078 3178 fast / müd. In „Anatols Hochzeitsmorgen" aber erinnerte er sehr lustig
1908 3163 3079 3212 an einen jungen Tewele oder Richard Alexander. Er wurde überhaupt
1908 3205 3094 3259 von Episode zu Episode besser. Sehr brav war auch der Max des
1904 3233 2186 3311 Herrn Lackner
