3484 4256
371 190 1327 289 4.9. Anatol - Zyklus
457 454 1396 585 chnitt aus: Deutsches Abendblatt.
635 699 1238 776 Neues deutsches Theater.
583 747 1274 835 Gauspiel Leopold Kramer.
832 803 1013 863 Anatol.
477 832 1396 925 Für Einakter aus dem gleichnamigen Zyklus von
743 887 1112 936 Artur Schnitzler.
547 910 931 980 In seinem „Ana¬
1013 933 1385 1002 den Typus
459 975 1388 1048 des weichen, sein vibrierenden Wiener und
459 1021 1387 1092 Liebeskünstlers geschaffen, der mit dem prickelnden
462 1059 1384 1145 Raffinement einer vorurteilslosen Dialektik, lächelnd
463 1112 1384 1192 und verlegen witzelnd über alle Höhen und Tiefen
463 1154 1384 1235 des menschlichen Empfindens dahinschreitet und wie
453 1207 1376 1277 der müde Ausklang eines schluchzenden Walzers ver¬
460 1250 1378 1336 schwindet, man weiß nicht wie und wo. Diesen Ana¬
456 1305 1371 1384 tol zeichnet unser viellieber Gast mit geradezu un¬
453 1347 1378 1426 heimlicher Sicherheit. Verwunderten Auges und
447 1400 1378 1466 pochenden Herzens denkt er in lockendem Gespräche
447 1455 1374 1525 mit einem entzückenden Weibe, an das andere,
448 1487 1374 1570 schweigt in Wonnen köstlich konstruierter Gefühle,
445 1552 1371 1617 ersinnt die delikatesten Fragen an das Schicksal, hat,
447 1596 1374 1668 im Falle, nicht den Mut, sie tatsächlich zu stellen
447 1640 1376 1704 und verliert sich schließlich in den lustigsten Kapriolen
443 1681 1374 1768 des verlegenen Schoßlindes der Liebe. In der drei¬
440 1731 1371 1815 fachen Steigerung dieses Themas fand er an den
440 1792 1368 1860 Damen Neff (Weihnachtseinkäufe), Hermine Me¬
440 1833 1374 1900 delsky (Abschiedssouper) und Maria Deval
434 1867 1376 1961 (Hochzeitsmorgen) brillante Partnerinnen. Recht
434 1932 1371 2003 gut hielt sich auch Frl. Margit Gottlieb als
437 1982 1371 2046 Cora in dem Eröffnungsstücke. Ein nicht uninteressanter
434 2024 1353 2100 Versuch war die Besetzung der Bianca in der „Episode
436 2073 1362 2146 mit Frl. Annie Hoffmann. Die Rolle des Max
430 2123 1359 2190 des unbeteiligten Dritten, der etwa den Rest des
434 2161 1353 2246 natürlichen Alltagsverstandes in dieser Welt reprä¬
437 2211 1365 2292 sentiert, spielte Herr Huttig mit vollem Verständ¬
433 2274 1362 2343 nis der jeweiligen Situation. Das sehr gut besuchte
434 2310 1362 2387 Haus unterhielt sich großartig und stürmte zum
416 2368 1356 2468 Sie den leben hat immer nieder beruft.
428 2479 770 2562 Seite aus.
624 2544 1487 2661 16 bendblatt
421 2599 515 2650 m:
440 2688 532 2766 Ant¬
570 2694 957 2766 Parschein Teisten
541 2776 1089 2872 ter.
495 2849 1352 2914 Gis w. Deutsches Landestheater. Herr Kra¬
460 2886 1350 2960 ner spielte gestern Schnitzlers „Anatol. Der
463 2948 1350 2990 liebenswürdige Bonvivant und Charakterspieler des
454 2981 1349 3027 Wiener Volkstheaters, der in Bernsteins Lebemanns¬
445 3024 1347 3060 then und in Monars Verwandlungsvollen zu do¬
448 3059 1346 3100 minieren vermag und seine Konversation in geistvol¬
451 3098 1356 3139 len Lichtern aufblitzen läßt, scheint der von Naivität
445 3132 1350 3179 und Idealismus angehauchten Schnitzlerschen Viveur¬
451 3171 1350 3220 figur einigermaßen entwachsen. Die Maske macht allzu
448 3212 1352 3252 gesetzten Eindruck und die Geste entbehrt des Elasti¬
448 3247 1350 3291 schen, Agilen, das übrigens Herrn Kramer sonst
436 3267 1350 3335 Auch in bejahrteren Rollen eigen ist; vielleicht wünscht
436 3322 1349 3369 er diesen Anatol als sinnend rückblickenden Phlegma¬
445 3363 1349 3400 tiker hinzustellen, den manigfache Erfahrungen erüch¬
447 3396 1350 3448 tert haben. Demgemäß gestaltet er auch Empfindungs¬
448 3437 1350 3478 ausdruck und Sprache, die nur beim „Abschieds sou¬
442 3475 1352 3522 per“ aus dem Ton des Gleichtemperierten, Feinpoin¬
442 3504 1353 3552 tierten ins Temperamentvolle aufspringt. Von den
451 3548 1330 3592 fünf Einaktern war auch das „Abschiedssouper
445 3587 1355 3634 das einschlagendste und Frl. Medelsky ein schau¬
448 3622 1350 3665 spielerischer Leckerbissen für den anspruchsvollsten Gour¬
443 3660 1350 3719 mand. Weitere Liebesheldinnen des amüsanten Fünf¬
442 3701 1349 3742 akters hatten die Damen Neff, Gottlieb und
448 3736 1353 3780 Hofmann darzustellen. Frl. Neff sprach in distin¬
442 3777 1353 3818 guierter Haltung, weich und wohlklingend. Fräulein
442 3817 1353 3858 Gottlieb bediente sich geschickt des spitzen Tous
439 3856 1349 3893 eines Lustspielsoubrettchens, währen unsere Operet¬
445 3890 1356 3937 tensoubrette Frl. Hofmann sich ganz gut in die
434 3931 1174 3979 Rolle der Schauspielmondäne hineinfand.
1479 196 1838 299 box 9/1
1785 876 2914 936 Die „Dramatisch-literarische Gesellschaft“, die in
1728 907 2914 972 Brüssel deutsche Theaterkunst pflegt, ist sehr ehrgeizig. Wie unser
1725 961 2918 1013 Brüsseler Korrespondent meldet, hatte sie jüngst den Direktor
1728 1005 2919 1056 des „Deutschen Theaters von Köln, Herrn Kuhnert, eingeladen,
1722 1051 2922 1109 damit er vier Stücke aus Schnitzlers Anatolzyklus und Hartlebe
1725 1094 2921 1141 Schnurre von Lores abgerissenem Knopf aufführe. Bevor dies ge¬
1731 1131 2918 1191 schehen durfte, waren beträchtliche Hindernisse zu überwinden. Sehr
1722 1169 2943 1224 viele Deutsche Brüssels waren höchst feindlich aufgelegt gegen Schnitz¬
1725 1218 2908 1264 ler und Hartleben, denen sie die gefährlichste Unsittlichkeit vorzu¬
1728 1259 2930 1302 werfen hatten. Es mußten an die Kunstfreunde eigene Drucksachen
1728 1302 2921 1347 verschickt werden, die gewissermaßen alles wiederholten, was deutsche
1722 1343 2921 1387 Literaturgelehrte mit Professortiteln zugunsten der umstrittenen Stücke
1728 1388 2924 1432 gesagt hatten. Trotzdem wurde ein Aufstand der Schnitzlerfeinde im
1728 1425 2914 1476 Theater befürchtet. Das Unglück trat aber nicht ein, und die Ent¬
1728 1467 2911 1514 rüsteten schwiegen, obwohl die Schauspieler von Köln die Wiener
1719 1514 2911 1567 Dialoge nicht sanft genug, nicht genügend verwandelt von der an¬
1716 1551 2401 1604 mutigen Ironie ihres Textes sprachen.
1898 1968 3007 2100 Husschnitt aus:
1897 2062 2263 2161 vom 1802
1930 2114 2977 2214 Deutsche Kunst in Brüssel. Man berichtet uns aus
1867 2190 2977 2264 der belgischen Hauptstadt: Die Literarisch-drama¬
1874 2222 2975 2295 tische Gesellschaft, die sich das hohe Ziel gesetzt hat,
1877 2264 2980 2328 das Niveau der künstlerischen Interessen der Deutschen in
1886 2299 2980 2375 Brüssel zu heben, glaubte leider ihrem Ziele näher zu kom¬
1886 2331 2980 2407 men, indem sie die diesjährige Saison mit einer mäßigen
1883 2378 2974 2439 Aufführung von Sudermanns „Es lebe das Leben er¬
1883 2413 2984 2486 öffnete. Am zweiten Abend war dann vorsichtig der Versuch
1886 2457 2987 2527 gemacht worden, den süßen, geistreichen Leichtsinn von
1889 2485 2986 2559 Schnitzlers „Anatol=Zyklus auf die streng richtenden
1888 2533 2983 2596 Gem hiesigen deutschen Publikums einwirken zu
1886 2562 2980 2635 lassen. Eine ganze Reihe von Auszügen aus Kritiken führ¬
1888 2606 2986 2673 ten Schnitzler auf der Einladung genau so ein, wie die Kon¬
1892 2644 2980 2720 zertagenturen mit beginnenden Sängerinnen und Klavier¬
1886 2681 2987 2760 virtuosen zu tun pflegen, und so waren denn die Zuhörer
1892 2719 2986 2790 einigermaßen vorbereitet auf alle jene kühnen Unmorali¬
1895 2758 2992 2826 täten, die nun von der Bühne her in den Saal schwirren
1901 2796 2995 2873 sollten. Denn so mancher brave deutsche Philister hier ist
1892 2837 2992 2904 nun einmal so, daß er unbedenklich den schlimmsten Ehebruchs¬
1898 2869 2995 2943 schund mit anhört, wenn nur die Sprache französisch ist und
1897 2913 2995 2986 der glatte gewohnte Verlauf des Spiels keine allzugroßen
1905 2948 2992 3022 geistigen Anforderungen an ihn stellt, daß er aber sofort vor
1908 2986 2998 3054 Entrüstung siedet, wenn statt der üblichen Franzosen ein
1901 3027 3010 3095 Deutscher von der Bühne spricht, der sich sogar so weit ver¬
1883 3141 2962 3191 gißt, ein Künstler und ein Dichter zu sein. Dem „Anatol¬
1889 3179 2968 3241 Zyklus voran ging Otto Erich Hartlebens amüsante „Lore"
1880 3218 2974 3271 Die Aufführung durch Mitglieder des Deutschen Theaters in
1883 3256 2975 3302 Köln war recht gut. — Der deutsche Gesangverein
1883 3297 2975 3343 in Brüssel hat sein erstes großes diesjähriges Konzert unter
1883 3331 2971 3381 Leitung seines Dirigenten F. Welcker gegeben. Gesungen
1883 3370 2977 3414 wurde u. a. Max Bruchs Kantate „Schön Ellen, Peter
1883 3410 2971 3457 Benoits „Ave Maria" und J. Weismanns Kantate „Macht
1886 3445 2974 3492 hoch die Tür. Die Ausführung zeigte, bei sorgfältig aus¬
1889 3487 2974 3533 gesuchtem Stimmenmaterial, wiederum die treffliche Schu¬
1880 3520 2980 3572 lung, die für diesen Verein charakteristisch ist. Als Solisten
1886 3563 2974 3613 zeichneten sich aus Herr Oberdörffer=Leipzig (Bariton)
1889 3599 2989 3648 und Frau Valnor-Köln (Sopran). — Frl. Lonny Epstein,
1895 3640 2983 3688 eine Frankfurterin und Schülerin Friedbergs, errang sich hier
1886 3675 2978 3715 nit einem Klavier=Konzert großen Beifall. Sie spielte Be¬
1895 3710 2977 3768 ven, Schumann und Chopin mit einer Vollendung, die viel¬
1898 3756 2403 3824 ach die Meisterschaft ihres
2441 3751 2987 3849 res erreichte.
