3344 4256
148 216 646 339 4.9. Anato
1269 234 1631 321 box 9/5
698 234 1106 340 Zyklus
1026 1108 2053 1202 cher eige¬
1130 1257 1979 1346 Großherzogliches Hoftheater
1248 1322 1819 1403 „Anatol“ von Schnitzler
1195 1380 1856 1473 Erstaufführung im Hoftheater)
1776 1464 2067 1557 Liebe ist Mut.
1010 1498 2109 1588 Modernst Eleganz und kultiviertester Luxus sprühen
935 1548 2106 1633 aus den glänzenden Läden am „Graben in Wien. Tritt
938 1630 2106 1675 man von hier nur wenige Schritte in eine der Seitengassen
933 1661 2106 1724 ein nach den Tuchlauben oder dem Hohen Markt zu, so wird
943 1706 2107 1761 man umfangen von der verschlafenen Stille des früheren
943 1752 2100 1807 Wien, der wundervollen Stadt, der Fischer von Erbach und
938 1801 2100 1847 Lukas von Hildebrand, die Meister des Barock, das Gepräge
940 1841 2100 1891 gegeben haben. In diese stillen verschwiegenen Straßen
943 1887 2103 1939 flüchten die liebenden Paare aus der beobachtenden Helle
935 1933 2103 1979 der Großstadt, und am Eingang zu einer dieser Straßen
935 1973 2100 2026 trifft zufällig Frau Gabriele am Weihnachtsabend den
939 2016 2103 2076 jungen Anatol, der mehr ein Lebenskünstler als ein
938 2060 2091 2110 Lebemann ist. Beide machen „Weihnachtseinkäufe
945 2103 2103 2165 Frau Gabriele für Mann und Kinder, Anatol für das süße
940 2144 2103 2200 Mädel mit den zerstochenen Fingern, das draußen in der
935 2189 2103 2248 Vorstadt seiner wartet. In dem kurzen Gespräch, das unter
935 2231 2097 2283 den leichten Flocken des fallenden Schnees zwischen ihnen
943 2276 2103 2331 sich entspinnt, enthüllt sich die ganze Tragik der mondenen
935 2320 2100 2376 Frau, die in ihrer Conivenz=Ehe das arme, kleine Mädel
929 2363 2100 2416 um sein Glück beneidet und ihm durch Anatol zum Weih¬
935 2413 2097 2464 nachtsabend einige Veilchen schickt: von einer Frau, „die
932 2449 2094 2504 vielleicht ebenso lieben kann wie du und die den Mut dazu
932 2496 2091 2548 nicht hatte ... Charlotte Pils erwies sich als
932 2535 2094 2586 „Gabriele als eine feinempfindende Künstlerin und be¬
938 2585 2094 2653 strickte durch den Ton einer wundersam verhaltenen Sehn¬
935 2623 1631 2694 sucht, den sie in ihre Stimme legte.
1641 2714 2066 2792 Liebe ist Stimmung.
1009 2742 2094 2836 Alle, die Anatol liebt, tauchen in seiner Stimmung
929 2823 2091 2875 unter und bringen ihm einen sonderbaren Duft von Aben¬
932 2860 2095 2916 teuern und Seltsamkeit mit, an dem er sich berauscht. Als
927 2909 2094 2963 er Bianca, die lebensfrohe Zirkusreiterin, in dem Ar¬
924 2953 2094 3003 men hielt, empfand er den süßesten Zauber und glaubte, ihr
923 2999 2094 3051 unvergeßlich zu sein. Doch als sie von Petersburg zurück¬
926 3042 2092 3092 kehrte, erkannte sie ihn nicht wieder, den enttäuschten
926 3086 2092 3139 Idealisten. Für sie war es nur eine „Episode gewesen,
932 3129 2098 3194 ja weniger als eine Episode ... Ilse Berka gab der
926 3167 1974 3249 un eiwillig grausamen Freundin Gestalt und Leben.
1465 3221 1556 3296 III.
1701 3262 2063 3339 Liebe ist Illusion.
994 3312 2087 3373 In dem geliebten Wesen sehen wir das Ideal, dem die
923 3367 2089 3419 von der Phantasie getragene Autosuggestion alle Vorzüge
926 3406 2092 3454 dieser Erde verleiht. Weh dem, der den Schleier zerreißen,
926 3450 2088 3509 den Zauber zerstören wollte! Wir scheuen die Wahrheit,
923 3494 2085 3546 wir bedürfen sie nicht. Als Cora, das süße Mädel, in hyp¬
920 3540 2091 3587 notischen Schlaf versenkt, vor Anatol saß, konnte er die
923 3577 2089 3632 Wahrheit, ob sie ihm treu sei, durch ein Wort erfahren. Die
917 3623 2103 3706 Frage an das Schicksal stand im frei: er stellte sie
2700 1600 2787 1677 zur
2700 1671 2787 1723 stani
2699 1712 2780 1767 mit
2696 1752 2909 1813 der Taum¬
2731 2053 2835 2112 Flo¬
2700 2097 2853 2178 geschickt
2699 2274 2779 2331 war
2773 2320 2900 2376 Für
2696 2350 2931 2418 glänzenden
2696 2400 3071 2464 leichtsinnige Melan
2699 2450 3067 2506 er ist der Held
2978 2484 3070 2552 ren
2696 2492 2923 2548 jeder Szene
2696 2532 3073 2594 mung. Wahrhaft
2696 2576 3104 2638 stellung sich von sich
2696 2620 3067 2684 und mit künstleris.
2697 2665 3049 2725 spieles traf. Aus
2696 2702 3145 2758 man die Rolle von An¬
2696 2750 3116 2808 Westermann über
2690 2796 3132 2853 die letzte Lebemännisch
2688 2848 3169 2897 wisse Saloppheiten in de
2699 2887 3126 2943 sollte, so bildet er in
2693 2922 3114 2978 den richtigen Gegensa
2699 2972 3045 3026 schen, und war
2693 3017 3157 3070 der ruhende Pol in der
2767 3057 3166 3125 Der geschickt sich an
2690 3095 3169 3162 künstlerische Einzelzug
2690 3142 3166 3194 vorragende Real¬
2690 3185 3154 3244 Eger durchspüren, die
2690 3225 3129 3278 und E. Schwerdtfe
2693 3272 3157 3340 malerische Straßenecke
2687 3311 3107 3367 erleuchteten Kirche
2690 3363 3196 3407 volle trauliche Beleuchtun
2684 3407 3196 3465 helle, fröhliche Junggesell
2684 3447 3172 3506 gante Separee mit dem
2690 3488 3187 3555 gaben jeder Szene einen
2761 3534 3203 3589 So bot die Aufführu
2690 3571 3201 3632 schieden mehr als die vor
2690 3616 3191 3670 ter Schauspielhaus. Sie
2684 3664 3193 3737 wurde von dem stark bese
2684 3704 2974 3780 angenommen.
