3436 4352
1401 183 1761 270 box 8/4
715 195 802 265 1
278 180 1204 303 4.9. Ana Zyklu-
1225 549 1573 631 Telephon 12.801.
730 611 1179 785 OBSER
520 769 1576 841 1. österr. beh. konz. Unternehmen für Zeitungs¬
718 819 1364 883 Ausschnitte und Bibliographie.
688 868 1411 938 Wien, I., Concordiaplatz 4.
914 937 1190 1008 Vertretungen
518 978 1573 1047 in Berlin, Brüssel, Budapest, Chicago, Cleveland, Christiania,
527 1036 1580 1083 Genf, Kopenhagen, London, Madrid, Mailand, Minneapolis,
518 1076 1573 1126 New-York, Paris, Rom, San Francisco, Stockholm, St. Peters¬
912 1111 1187 1163 burg, Toronto.
891 1150 1232 1206 ellenangabe ohne Gewähr.)
752 1158 918 1229 12.197
510 1182 885 1289 Ausschnitt aus:
805 1252 1635 1354 Berliner Börsen Courier, Berlin
515 1339 665 1383 vom
1030 1335 1436 1415 Morgenausgabe
577 1499 1411 1577 Unser Wiener Korrespondent schreibt uns
586 1552 1515 1610 Schnitzler hat nun in wenigen Wochen Erfolge
514 1588 1489 1656 sozusagen in zwei Fronten heimgetragen: mit „Medardus
510 1635 1511 1700 der die Schaulust der Wiener mächtig anregt und mit
511 1672 1507 1734 dem Sonnabend im Volkstheater außerordentlich
518 1713 1499 1771 freundlich aufgenommenen „Anatol=Zyklus
506 1760 1515 1823 Das Szenenquintett war gerade nach dem Geschmack
509 1796 1507 1858 des Publikums, zumal es trefflich dargeboten wurde.
506 1839 1507 1896 Herr Kramer, besonders aber Herr Lackner als
502 1876 1510 1939 Freund Max schufen lebensechte Typen und die
507 1922 1503 1983 Damen Hannemann, Reinau — eine überaus fein¬
510 1960 1501 2030 fühlige, reizvolle und fesselnde junge Schauspielerin
503 2005 1474 2051 die Direktor Weiße aus Leipzig sich verschrieben
505 2043 1501 2101 Paula Müller und die Frau Galafrés und Glöckner
499 2088 1501 2140 gaben den Schnitzlerschen Gestalten reiches inneres
497 2133 1510 2208 Leben. Schnitzler wurde mit seinen Darstellern
494 2173 1029 2234 wiederholt stürmisch gerufen.
568 2207 1501 2273 Dem Theater in der Josefstadt brachte der fran¬
495 2253 1549 2319 zösische Schwank „Théodore u. Co. einen großen
493 2286 1055 2370 dauerverheißenden Lacherfolg.
1336 2298 1456 2344 S. L.
1212 2375 1574 2456 Telephon 12.801.
719 2456 1216 2622 OBSERV
520 2581 1577 2685 1. österr. beh. konz. Unternehmen für Zeitungs¬
726 2646 1379 2730 Ausschnitte und Bibliographie.
705 2694 1422 2808 Wien, I., Concordiaplatz 4.
925 2779 1202 2848 Vertretungen
526 2810 1585 2893 in Berlin, Brüssel, Budapest, Chicago, Cleveland, Christiania,
536 2854 1586 2927 Genf, Kopenhagen, London, Madrid, Mailand, Minneapolis,
535 2893 1582 2980 New-York, Paris, Rom, San Francisco, Stockholm, St. Peters¬
926 2946 1204 3004 burg, Toronto.
885 2976 1250 3053 (Quellenangabe ohne Gewähr.)
536 3042 871 3151 Ausschnitt aus
931 3051 1653 3148 liner Börsen Courier, Berlin
560 3256 1447 3333 Unser Wiener Korrespondent schreibt uns:
609 3285 1547 3373 Schnitzler hat nun in wenigen Wochen Erfolge
552 3340 1536 3400 sozusagen Fronten heimgetragen: mit „Medardus
541 3391 1549 3448 der die Schaulust der Wiener mächtig anregt und mit
544 3423 1543 3491 dem Sonnabend im Volkstheater außerordentlich
544 3465 1545 3527 freundlich aufgenommenen „Anatol=Zyklus.
541 3505 1549 3576 Das Szenenquintett war gerade nach dem Geschmack
539 3553 1543 3611 des Publikums, zumal es trefflich dargeboten wurde.
540 3593 1538 3655 Herr Kramer, besonders aber Herr Lackner als
543 3628 1539 3703 Freund Max schufen lebensechte Typen und die
543 3672 1538 3742 Damen Hannemann, Reinau — eine überaus fein¬
540 3717 1536 3786 fühlige, reizvolle und fesselnde junge Schauspielerin,
538 3758 1501 3822 die Direktor Weiße aus Leipzig sich verschrieben
541 3793 1530 3862 Paula Müller und die Frau Galafrés und Glöckner
540 3843 1543 3904 gaben den Schnitzlerschen Gestalten reiches inneres
540 3871 1538 3966 Leben. Schnitzler wurde mit seinen Darstellern
535 3914 1068 3978 viederholt stürmisch gerufen.
588 3960 1538 4022 Dem Theater in der Josefstadt brachte der fran¬
547 3987 1540 4082 ösische Schwank „Théodore u. Co." einen großen
547 4038 1082 4129 auerverheißenden Lacherfolg.
1353 4055 1491 4126 S. L.
2125 902 2472 999 „OBSERVER
2100 979 2530 1051 terr. behördl.
2150 1034 2478 1108 zessionirtes
2238 1100 2404 1161 Bureau
2232 1146 2505 1220 tungsnachrichten
2245 1208 2419 1275 Wien, 1.
2217 1248 2497 1328 kordiaplatz 4
2686 1418 2813 1503 1910
2415 1452 2652 1538 6.
2260 1572 2862 1664 Ostdeutsche Rundschau
2497 1650 2634 1730 Wien
2047 1731 3020 1939 Eheater und it.
2634 1906 3032 1979 Wien, 5. Dezember.
2129 1921 3063 2020 Deutsches Volkstheater. Zum erstenmal:
2039 1993 3065 2070 „Anatol. Das war natürlich ein Ereignis für die
2041 2049 3061 2117 durch den Erfolg des „Jungen Medardus wieder stolz
2033 2097 3068 2169 und dankbar gewordene Schnitzlergemeinde. Man kennt
2039 2133 3061 2213 die meisten dieser schon zwanzig Jahre alten Einakter von
2042 2195 3053 2260 früher her. Aber man hat sie bisher nur einzeln gesehen.
2029 2244 3043 2317 Im Deutschen Volkstheater erschienen sie jetzt zum ersten¬
2030 2295 3055 2361 mal zu einem Zyklus vereinigt; allerdings nur fünf von
2034 2340 3053 2408 den sieben. Doch das war mehr als genug. Diese ironisch¬
2042 2378 3050 2457 sentimentalen Paraphrasen über die Hypochondrie der
2034 2433 3050 2502 Liebelei wollen homöopathisch genossen werden. In un¬
2034 2491 3051 2552 mittelbarer Auseinanderfolge wirken sie ermüdend, und
2030 2531 3045 2597 was als Mannigfaltigkeit gedacht war, empfinden wir
2026 2584 3047 2648 als nur leise variierte Monotonie, die in Kleinig¬
2030 2628 3046 2696 keiten stecken bleibt und aus dem dämmerigen Halbschatten
2024 2668 3046 2743 der scheuen Zaghaftigkeit, das Kind beim rechten Namen
2025 2730 3045 2790 zu nennen, nicht herauskommt. Eine Liebelei folgt
2029 2771 3043 2843 der anderen; im Gegensatz aber zu den biblischen
2024 2815 3041 2892 Tagen, die sich nicht gleichen, ist leider die eine wie die
2028 2875 3034 2925 andere und jede nur die mehr oder minder witzig und
2026 2909 2937 2978 melancholisch umschriebene Agonie eines Glückes,
2025 2964 3026 3030 „mit dem ersten Kusse zu sterben begann. Her
2017 3009 3053 3095 Kramer spielte den von einem Katzenjammer zum
2025 3066 3018 3113 anderen sich mit ironischen Epigrammen und müde
2025 3104 3039 3171 Empfindsamkeiten tröstenden Anatol mit dem ganzen
2018 3151 3032 3223 Aufgebot seiner we assortierten Liebenswürdigkeit und
2028 3205 3032 3266 fand in Herrn Lackner einen Freund Max, der mit
2024 3253 3032 3323 seiner geradlinigen Skepsis die Kontrastwirkung erhöhte.
2021 3303 3029 3374 Die holde Weiblichkeit, die Anatols zarte Schwärmerei
2017 3348 3032 3423 von Fall zu Fall zu galvanisieren hat, fand in den
2012 3391 3033 3468 Damen Hannemann, Reinau, Glöckner,
2016 3454 3032 3516 Müller und Galafres fein und gewandt
2014 3494 3046 3566 differenzierende Vertreterinnen. Die Schnitzlergemeinde
2007 3545 2673 3606 tobte und markierte Entdeckerfreuden.
