3436 4256
343 186 666 286 4.9. A.
1461 189 1825 288 box 9/2
862 189 1271 299 Zyklus
851 841 930 901 1
516 823 794 883 vom 4.
760 888 1480 1013 Deutsche Wehr Troppau
616 1051 1415 1197 Schaubühne und Kunst.
708 1158 1378 1276 Troppauer Stadttheater.
597 1252 1558 1334 „Anatol". Einakter=Zyklus von Schnitt¬
464 1291 1571 1380 Aufgeführt am 31. Mai anläßlich des Kriegsanleihe¬
469 1336 1575 1430 tages der österreichischen Bühnen. Schnitzler hat sich
469 1393 1571 1483 mit den etwas frivolen, doch geistreich unterhaltenden
472 1430 1558 1529 Grisettenstudien, unter dem Gesamttitel „Anatol¬
467 1482 1584 1572 vereinigt, als junger Dramatiker erfolgreich bewährt.
464 1529 1566 1621 Sie gehörten nicht nur zu seinen ersten, sondern auch
461 1572 1566 1671 zu seinen originellsten Arbeiten, denn in seinen spä¬
451 1621 1545 1719 teren Dramen kehrt er oft auf Motive des „Anatol¬
448 1669 1563 1784 zurück; das Freundespaar Anatol und Max erkennt
395 1791 1506 1873 man wieder in seinem, die stärkste Wirkung ausüben¬
400 1860 1509 1918 den dramatischen Sittenbilde „Liebelei. Leider
403 1912 1506 1968 blieb der Aufführung dieser feinen, bühnenwirksamen
408 1964 1503 2020 Einakter auf unserer Bühne der Erfolg versagt. Herr
403 2004 1503 2062 Werner=Eigen spielte den psychologisch grü¬
396 2048 1506 2140 belnden Anatol mit seiner charakteristisch langweiligen
403 2108 1503 2169 Gleichgiltigkeit, ohne auch nur dem bloß äußeren
391 2166 1506 2232 Rollenstudium die geringste Sorgfalt gewidmet zu ha¬
393 2198 1508 2269 ben. Man bedauert immer wieder den Mißgriff, der
393 2256 1503 2310 diesen in einem anderen Rahmen gewiß verwend¬
396 2302 1511 2363 baren Schauspieler zu Rollen heranzieht, die seinem
390 2355 1499 2410 Wesen wenig entgegenkommen. Der treue Helfer und
390 2408 1499 2457 nüchtern erwägende Freund Anatols, Max, wurde
390 2452 1499 2515 von Herrn Haber in liebenswürdiger Bonvivanten¬
396 2504 1499 2565 art gegeben. Frl. Jacoby, die sich in der Rolle der
396 2551 1503 2607 Annie unserem Publikum als Gast vorstellte, ist eine
393 2596 1499 2659 ungemein sympathische Erscheinung, mit deutlichem
400 2653 1503 2706 Talent. Sie traf ausgezeichnet den derb=naiven Ton
390 2696 1496 2763 des Vorstadtmädchens und rettete durch ihr munteres,
387 2750 1496 2805 ungezwungenes Spiel den Erfolg des „Abschieds¬
408 2795 1503 2855 soupees". Der lebhafte Beifall — der einzige des
387 2844 1503 2902 Abends — galt ihrer trefflichen Leistung. Wir wür¬
390 2895 1496 2942 den uns freuen, Frl. Jacoby bald in einer grö¬
393 2944 1495 3009 ßeren Partie zu begegnen. Frl. Pistor fügte sich
390 2997 1496 3049 mit Geschick als temperamentvolle, den ungarischen
400 3044 1498 3106 Jangon gut beherrschende Ilona in den Rahmen des
396 3094 1488 3159 etwas grotesken vierten Einakters. Frl. Marbach
382 3146 1516 3216 war eine zierlich=kokette Cora, Frl. Simon eine
390 3186 1061 3256 weniger ansprechende Bianka.
2734 335 2979 433 12001.19
2413 503 3119 587 Danzer's Armee-Zeitung, Wien.
2059 668 3246 739 So sieht eine Münchener Zeitschrift — die „Allgemeine Rund¬
1939 668 2937 801 schau" — die Wirkung einer gewissen Wiener Literatur
2087 747 3241 812 Schnitzlers „Anatol im „Münchener Schauspielhaus neu ein¬
1943 806 3237 856 zustudieren entsprach sicherisch nicht einem Bedürfnis. Was haben dieser
1946 843 3243 886 Wiener Lebemann und seine lockeren Beziehungen zu allerhand Damen
1947 870 3240 920 einer ernsten Zeit zu sagen? Fällt es doch auch dieser Art „Wiener
1957 909 3251 966 Literatur“ zur Last, daß wir uns, wie in letzter Zeit politische Schriften
1957 946 3246 1008 vielfach darlegten, von dem österreichischen Volkscharakter ein
1954 987 3243 1045 ganz schiefes Bild machten, bis die kriegerischen Großtaten unserer
1954 1030 3250 1092 Tage diese durch einen seichten Feuilletonismus großgezogenen Vorurteile
1946 1076 2176 1155 zerstörten.
2007 1716 3010 1852 nung unter den
2014 1949 2609 2078 4540.
2192 2054 2908 2155 Theater Modern
2352 2125 2823 2221 (Kammerspiele.)
2035 2210 3131 2300 Suurde das Abschiedssouper) von Schnitzler.
2045 2277 3130 2360 atol in zu nuntil (Anatols Hochzeitsmorgen) von
2130 2341 2350 2396 Schnitzler.
2006 2368 2695 2460 Marturisirea (Das Geständnis).
2119 2415 3122 2501 Am Sonnabend eröffnete das „Theater Modern
2049 2480 3140 2538 seine Kammerspiele mit zwei reizvollen Einakter
2810 2518 3149 2585 nere
2041 2525 2727 2567 des Anatolzyklus von Arthur
2048 2561 3136 2625 zierlichen Stücke haben etwas liebenswürdig¬
2053 2598 3135 2653 graziöses. Es ist eine liebenswürdige Spielerei mit
2046 2633 3135 2690 Gedanken und Gefühlen, die eine reife, vielfach
2051 2670 3127 2729 überreife Kultur und eine Eleganz des gesellschaft
2062 2713 3131 2768 lichen Lebens voraussetzt, die nur in Wien auf¬
2048 2766 3140 2814 blühen konnte. Nur in Wien hat sich von der Tra¬
2056 2793 3140 2844 dition des Rokoko her die Kunst der eleganten
2056 2834 3141 2886 Plauderei erhalten. In der Atmosphäre des Salons
2059 2879 3140 2929 wogt der Rausch der getragenen Wiener Walzer,
2056 2903 3141 2962 sentimentale Heiterkeit. lächelnde, schalkhafte
2062 2947 3133 2997 Wehmut, verbunden mit einem eigenen Witz des
2056 2984 3138 3033 Gespräche und einem besonderen Reiz der Aus¬
2048 3026 3141 3072 drucksformen. Das dritte Stück des Abends „Das
2053 3070 3140 3115 Geständnis“ stellt einen dramatischen Stoff in un¬
2049 3101 3141 3157 zulänglicher Weise dar. Man war aber weniger
2053 3143 3143 3190 um der Stücke willen erschienen, sondern um Frau
2062 3182 3141 3230 Voiculescu in zwei denkbar entgegengesetzten
2056 3222 3138 3269 Rollen spielen zu sehen. Im ersten Einakter
2059 3259 3141 3309 Schnitzlers stellt sie eine kleine, durch ihren Lieb¬
2059 3296 3141 3347 reiz bestrickende Artistin vor, die beim Souper
2053 3345 3141 3395 ihrem reichen Liebhaber erklärt, sie nehme Ab¬
2053 3377 3131 3423 schied von ihm, um einem armen Genossen ihrer
2056 3415 3131 3465 leichtfüssigen Kunst zu folgen. Am Auge des Zu¬
2048 3452 3141 3523 schauers fliegen die unerschöpflichen Nüancen der
2053 3495 2840 3550 Lebenslust des Glückskindes vorüber.
2138 3502 3140 3584 Im „Geständnis“ fand sie Töne der Verzweiflung,
2056 3562 3135 3618 des inständigen Flehens, der Reue und Zerknir¬
2056 3610 3146 3656 schung. Daneben darf noch von Fräulein Zimmi¬
2053 3644 3144 3699 can gesagt werden, dass sie im mittleren Einakter
2059 3688 3135 3749 die Probe eines vielversprechenden Talentes e¬
2069 3727 2282 3796 reben hat.
2984 3720 3107 3791 A
