3436 4352
1370 163 1746 279 box 9/5
841 170 1190 296 Zyklu-
266 173 795 296 4.9. Anatol
1819 1074 2830 1164 werden sollen. D. gen Staatsbürger aber, welche
233 1101 778 1187 jeder von einen Wähler
1034 1087 1799 1190 echts, welcher das 24. Lebensjahr voll¬
795 1101 921 1194 lichen
1825 1154 2826 1210 heute kein Wahlrecht in irgend einer der bestehen¬
173 1127 771 1257 sollen. Aber noch in eine
1024 1170 1796 1234 und der wenigstens sechs Monate von
801 1180 924 1244 streckt
1832 1200 2830 1254 den vier Kurien besitzen, die werden keine doppelten,
795 1217 1796 1283 der Ausschreibung einer Reichsrathswahl in einem
1829 1247 2830 1310 sie werden blos einfache Wähler sein. Sie
163 1234 1796 1343 noch weniger zu begreifen, als Wahlbezirke wohnhaft ist, übt das Wahlrecht in
1819 1290 2823 1350 werden blos in der „Allgemeinen Wählerklasse
801 1313 1799 1377 diesem Bezirke aus, sofern er vom Wahlrechte nicht
1825 1340 2826 1403 wählen und werden nicht das Recht haben, in einer
170 1337 1796 1420 Also ohne Vergleiche, trocken und wegen eines Verbrechens oder eines schweren Ver¬
1825 1390 2720 1460 der vier Kurien zu wählen, die jetzt bestehen.
173 1406 775 1496 ist gar nicht schwierig, wie es
805 1403 1792 1473 gehens ausgeschlossen ist, oder aktiv im Militä¬
1922 1440 2820 1506 Zwei Kategorien von Staatsbürgern also
795 1460 1796 1530 dient, oder in der Armenversorgung steht, oder
1825 1470 2830 1553 Die Kategorie der Doppelwähler und die
795 1496 1792 1573 endlich im Gesindeverbande steht und mit den
1822 1533 2833 1599 Kategorie der Einzelwähler. Die Kurien
186 1556 1573 1616 heute Wähler ist für das Ab¬ Dienstherrn in Hausgenossenschaft lebt.
1825 1583 2830 1656 bleiben für die Einzelwähler verschlossen; dagegen
891 1576 1792 1689 Mit dieser letzteren Einschränkung haben wir
180 1613 771 1679 Reichsrathes, wählt, falls er
1822 1633 2833 1692 aber wählen die Kurienwähler auch mit den Einzel¬
170 1643 1719 1709 landtäflicher Großgrundbesitzer da also das allgemeine Stimmrecht.
1835 1732 2833 1796 dieser Anklagen, die sich nachher auch als verleumderische
805 1742 1809 1802 Ein Fabrikantenssohn will eine Schusterstochter heiraten!
1829 1782 2840 1839 erwiesen, im Entferntesten zu prüfen, eilten die Eltern des
196 1766 532 1869 Liebesheirat.
798 1789 1802 1845 Unglaublich! Und nun offenbarte es sich, daß im bürger¬
1829 1825 2840 1889 jungen Mannes mit einer Liste, welche die angeblichen
808 1839 1805 1905 lichen Prozenthum Vorurtheile wurzeln, nicht minder stark
203 1825 781 1919 ist bekanntlich auch eine Art
173 1875 2836 1958 Guckkasten, darin in bunter Fülle als die des blaublütigen Adels. Wir haben unlängst erst Liebhaber der Schusterstochter namhaft machte, nach Wien
1829 1925 2833 1978 und tauchten in dem Momente vor dem jungen Paare auf
805 1928 1802 1992 die erbauliche Kunde vernommen, wie die fürstliche Famili¬
170 1948 781 2012 ukeln, die zwar nicht künstlerisch
176 1968 2836 2048 das Gepräge voller Wahrhaftigkeit Rohan einen ihrer Angehörigen in Acht und Bann that, da dasselbe im Begriffe war, in der St. Rochuskirche vor
1832 2022 2836 2075 den Traualtar zu treten. Der Bräutigam sollte an ge¬
808 2028 1802 2088 weil er es gewagt, eine Bürgerliche zu ehelichen, und wie
180 2048 775 2118 ist natürlich ein Einzelfall, aber
1835 2062 2840 2121 weihter Stätte in seiner tiefsten Empfindung verletzt, das
801 2075 1812 2128 diese hochadelige Gesellschaft ihn und seine Frau und
166 2088 778 2148 auch typischen Gehalt in sich; es
173 2101 2840 2194 aglicht auf bestimmte Gesellschafts= Kinder in Elend und Noth verkommen ließ. Das der Mädchen vor aller Welt entwürdigt werden! Das war die
1839 2168 2836 2218 Absicht dieses Schrittes. Man denke sich nun die Lage des
808 2165 1802 2228 artige Vorurtheile noch bei jenem Adel im Schwange sind
180 2188 775 2244 deren intimste Anschauungen und
1839 2204 2840 2268 jungen Mannes! Er hat, um sein geliebtes Mädchen heim¬
805 2211 1802 2281 der auf eine historische Vergangenheit zurückblickt, ist be¬
190 2234 781 2291 ein Fall hat sich dieser Tage von
1835 2254 2840 2321 zuführen, alle Familienbande zerrissen. Und nun wird in
173 2261 1802 2334 gerichte abgespielt, ein Fall, der alle greiflich. Dieser Adel nimmt ja noch thatsächlich im staat¬
166 2301 2840 2401 chen Familiendramas aufweist. Da lichen und gesellschaftlichen Leben eine bevorzugte Stellung einem feierlichen Moment von seinen eigenen Eltern gegen
1835 2347 2836 2407 seine Braut eine furchtbare Beschuldigung erhoben, die
811 2364 1809 2424 ein. Das Bewußtsein, einem alten Geschlechte anzugehören,
180 2371 781 2424 Fabriksstadt ein reicher Fabrikant,
1832 2394 2843 2454 wohl geeignet ist, selbst eine noch so tiefe Liebe zu ent¬
808 2404 1805 2464 verleiht überdies einem solchen Adeligen ein Gefühl der
183 2417 778 2480 seinem Ort. Er hat einen voll¬
1832 2441 2836 2504 wurzeln. Dieses Mädchen, das Du durch ein heiliges Band
811 2447 1802 2510 Ueberlegenheit, das keineswegs völlig unbegründet erscheint
170 2467 781 2537 seits die Geschäfte des Hauses leitet
1832 2490 2836 2544 an Dich fesseln willst, so wurde ihm zugerufen, dieses
170 2494 1805 2560 liebt sich in ein armes, schönes Wie anders ein Fabrikant, dessen einziger Vorzugstitel
811 2534 2836 2607 sein Geldsack ist! Wenn ein derartiger Mann von einer Mädchen ist eine Dirne! Wir haben einen Beweis hiefür
163 2564 785 2623 reines Schusters. Er findet Gegen¬
163 2584 2833 2683 ten anfangs die Sache als Liebelei Mesalliance spricht, weil sein Sohn eine Schusterstochter Diese Liste, welche die Namen jener Männer enthält, die
1839 2640 2371 2713 sich ihrer Gunst erfreut haben!
811 2637 1812 2710 heiratet, so ist derselbe eine durchaus lächerliche Figur, die
173 2657 785 2730 ichts einzuwenden. Es ist ja für
1928 2663 2833 2736 Und alle diese Verleumdungen wurden mit einem
176 2693 1254 2790 prießlich, wenn er, bevor er eine zur Satire herausfordert.
1835 2723 2840 2783 so ergreifenden Akzent der Wahrheit dem Bräutigam
180 2743 778 2806 geht, sich ein klein wenig austob
1839 2773 2843 2830 ins Gesicht geschleudert, daß der Pfarrer, der dem Herzens¬
904 2746 1809 2869 Als eine solche Gestalt erscheint unser mährischer
173 2793 788 2866 Töchter der Proletarier gut genug
1832 2823 2833 2869 bündniß die religiöse Weihe geben sollte, wie er bei der
170 2813 1001 2913 ssohn gehörte nicht unter die Fabrikant.
901 2830 2843 2926 Daß sein Sohn den Gedanken fassen konnte, eine Gerichtsverhandlung erklärte, unwillkürlich dachte: „Die
163 2886 785 2966 städtischen jungen Lüstlinge, wie
1835 2913 2840 2966 Braut hat einen so schönen Körper und doch eine so
811 2926 1809 2979 Schusterstochter zu heiraten, erschien ihm als ein schweren
180 2929 781 3002 dert. Er war kein Anatol
1839 2956 2840 3019 schlechte Seele." Der Bräutigam aber ließ sich nicht be¬
818 2969 1805 3032 Schlag gegen sein Ehr= und Standesgefühl. Er setzte daher
173 2979 785 3062 pensationen" zu sammeln, nicht
1835 2999 2840 3062 irren. Sein Glaube an die Reinheit des Mädchens blieb
170 3012 1799 3076 ven. Er hatte das Herz am alle Hebel in Bewegung, um die Ehe zu hintertreiben. E
1835 3056 2836 3109 unerschüttert. Die Trauung wurde denn auch vollzogen.
808 3059 1802 3132 jagte den Sohn aus dem Hause. Er enterbte ihn. Und al¬
166 3069 778 3142 digte der altfränkischen Anschauung
1842 3102 2840 3162 Diese merkwürdige Szene vor der Trauung war es, die
170 3102 1805 3182 n, welches man liebt und dem man all dies nichts fruchtete, griff er zu einem letzten Mittel
1839 3149 2836 3209 zu einem gerichtlichen Nachspiel führte. Die junge Frau
170 3155 1815 3225 auch dann heiraten müsse, wenn es das jede feinere Empfindung empören muß. Es fanden sich
176 3192 2840 3272 Schusterstochter ist. Er machte auch nämlich gute Freunde, die ihm hinterbrachten, daß die klagte jenen „guten Freund" des Fabrikanten, der die
1839 3235 2840 3298 Liste verfertigt hatte, wegen Ehrenbeleidigung. Sie hatte
811 3249 1805 3312 Braut seines Sohnes mit verschiedentlichen Männern in
180 3265 781 3332 Absicht kein Hehl. Daraufhin allge¬
176 3282 2840 3411 Entrüstung im väterlichen Hause! intimmen Beziehungen gestanden. Ohne die Stichhältigkeit die Genugthuung, daß bei der Verhandlung alle Anklagen
565 3365 2085 3441 Hiezu ein Einlagsbogen mit dem „Wiener Familien-Journal".
