3436 4352
252 152 616 264 4.9. An¬
826 164 1201 264 Zyklus
1383 178 1735 267 box 9/4
626 1173 1218 1271 HEMSTREET
652 1254 1187 1323 96 WARREN STREET
700 1311 1147 1385 NEW YORK CITY
909 1418 1085 1494 WORLD
604 1537 1521 1622 This Weeks Openings
980 1673 1163 1742 MONDAY
516 1716 1635 1777 PHILIP GOES FORT," a comedy by George Kelly, which will
552 1763 1634 1835 be brought to light at the Biltmore by the producer known
549 1822 1637 1885 as Laurence Rivers, Inc. The players include Thals Lawton,
549 1865 1637 1927 Marion Barney, Cora Witherspoon, Dorothy Stickney and
549 1923 807 1979 Madge Evans.
524 1946 1639 2023 SITA," a drama of India adapted from an ancient Hindu epic,
554 2004 1639 2073 will be the opening bill of the Hindu actor-manager, Sisir
554 2060 1634 2118 Kumar Baur, and his company of native players. After a
557 2092 1646 2168 long postponement, they come to the Vanderbilt under the
555 2146 1314 2206 auspices of the India Academy of America.
992 2194 1171 2260 TUESDAY
533 2222 1640 2310 TOMORRO AND TOMOROW, a play by Philip Barry, pre¬
561 2291 1647 2353 sented by Gilbert Miller at Henry Miller's Theater. In the
561 2344 1646 2417 cast are Herbert Marshall, Zita Johann, Pat Brien, John T.
561 2391 1059 2467 Doyle and Harvey Stephens.
1016 2418 1166 2512 FRIDAV
528 2468 1649 2555 ANATOL, a revival of Arthur Schnitzlers cycle of one act
561 2546 1647 2605 comedies, adapted into English by H. Granville-Barker and
564 2584 1653 2651 presented at the Lyceum by Bela Blau. Joseph Schildkraut
569 2641 1647 2696 plays the name part; others involved are Walter Connolly,
573 2672 1654 2763 Miram Hopkins, Patricia Collinge, Anne Forrest and Ruthlme
564 2731 766 2791 Stevens,
1885 535 2463 630 HEMSTREE
1913 619 2439 680 96 WARREN STREET
1948 666 2405 752 NEW YORK CITY
1958 778 2284 868 NY TIMES
2104 842 3036 1007 VIENNESE CAPRICE
1877 1057 3231 1147 Schnitzler’s Anatol” Reappears in a Ver¬
1906 1151 3215 1233 sion Hooping to Approximate the Original
1972 1239 3243 1318 FTER nearly twenty years, Ar¬ righteousness its due, he wrote that
2001 1302 3243 1346 thur Schnitzler's graceful pic- he himself and some of his acquain¬
1996 1344 3227 1396 ture of a Viennese idler and tances had enjoyed seeing "Anatol.
1882 1344 1968 1425 1.
2601 1380 3248 1449 In its own country Anatolis
1999 1383 2550 1437 his love affairs, "Anatol," is
2577 1428 3253 1473 not without honor. Appreciating it
1877 1427 2541 1468 to be performed again in New York-
1882 1466 3243 1511 this time in a straight, un-British as an expression of the spirit of their
1882 1508 3252 1563 version. That is, it may be called city in the period of its most graceful
1880 1547 3243 1597 un-British because it will lack the charm, the Viennes have cherished
1889 1594 2548 1632 "Oh, I says" and "Really, ole
2577 1584 3248 1656 the play as something peculiarly
2572 1630 2769 1685 their own.
1880 1632 2539 1682 chaps" and "Frightfully sorres
2596 1644 3250 1728 Anatol" is the first piece of sus¬
1882 1677 2553 1725 and other specimens of Londonese
1882 1709 3246 1766 which made the John Barrymore tained writing that Arthur Schnitzler
1879 1756 3252 1811 production of 1912 anything but attempted. And it still remains the
1880 1799 3252 1851 reminiscent of the coffee-houses and work most typical of his attitude and
1885 1839 3252 1889 parks and romances of Alt Wien- manner which are the quintessence
1889 1875 2246 1942 old Vienna, to you.
2574 1879 3253 1923 of what is called Wienerblut. The
1910 1922 3246 1968 Winthrop Ames was the sponsor of son of a renowned Jewish physician,
1880 1954 3245 2013 this first American production of Schnitzler studied medicine and ra¬
1880 1999 3243 2054 Anatol." But when he presented it ceived a degree in 1885. While ser¬
1882 2044 3243 2098 at the Little Theatre on Oct. 14, ving in a hospital and later while
2574 2077 3248 2130 engaged in private practice, he wrote
1882 2089 2544 2136 1912, the playor series of plays
1882 2125 3248 2179 rather was called "The Affairs of poems and skits for the literary pub¬
1880 2163 3250 2224 Anatol," for no presently discover lications. During this time he was
1873 2199 3260 2251 able reason except, perhaps, for the slowly preparing the sequence of
1873 2242 3136 2298 same reason that the words of playlets concerned with Anatol.
2601 2275 3255 2336 The first performance of any of
1873 2291 2544 2344 Broadway were added to the title
2574 2325 3246 2374 these playlets was on July 14, 1893,
1873 2334 2544 2386 The Royal Family when that pla
1882 2368 3260 2424 was made into a talking picture; the when the "Farewell Supper scene
1873 2406 3246 2467 title was more explicit and therefore was performed privately. A few
2574 2453 3248 2501 weeks later the hypnotism scene was
1880 2458 2210 2518 more showany.
1927 2470 3243 2556 Anatol" was the name Schnitzler also privately acted in Berlin, Eman¬
2572 2529 3252 2581 uel Reicher playing Anatol. The
1880 2548 2544 2598 gave to the sequence of episodes
1880 2569 3243 2629 Anatol was the name under which play was published that year and at¬
2572 2610 3240 2662 tracted considerable attention, al¬
1877 2629 2544 2674 Granville-Barker brought out hi¬
2572 2653 3243 2713 though it came a long way from se¬
1877 2667 2544 2722 English paraphrase of it, and "Ana¬
1877 2688 3024 2755 tol" is the title by which the sequence ting the Danube on fire.
1880 2751 2553 2796 will be presented by Bela Blau on
2586 2727 3240 2812 The young medico-literary man
1882 2798 3243 2845 Friday evening at the Lyceum. The met a reverse in December, 1893.
1873 2838 3241 2886 longer title was alliterative and came when "Das Märchen, the first of
1877 2877 3240 2929 tripping off the tongue, but, like the his plays to be given public presenta¬
1882 2922 3243 2969 play as a whole (as then presented), tion, proved to be a complete failure
1882 2960 3240 3005 it was not quite justified by the and was withdrawn after two per¬
1877 3000 2039 3060 original.
2565 3000 3245 3055 formances. But, after the success of
1901 3007 2548 3084 In several instances, the hand of
2577 3048 3248 3084 Liebele" in 1895, Schnitzler was es¬
1877 3067 3240 3138 a Nice Nellie was evident in the ver¬blished firmly as a favorite play¬
1877 3122 2544 3165 sion which New Yorkers first saw
2574 3122 3246 3172 wright of Vienna, and "Anatole was
1877 3164 3248 3221 on that remote Autumn evening, later produced in its entirety with
1880 3203 2822 3257 Despite the glossing over of cer¬ high success.
1882 3246 2543 3295 tain passages a bit of a teacup tem
2596 3248 3243 3296 Joseph Schildkraut is playing the
1873 3281 2543 3338 pest was aroused by "Anatol" in 1912
2572 3288 3246 3340 title rôle in the more or less un¬
1873 3326 3246 3383 People said as they have said so abridged production that now im¬
1877 3362 2544 3416 many times before and since that
2574 3371 3236 3421 pends. Perhaps there is some sig¬
1877 3410 3246 3457 such things should not be allowed on nificance in the fact that he has come
1882 3452 3236 3500 the stage because they were nicht für from the talkies to act the part first
1873 3491 3233 3545 kinder. Maybe not, retorted the ad performed here by John Barrymore,
1873 3533 3240 3579 herents of the play, but what about who since that time has gone over to
2569 3572 3240 3626 the pictures and remains there. And
1882 3572 2091 3628 the adulta?
1903 3614 3234 3679 When John Barrymore played Ana¬ then again, perhaps there is no sig¬
1880 3659 2862 3705 to THE NEW YORK TIMES called it nificance at all.
1877 3695 2551 3740 a very smart entertainment and
2596 3679 3243 3760 When Mr. Barrymore played Anatol
1882 3738 3240 3792 explained that the affairs of the title his friend and confidant, Max, was
1882 3779 3240 3835 were affairs of the heart, or what played by Oswald Yorke. That rôle
1882 3823 3236 3876 passes for it in the peculiarly sensi¬ is now in the capable hands of Walter
1880 3864 3236 3916 tive organism of this highly bred, Connolly. Doris Keane was the rav¬
1882 3907 3243 3954 idle, rich young man. For to have enous Mimi, in which oyster-eating
1873 3942 3240 3992 had such affairs, amid such surround- part Miriam Hopkins will now ap¬
1877 3985 3243 4030 ings, Anatol must have been one of pear. Isabelle Lee was the Lona of
1877 4026 3243 4080 the aristocracy of wealth, if not of the original New York production.
1880 4066 3252 4116 brains. And a bit of a blackguard. This lady who so nearly interferes
1977 4109 3240 4162 this same Anatol-the sort of with Anatole wedding is now to be
