3436 4352
274 149 1005 240 4.9. Anatol-
1391 140 1751 233 box 9/4
1373 856 2087 947 intéressante — ou d'en parler trop
1373 919 2090 986 brièvement au profit d'œuvres
1366 947 2072 1015 beaucoup moins significatives
1364 1000 2097 1053 présentation au public d'Anatole
1373 1034 2082 1109 coincidait avec deux autres gran¬
1373 1071 2086 1149 des premières, et le théâtre de
1365 1110 2081 1176 l'Avenue en a pati !... Il nous of¬
1361 1141 2078 1209 frait pourtant un spectacle d'une
1358 1198 2081 1253 qualité rare, et d'une saisissante
1358 1225 2104 1309 originalité. Il se compose d'une sé¬
1352 1270 2078 1323 rie de petits tableaux, vivants, pit-
1361 1300 2078 1360 toresques, prement incisifs au
1355 1333 2077 1397 cours desquels le héros, Anatole, un
1361 1373 2073 1446 Wiennois d'avant la guerre, subit
1355 1408 2084 1471 bien des avatars sentimentaux, en
1352 1470 2077 1522 compagnie d'un ami, Max. Tour à
1352 1489 2068 1559 tour amoureux de femmes différen¬
1364 1531 2064 1593 tes, Cora, Gabrielle, Ilona, Annie,
1349 1555 2066 1637 Anatole veut rompre avec cette der¬
1346 1613 2070 1671 nière, l'invite à un souper d'adieu
1346 1645 2067 1713 sans cesse renouvele; car l'amant
1346 1682 2063 1747 n'ose point déclarer ses intentions
1346 1724 2056 1792 à sa maîtresse ! Alors, pour se don¬
1343 1766 2058 1823 mer du courage, il se fait escorter
1346 1800 2039 1855 de l'ami Max. Vaine précaution
1343 1833 2057 1908 Annie, ce soir-là, arrive en retard,
1349 1874 2056 1948 prend l'offensive, proclame sa vo¬
1344 1922 2058 1992 lonté de « plaquer » Anatole au pro¬
1343 1954 2055 2028 fit d’un tiers, et sur-le-champ, voici
1340 2004 2054 2060 notre faible héros furieux, boule¬
1337 2037 2059 2103 versé, suppliant son amie de ne
1343 2071 2060 2136 point l'abandonner. Vous pensez si
1334 2104 2055 2163 Max, témoin de la scène, s'en don¬
1337 2147 2049 2206 ne à cœur joie ! Cette esquisse si
1334 2190 2047 2258 cocassement et véridiquement hu¬
1337 2229 2052 2292 maine et suivie de quelques autres :
1334 2269 2051 2320 La Frousse, Les achats de Noël, Le
1334 2306 2056 2364 matin du mariage, d’une verve
1328 2337 2054 2414 d'une fantaisie, d’une observation
1331 2387 2059 2465 égales. Je vous le répète : un spec¬
1327 2416 1852 2476 tacle d'une rare saveur !
1370 2460 2034 2520 Fort bien mis en scène, il a trou¬
1328 2494 2035 2557 vé en Mme Andrevor, Hupka,
1322 2531 2033 2606 Dagmar-Gérard, Scherbane, en MM.
1325 2567 2034 2634 Louis Raymond, Denay, des inter¬
1322 2616 2033 2681 prètes fins, précis, spirituels à mi¬
1319 2664 2041 2734 racle. Il faut aller voir Anatole, au
1313 2691 1733 2766 théâtre de l'Avenue.
