3436 4256
339 183 1277 293 4.9. Anatol - Zyklus
1463 184 1816 284 box 9/1
1979 640 2100 722 Degen.
1830 631 1950 724 a un
1582 686 2483 804 Noler Stimmen, Innsbruck
1330 749 1761 847 Ausschnitt aus:
1340 858 1500 920 vom
1724 981 2090 1091 Stadttheater.
1430 1054 2459 1141 „Wiges und sein Ring. Eine Tragödie in 5
1335 1127 2465 1180 Akten von Fr. Hebbel. Es sähe fast so aus, als wollte
1337 1179 2465 1237 unsere Theaterleitung den moralischen Faustschlag, den
1345 1227 2467 1297 sie mit der Aufführung des „Anatol ausgeteilt hat,
1337 1278 2462 1340 durch „Gyges und seinen Ring wieder gut machen,
1332 1327 2465 1391 wenn nicht aus den Ankündigungen auf den Theater¬
1337 1376 2460 1434 zetteln zu ersehen wäre, daß sie zwar eine Wieder¬
1340 1423 2463 1483 holung des Faustschlages vorhat, während erst abzu¬
1332 1476 2470 1526 warten ist, ob auch „Gyges und sein Ring“ wiederholt
1340 1523 2470 1577 werden wird. Aber auch gesetzt den Fall, daß man
1340 1571 2467 1624 Hebbels Tragödie, wie zu hoffen ist, nicht schlechter
1337 1619 2470 1685 behandlet als Schnitzlers Pornographie, muß auf die
1346 1668 2462 1722 Eigentümlichkeit des Verfahrens hingewiesen werden,
1337 1718 2476 1779 das da eingeschlagen wird. Es geht doch nicht an, daß
1337 1768 2482 1817 man einem heute schön tut, um ihm morgen eine
1335 1810 2476 1892 Ohrfeige geben zu können, oder daß man ihm nach
1349 1861 2467 1926 jeder Ohrfeige schön tut, damit er sich nicht beklage.
1336 1915 2476 1973 Auf unseren Fall übertragen heißt das: Das Schwei¬
1352 1967 2472 2034 gen über die Schmach einer „Anatol"-Aufführung läßt
1346 2006 2476 2074 sich durch keine noch so vorzügliche Aufführung von
1340 2061 1933 2136 Hebbels „Gyges" erkaufen.
1438 2074 2482 2160 Die Tragödie sollte eigentlich nicht „Hyges und
1355 2158 2459 2218 sein Ring" heißen, hieß auch ursprünglich nicht so
1352 2202 2467 2269 sondern „Rhodope“. Denn nicht Geges ihr Held,
1332 2251 2470 2312 er findet nicht einmal den Tod. Nur die Freude an
1337 2310 2475 2362 der wohlgelungenen Gestalt mag den Dichter bewogen
1340 2354 2470 2414 haben, sein Werk nach ihr zu benennen Rhodope aber
1345 2405 2476 2457 ist die tragische Heldin, mit ihr hat Hebbel auch der
1343 2453 2462 2524 keuschen Frauenseele ein herrliches Denkmal gesetzt,
1340 2502 2478 2554 ein Denkmal deutscher Art. Während Herodot, der
1340 2552 2475 2603 Gewährsmann des Dichters, erzählt, Gyges habe nach
1337 2590 2475 2646 der Ermordung des Kandaules seine Frau mitsamt
1330 2646 2476 2714 dem Königreich in Besitz genommen, während fran¬
1349 2699 2473 2761 zösische Bearbeiter den Stoff ins Komische wendeten,
1346 2741 2469 2802 erblickte Hebbel nach echt deutscher Weise in der ver¬
1345 2786 2475 2841 letzten Scham des Weibes den Keim zu einer Tra¬
1346 2841 2475 2898 gödie und Rhodope gibt sich bei ihm selbst den Tod,
1346 2885 2479 2947 da sie, obwohl entfühnt, ihr gewaltsam beflecktes Da¬
1352 2934 2476 2998 sein nicht länger zu ertragen vermag. Die Geschichte
1345 2992 2475 3040 mit dem Ring fand Hebbel bei Platon und verwendete
1349 3034 2476 3096 sie äußerst geschickt für seine Tragödie, indem er die
1346 3086 2476 3158 zwei Lesarten über den Untergang des Kandaules in
1349 3139 2169 3205 geistvoller Weise miteinander verband.
1443 3158 2476 3240 Die samstägige Aufführung war vor allem getra¬
1348 3227 2465 3298 gen von dem erfolgreichen Bestreben, die „vorge¬
1358 3282 2480 3342 schichtliche und mythische Handlung glaubhaft zu ma¬
1345 3326 2476 3387 chen. Das ist zunächst Frau Speidel zu verdan¬
1326 3378 2482 3430 ken, die die geeigneten Töne fand, den Schmerz des
1320 3485 2449 3570 vorher sorglos zurückgezogenen Weibes nach dem rö¬
1326 3550 2446 3613 hen Eingriff in sein heiligstes Gefühl zum erschüttern¬
1325 3603 2449 3671 den Ausdruck zu bringen. Nicht minder gut gelang
1322 3664 2449 3720 es Herrn Reymer im Laufe der Begebenheiten vom
1329 3695 2449 3756 Jüngling, der in seiner Unschuld errötend nach den
1325 3747 2446 3814 Sklavinnen der Königin schaut, zum wissenden Manne
1327 3786 2446 3858 heranzureifen, der sich der aufgeladenen Schuld be¬
1323 3842 2443 3906 wußt, bereit ist, sie mit dem Tode zu fühnen. Auch
1320 3893 2446 3961 Kandaules wird ein anderer. Neuerungssuchtig zuerst
1314 3942 2453 3994 und im Kriege mit Herkommen und Sitte, richtet er
1314 3986 2449 4047 zum Schlusse an Gyges die Mahnung: „Nur rühre
1316 4043 2303 4099 nimmer an dem Schlaf der Welt!" Mit Herr
1323 4086 2323 4154 der diese Rolle gab, ging dieselbe Wandlung
2364 4096 2447 4151 vor
