3484 4256
1378 191 1728 290 box 9/3
257 194 1076 296 4.9. Anatol - Zyk
1764 320 2957 410 des damals ach so jungen Dichters, der uns leider die
1770 395 2951 451 schönen Versprechungen seines Anfangs nicht gehalten
1764 451 2951 502 hat. Käthe Dorsch, die Silberpoliererin, die den jungen,
1773 493 2951 550 in die Atmosphäre der Kultur sich zurücksehnenden
1773 544 2951 595 Künstler nicht halten kann, die ein Kind von ihm er¬
1773 583 2954 643 wartet und es ihm verschweigt, weil sie ihm den Ent¬
679 538 1348 685 Klose & Seidel
1773 643 2957 694 schluß nicht erschweren darf, gab eine rührend innige
739 643 1307 739 Bureau für Zeitungsausschnitte
1770 682 2948 736 Gestalt. Verdiente die Wiederaufnahme von Hirschfeld¬
682 700 1369 819 Berlin NO. 43, Georgenkirchplatz 21
1767 730 2951 795 „Müttern“ in den Spielplan Dank, so soll nicht An¬
1782 771 2954 834 stand genommen werden, zu sagen, daß man uns mit
1773 825 2951 876 dem „Anatole nun gefälligst für immer verschonen
1354 831 1456 924 3
1776 864 2954 930 möge. Also das gab es einmal, daß man dies Getue und
670 849 1271 981 Zeitung Wiener Tag
1779 918 2945 972 Gehabe mit der widerlichen Nachsteigerei eines drohnen
676 930 792 1011 Ort:
1779 966 2957 1023 haften Lebejünglings als Kunst genoß! Was ist das für
1776 1011 2954 1070 eine nichtsnutzige Verschlamptheit im Fühlen und
679 999 864 1100 Datum:
1005 993 1423 1115 14. FEB. 1922
1776 1061 2957 1121 Handeln! Wer ist dieser Herr Anatol? Hat er was
1776 1106 2957 1169 gelernt? Rechtfertigt er seinen Anspruch auf eine ge¬
1779 1148 2963 1211 ordnete und eingeordnete Existenz durch irgendeinen
783 1076 1346 1274 Hallionen Those
1776 1196 2990 1256 bürgerlichen Beruf oder, da er doch wohl das glückliche
1785 1250 2966 1307 Unglück der Unabhängigkeit hat, durch anständige
676 1256 1764 1363 Beim Suchen nach wirkungsvollen Stücken kam
1788 1295 2969 1363 Lebensführung? Den Menschen, deren soziale Stufe
583 1295 1764 1411 das Kleine Schauspielhaus auf Georg Hirschfeld¬
1788 1346 2969 1405 unterhalb dieses Bereiches eines parfümierten Sexual¬
583 1384 1755 1465 „Mutter", kamen die Kammerspiele auf Schnitzler¬
1788 1390 2969 1450 lebens liegt, muß das Blut wallen, wenn sie sehen und
583 1426 1755 1513 „Anatol. Es war ein freundliches Wiedersehen mit der
1782 1432 2969 1501 hören, wie hier ein geschminktes Parasitentum breit
586 1477 1755 1546 „Müttern", es war mit „Anatol“ ein Abend des Ver
1791 1480 2963 1543 aufgemacht wird und gar noch verlangt, als eine Blüt¬
583 1525 1764 1597 drusses. Das Stück von Hirschfeld, das etwas über
1788 1537 2972 1594 des ästhetischen Lebensgenusses gewürdigt zu werden.
595 1573 2972 1639 fünfundzwanzig Jahre alt ist, hat schon jetzt historische Es ist die Tragik des Dramatikers Schnitzler, daß sein
592 1624 1764 1683 Geltung. Schon wir Heutigen sehen es nicht mit der
1788 1627 2975 1683 großes Talent aus den Nöten der Sexualität kaum je
586 1671 2990 1728 Gewißheit an, einen Ausschnitt aus der Wirklichkeit vor herauskommt. Im „Reigen" findet er wenigstens den
583 1710 1764 1782 uns zu haben, sondern wir erleben den aparten Rei¬
1797 1707 2975 1779 Weg der Ueberwindung durch Leiden und Widerwillen,
586 1767 2975 1827 einer vergänglichen Betrachtung, die aber einmal eine im „Anatol" sucht er diesen Weg nicht einmal.
595 1812 1767 1875 starke zeitbedingte Realität war. Das will sagen: so als
1791 1815 2975 1875 Anatol, der sich in der Nacht zum Hochzeitsmorgen ein
595 1860 1773 1929 sahen unsre naturalistischen Dichter vor einem Viertel¬
1803 1857 2981 1923 Frauenzimmer nach Hause geschleift hat und den sein
601 1905 1770 1982 jahrhundert Welt und Menschen an. Es gibt keine
1803 1902 2990 1973 Freund Max von diesem vermutlich auch äußerst süßen
589 1958 1773 2015 Bürgschaft dafür, daß wir sie zur Stunde richtiger an¬
1797 1955 2981 2024 Mädel erst frei machen muß, damit er zur Trauung
601 1994 1773 2066 sehen, wenn sie uns anders erscheinen. Nur eben ander¬
1797 2003 2975 2066 nicht zu spät komme, das ist einfach eine Ferkelei. Das
598 2045 1761 2111 sehen wir sie. Das Stück ist aus der Periode der Vorder
1794 2051 2975 2117 liebe Publikum aber lacht und freut sich. Man kann es
598 2096 1770 2159 haus- und Hinterhausperspektiven. Hier Bürgertum
1803 2099 2987 2174 verstehen, wenn geistige Menschen das Theater
595 2141 1776 2204 diesmal kleinbürgerlich nuanciert, hier die proletarische
1803 2159 2024 2237 nen.
601 2189 1779 2254 Welt. Das gibt Kontraste und Ausgleichungen, die
2565 2174 2939 2281 Max Leiter.
592 2240 1803 2314 Wirkung kommt aus der warmherzigen Menschlichkeit
789 2533 1375 2670 Klose & Seidel
2216 2521 2811 2688 Klose & Seidel
786 2628 1375 2718 Bureau für Zeitungsausschnitte
2219 2667 2799 2751 Bureau für Zeitungsausschnitte
750 2646 1630 2784 Berlin N. 43, Georgenkirchplatz
2162 2706 2996 2817 Berlin No. 13. Georgenthal /
1011 2790 1369 2903 .
733 2808 951 2900 Zeitung:
2138 2811 2924 2966 Zeitung: Berliner Tageblatt
736 2888 846 2963 Ort:
2147 2906 2266 2987 Ort:
1044 2912 1289 3035 16
742 2942 924 3050 Datum:
2144 2975 2329 3068 Datum:
2562 2969 2921 3098 FEB. 1922
736 3142 1633 3289 In den Kammerspielen sah man gestern abend
2036 3184 3196 3325 de Kammerale de Brutschen Theol. in Schnit=
715 3229 1633 3319 — in Schnitzlers „Anatol" — einen neuen
1982 3247 3178 3376 lers „Anatol gab Louis Rainer, den Max. Soweit diese
706 3271 1627 3358 Vertreter des Max: Herrn Luis Rainer. Dieser
1985 3307 3187 3418 Aufgabe als liebenswürdige Resonanz der Titelrolle das Entfalten
703 3319 1597 3406 Max ist eigentlich keine ganz angenehme Aufgabe
712 3352 1645 3447 ist Folie für Anatol, der Funke, an dem dessen
1982 3340 3193 3456 eines Könnens gestattet und einen vorläufigen Blick darüber erlaubt,
709 3385 1639 3480 Witz sich entzündet, der personifizierte gute Kerl, die
1985 3403 3172 3501 zeigte Herr Rainer nur angenehme Talente: un eschminkter Dialekt
715 3427 1642 3537 Fleisch gewordene Freundestreue. Thimig hob ihn
1979 3436 3163 3546 und schlakelignettes Benehmen kamen aus einem Wiener Herzen
721 3462 1647 3576 zu einem selbständigeren Leben und zu einer von Haus
1982 3468 3163 3579 die melancholische Ueberlegenheit verriet schauspielerische Intelligen,
709 3507 1656 3597 aus ihm nicht beschiedenen Eigenart empor, und
1985 3516 3157 3627 und eine Atmosphäre von Güte die er in das tändelnd verwehend
727 3552 1653 3657 Herr Rainer strebte (auf anderem Weg) dem glei¬
1979 3552 3163 3687 Spiel trug, bezeichnete die Brücke, die vielleicht zu seiner weiteren
1973 3597 2275 3690 Begabung führt.
721 3591 1653 3696 chen Ziel zu. Er war minder knurrig, seine spöt¬
724 3627 1653 3726 tische Ueberlegenheit war in Wohlwollen einge¬
730 3666 1659 3767 wickelt; er war ein bißchen ruhiger Beobachter, der
736 3720 1662 3812 die Dinge laufen läßt und neugierig amüsiert zu¬
742 3755 1650 3848 sieht, wo sie enden werden, und er war freundlich
745 3797 1662 3890 Teilnehmender, der sich mit Philosophie gegen
739 3830 1665 3929 Ueberraschungen wappnet. Seine Bühnensicherheit
748 3872 1671 3974 seine Beherrschtheit und sein warmes, klangreiches
1519 3914 1656 3980 —
724 3926 1304 4045 Organ machten ihn sympathisch.
