3392 4256
376 197 905 298 4.9. Anatol
1105 207 1310 324 klu-
1507 215 1860 327 box 8/5
898 1022 2199 1095 Wirkung der Szene liegt der ganze Zauber. Und so wirkt auch
890 1089 2189 1141 meistens die ins Schnitzlersche Werk verflochtene Historie. Rein
903 1134 2192 1201 illustrativ. Bildbeilagen zum Schauspiel. Diese Szenen stehen im
898 1182 2191 1240 Stück wie Steine in einem Strom. Das Drama fließt um sie in
897 1232 2191 1300 langgewundenen flachen Schleifen herum, statt daß es durch sie ein
903 1282 2189 1343 stärkeres Gefälle bekäme. Zeitkolorit und Stimmung ist wohl da.
907 1333 2191 1408 Aber das hätte sich mit weit geringer Aufwand an Menschen,
898 1378 2186 1434 Episoden und Szenenbildern erzielen lassen müssen. Einzig der Napo¬
902 1431 2194 1484 leon, der im Hintergrunde wetterleuchtet, macht die Atmosphäre des
902 1475 2189 1538 Stückes gefährlich, gespannt. Aber auch das bewirkt nicht des Dichters
902 1530 2195 1605 Kunst, sondern die Assoziationen, die der Name im Bewußtsein des
892 1574 1250 1645 Hörers frei macht.
973 1614 2189 1709 Ein paar starke Eindrücke trägt man von der langen romantischen
895 1683 2189 1750 Historie davon. Lebensmitte, Mannesalter: das spürt man als die
898 1735 2192 1805 primäre Zelle der ganzen Empfindungswelt dieses Werkes. Zwischen
893 1795 2187 1857 zweierlei Angst ist es eingebettet. Zwischen der Angst vor den Un¬
898 1833 2134 1893 gewißheiten und dem Un=Sinn des willenden, wollenden Lebens
892 1880 2184 1943 und der Angst vor dem Sinn und der Gewißheit seines Endens.
907 1933 1885 1989 Zwischen Jugendsehnsucht und Todesgrauen liegt es.
985 1984 2182 2054 Ein stark romantischer Zug waltet vor. Ein trotziger, ohn¬
892 2018 2186 2099 mächtiger Trieb zur Selbstgestaltung des eigenen Schicksals. Ein
898 2088 2179 2160 Versuch, über Tod und Leben, Größe und Kleinheit, Wollen und
895 2132 2191 2195 Können das aufhebende Zeichen eines fatalistischen Lächelns zu setzen.
892 2184 2191 2246 Der Stärke wird gehuldigt, dem Bewußtsein eigenen Wertes, als
895 2239 2189 2292 der einzigen Möglichkeit, sein Leben zu leben und den Tod zu dulden.
895 2287 2189 2353 Die schrullenhafte Ordnung, in der irdisches Geschehen abrollt, wird
889 2334 2189 2394 gezeigt, die sonderbar verzwickten Rösselsprünge von Ursache zur
895 2389 2189 2441 Wirkung, die „die Hand des Verhängnisses" schlingt, und die erst
902 2431 2187 2492 historisches Betrachten künftiger Geschlechter oder genial=perspektivisches
890 2495 1553 2562 Sehen eines Dichter=Auges auflöst.
981 2529 2189 2601 Das scheinen, in gedrängtester Kürze, die abstrakten Grundlinien
902 2596 1486 2648 im neuen Schnitzlerschen Dram¬
1540 2593 2189 2658 Es ist kein Meisterwerk; aber das
893 2643 2189 2718 Werk eines Autors, der schmer aft genau fühlt, wie die Meisterschaft
895 2694 1463 2768 aussehen müßte; und nach best
1501 2698 2106 2772 Kräften Annäherungswerte gibt.
985 2793 2187 2864 Das Riesenkind der Schnitzlerschen Muse wurde im Burgtheater
895 2861 2189 2916 wahrhaft fürstlich herausstaffiert. Eine lange Reihe zierlicher, intimer,
890 2907 2189 2962 vornehmer, farbenfroher Szenenbilder rollte ohne Stockung ab, und
902 2956 2182 3013 der Spielereien für Erwachsene gibt es eine weihnachtliche Fülle.
898 3009 2186 3056 Manches, so die Bastei=Szene, sieht allzu niedlich und geschleckt aus.
902 3052 2194 3112 Man hat da wirklich die Empfindung: Riesenspielzeug. Nach Schluß
892 3110 2197 3170 der Szene wird alles, samt Herrn Gerasch, in eine große Schachtel
895 3148 1574 3232 gepackt und auf den Schrank gestellt.
2077 3242 2189 3348 1267
