3484 4352
1356 163 1716 273 box 8/4
246 166 754 277 4.9. Anato
747 180 1003 298 y
170 1156 616 1232 ralen hofften in Liver¬
650 1156 1792 1242 Von den Iren am Halse gewürgt, wolle das Kabinen
1827 1180 2028 1284 beginnen.
166 1214 623 1284 ben mit der höchsten
657 1232 1796 1294 sich in den Wahlen zu einer selbständigen Majorität durch¬
654 1294 2837 1391 künstlerischer und wohl auch poetischer sind, hat niemals er kam. Artur Schnitzler schrieb die „Liebelle¬
2865 1163 2955 1401 .
654 1381 1685 1464 ein liebenswürdigeres geschrieben als den „Anatol.
2889 1387 2972 1446 die
1827 1374 2844 1453 „Grünen Kakadu", den „Schleier der Beatrice
173 1370 619 1481 ustrie=Zeitung",
1823 1422 2865 1495 „Dämmerseelen", den „Medardus. Alle diese Werke
737 1429 1789 1509 Freilich, als dieses liebenswürdige Buch damals er¬
163 1457 612 1550 von Wien.“ Ein
1827 1477 2865 1547 sammen haben schließlich auch den Anatol berühmt
661 1484 1789 1560 schien, ging es ihm, wie es den liebenswürdigen Büchern
1827 1533 2854 1588 macht. Mit der Zeit ist daraus eine Art Werther
650 1550 1782 1599 im Anfang meistens geht: Es blieb unbeachtet. Es
163 1526 609 1630 in Baurat Inge¬
1827 1585 2318 1654 Jungen Wien geworden.
644 1588 1785 1657 drängte sich nicht auf, bettelte nicht um Notizen, anti¬
1900 1599 2955 1685 Daß dieser Werther lacht, ist das Wienerische an ihm.
190 1605 554 1706 Seite 25 bis 27.
650 1633 1782 1695 chambrierte nicht in den Vorzimmern der Mächtigen. So
1816 1647 2962 1730 Im übrigen ist er ebenso subjektiv gefärbt, wie es die
650 1688 1782 1754 ließ man es liegen, wo es eben lag, und das Geschäft
1820 1716 2958 1772 Goethesche Gestalt zu ihrer Zeit war. Wie Werther der
650 1730 1789 1796 des Tages ging daran vorüber. Auch sein Inhalt war
159 1730 612 1844 Romans „Rudolf
1820 1768 2958 1834 junge Goethe, so ist Anatol der junge Schnitzler — in
650 1785 1782 1844 ja schließlich kein solcher, daß man davor hätte stehen
1816 1810 2955 1868 einem gewissen Abstand natürlich. Diese Figur ist eine
640 1834 1782 1889 bleiben müssen. Sieben zärtliche Abenteuer des zärtlichen
156 1813 585 1913 Prany. Seite 24.
1820 1858 2958 1917 Vase, gefüllt mit der eigenen Jugend. Das macht den
650 1875 1789 1934 Helden Anatol lieferten den Stoff zu sieben kleinen, nur
1823 1906 2951 1962 Reiz des Anatol aus und begrenzt zugleich seine Be¬
650 1931 1789 1993 durch die Figur des gemeinsamen Helden in eine lose
1816 1951 2958 2014 deutung. Denn wenn der Anatol sich selbst einen Typus
173 1931 398 2041 ton.
647 1979 1775 2034 Verbindung gebrachten Einaktern. Es war das Genr
1816 2003 2962 2055 nennt, so tut er damit sich un ins ein bißchen unrecht.
640 2024 1782 2079 des sogenannten Proverbs, das ein halbes Jahrhundert
1813 2045 2958 2104 Wohl ist er wie so viele junge einer ein „leichtsinniger
657 2073 1782 2128 früher Musset in Frankreich kreiert hatte. Man ließ sich
1820 2097 2951 2156 Melancholiker. So nennt er sich ja, und damit hat er
644 2114 1782 2183 diese Proverbs sehr gerne gefallen, wenn sie von Musse¬
159 2111 616 2214 im Wiener Büchermark
1816 2138 2958 2204 recht. Aber diese leichtsinnigen Melancholiker sind darum
640 2169 1782 2228 oder einem anderen Pariser verfaßt waren und im alten
170 2187 616 2256 jenen, der den zugleich
1820 2190 2948 2246 noch keine Anatols; was ihn von jenen unterscheidet,
650 2214 1782 2280 Burgtheater gespielt wurden. Daß das auch ein Wiener
190 2228 619 2287 Anatol trug. Ein
1820 2242 2948 2297 ist eine Kleinigkeit: daß er nämlich ein Dichter ist.
647 2273 1778 2329 machen könne, glaubte man nicht recht, wollte es nicht
190 2277 619 2342 führte sich damit ein,
1816 2280 2955 2346 „Mein kleiner Dichter," sagt Cora, seine erste dramatische
654 2311 1778 2380 glauben. Es waren ja dazumal polemische Zeitläufte, ein¬
176 2329 616 2394 er, der sein Knaben¬
1820 2332 2948 2394 Gesponsin, zu ihm: und sie hat das Richtige heraus¬
650 2370 1782 2422 neue Kunst wurde ausgerufen, ein neuer Frühling pro¬
173 2380 619 2432 amen Loris barg, gab
1823 2377 2951 2436 gefunden, obwohl sie nur ein kleines süßes Mädel ist.
647 2419 1778 2467 klamiert, und man wollte nichts wissen von dem neuen
194 2425 612 2481 Wie klangen sie nur
1810 2429 2948 2491 Anatol ist wirklich ein Dichter — einer von der liebens¬
647 2464 1778 2522 Frühling, behandelte ihn als ungebetenen Gast. „Und
176 2470 612 2553 re über dem Eingang
1820 2477 2951 2529 würdigen Sorte, ein Dichter, der nicht schreibt. Ein kleiner
640 2508 1772 2574 wenn man den Frühling neu entdeckte," sagt Anatol zu
1816 2529 2948 2588 Musset, geht er in den Straßen Wiens spazieren, läuft
650 2560 1778 2640 seinem Freunde Max gleich auf einer der ersten Seiten
1813 2567 2951 2626 den hübschen Frauen nach und philosophiert mit seinem
644 2609 1782 2671 des neuen Buches, „man würde auch an ihn nicht
1823 2619 2948 2682 Freunde Max in Dämmerstunden über die Liebe. Er ver¬
647 2650 1772 2716 glauben. Trotz der grünen Bäume, trotz der blühenden
176 2619 346 2737 tung.
1810 2671 2948 2730 dankt, wie schon der französische Vorname verrät, fran¬
640 2699 1778 2765 Blumen und trotz der Liebe...." Was die Ernsthaften
1813 2716 2893 2782 zösischen Einflüssen sein Dasein; außerdem aber auch
173 2723 394 2823 Gestern.
640 2758 1778 2803 betrifft, so hatte er sicher recht. „Weibergeschichten!" sagten
1816 2758 2948 2823 und das mag paradox klingen — dem alten Burg¬
647 2803 1775 2854 die, mit einem unfreundlichen Blick auf das neue Buch
176 2792 612 2865 Loris, hat in seinem
1816 2810 2948 2868 theater. Anatol ist nämlich ein Dichter, weil sein Vorbild
640 2851 1772 2913 und gingen weiter. Sie lasen es zwar nicht, aber si¬
159 2844 616 2913 pllere und bedeutendere
1816 2861 2948 2910 ein Dichter war; er ist aber auch eine Theaterfigur, weil
644 2899 1772 2955 mißbilligten es von Grund aus. Die Frauen jedoch, die
176 2896 616 2969 Adel, tieferem Inhalt
1816 2906 2944 2965 sein Schöpfer ein geborener Dramatiker war. Die Schule
640 2944 1778 3003 in Sachen der Kunst die feinere Nase haben, die Künstler
211 2944 616 3007 Er hat niemals ein
1810 2951 2941 3017 dieses jungen, werdenden Dramatikers war das alte Burg¬
640 2996 1772 3055 und die Jugend waren anderer Meinung. Sie lasen da¬
173 2983 619 3062 als diese Einleitung zum
1810 3000 2948 3062 theater. Da hat auch Anatol gehen, lächeln und sich im
640 3041 1778 3111 liebenswürdige Buch um seiner Liebenswürdigkeit willen
170 3041 616 3100 r, der Dichter so vieler
1803 3055 2948 3104 Dialog bewegen gelernt. Manchmal drückt dieser junge
170 3093 1782 3145 er uns seither so viele und auch wegen der Versprechungen für die Zukunft, die
1813 3093 2951 3152 Lebemann sich trotz einem Pariser aus; auch sein Freund
170 3142 2951 3239 verzweigter, raffinierter, es enthielt. Sie mitterten den konnenden Dichter. Und Mar übrigens. Ich rüche dich, so gut ich kann. Freund
