3392 4320
1148 201 1575 296 box 42/3
296 200 969 303 Miscellaneous
902 634 1353 733 Seite 12
899 757 2084 828 rich Mann, Fulda, Einstein, Hauptmann usw. Zu
905 818 2085 874 diesen gegönnten Ohrfeigen des völkischen Blattes kämen nun
905 856 2084 933 die wirklichen des judischnationalen, nur daß diese eigenen
905 896 1362 970 nur rückwirkende sind.
1289 945 1708 1022 Reinster Teufelsspuk!
1007 1001 2084 1075 Finden wir da in einem deutschen Blatt einen längeren
911 1062 2088 1115 Artikel mit der Ueberschrift „Ein Wort über Ruma¬
911 1085 2088 1156 nien.“ Natürlich lesen wir ihn. Wir lesen ihn sogar mit
920 1128 2085 1195 besonderem Interesse. Denn es ist von der Judenfrage in
917 1162 2085 1235 Rumänien die Rede. Aber je mehr wir in der Lektüre des
923 1202 2084 1273 Artikels fortgeschritten sind, desto mehr wächst unser Be¬
920 1236 2091 1313 fremden. Es ist davon die Rede, daß man dem vielgeplagten
917 1287 2087 1362 Rumänien großes Unglück zufügt und für die jüdische Sache
917 1323 2079 1394 nur noch größeres Unheil stiftet, wenn man über die antise¬
923 1363 2084 1437 mitischen Vorfälle schimpft.“ Die Studenten werden als „halb¬
926 1403 2091 1474 reife Stürmer" (?) hingestellt, die „von der ungarischen
918 1443 2097 1529 Kultur beleckt, Läden plündert und Wohnungen demoliert.
923 1483 2091 1557 ohne jedoch — hört das Verdienst! — ohne jedoch irgend¬
927 1522 2091 1590 einen pekuniären Nutzen daraus zu ziehen.
932 1559 2092 1635 Man kann sich nun gar leicht vorstellen, zu welchen Folge¬
929 1600 2104 1674 rungen der Autor kommt. Es sei unmöglich, meint er, „den
926 1638 2097 1715 rumänischen Exzessen von einem Tag auf den anderen Halt
929 1698 2089 1749 zu gebieten.“ Sollen wir noch weitere Zitate servieren:
935 1720 2100 1791 Wozu Es hieße in der eigenen Wunde wühlen; denn der
935 1763 2106 1832 Autor, der fern vom Schuß, noch weiter prügeln lassen zu
1368 1800 2107 1859 — Jude. Und das Blatt, das diesen
933 1819 1332 1877 müssen meint, er ist
929 1841 2106 1914 unsinnigen Gewäsch eines Söldlings seine Spalten öffnet, es
946 1879 2100 1952 ist jüdisch. Den Namen des Autors zu nennen, ist nicht
933 1918 2110 1992 wichtig. Wohl aber der Name des Blattes: Es ist das
940 1961 2042 2039 „Leipziger Jüdische Familienblatt", das
938 1995 2109 2072 seiner Nummer vom 3. Februar l. J. den zitierten Artikel auf
938 2044 2053 2106 der ersten Seite bringt. Es ist ein jüdisch nationales Blatt.
943 2098 1350 2157 Reinster Teufelsspuk!
1281 2153 1794 2230 Ein fachmännisches Urteil.
1032 2196 2112 2279 Eine Wiener Tageszeitung, die jüngst einige der unmög¬
940 2251 2113 2325 lichsten Phantasien des Ehepaares Ludendorffs wiedergab,
940 2291 2112 2367 bemerkt dazu: Es ist nicht ironisch gemeint, wenn man diese
940 2338 2118 2403 und ähnliche Sätze als Aeußerungen einer geistigen
940 2365 2118 2440 Erkrankung bewertet. Ludendorffs Gehirn und Nerven
949 2409 2118 2472 waren durch vier Jahre einer fast übermenschlichen An¬
939 2455 2128 2523 spannung ausgesetzt, auf welche die seeli he Erschütterung
946 2486 2126 2558 durch den Zusammenbruch folgte. Nun scheint er zu allem
946 2532 2118 2601 noch unter dem Einfluß einer krankhaft fana¬
951 2573 2121 2638 tischen Frau von sehr mäßiger Intelligenz
946 2601 2123 2671 und Urteilskraft geraten zu sein. Der Fall könnte aus¬
949 2644 2126 2715 schließlich die Nervenärzte interessieren, wenn nicht der Name
958 2682 2129 2755 Ludendorff in manchen Kreisen Deutschlands noch immer eine
951 2725 2128 2798 gewisse Autorität besäße. Dieses Urteil ist um so bemerkens¬
952 2765 2125 2839 werter, als es die „Reichspost“ fällte, die ja für geistige
955 2816 1628 2872 Erkrankungen kompetent sein muß.
1051 2881 2045 2956 Soeben in zweiter verbesserter Auflage erschienen!
1174 2931 1928 3018 Pracht-Haggada schel Pessach
1380 2996 1720 3064 mit Riesenlettern.
964 3036 2140 3114 Uebersetzt und erläutert von Dr. Philipp Schlesinger
1375 3088 1723 3154 und Josef Güns.
1063 3132 2143 3194 Zu dem früheren reichhaltigen Inhalt sind noch mehrere
969 3176 2140 3237 Zugaben (Vorschriften für die Vorbereitungen des Pessach¬
972 3230 1423 3287 festes hinzugekommen.
1096 3256 2014 3327 Mit vielen farbigen Doppelbildern.
1979 3289 2141 3360 S 10.—
964 3309 1565 3377 Preis in effektvollem Einband
2029 3340 2134 3392 14.—
974 3358 1554 3428 Ausgabe B auf Büttenpapier
1060 3388 2152 3456 Durch sämtliche Buchhandlungen zu beziehen und vom
970 3445 1106 3516 Verlag
995 3468 2141 3555 Jos. Schlesinger, Wien I., Seitenstettengasse 5.
1048 3593 2048 3726 MÖBELFABRIK
1665 3834 1999 3914 SIUM.
1043 3883 2053 3973 WIEN, 2. BEZ, PRATERSTRASSE NR. 30
1040 3942 2206 4041 Reiche Auswahl soll gearbeite
1040 3994 2209 4101 Atelier für Innendekoration, stets große Auswahl von Me
