3392 4320
1763 56 2699 162 den der
1515 53 1733 147 2. Sta¬
410 98 1485 158 Die von Koehl geäußerte Absicht, mit der „Bremen
2718 83 3296 192 er von den der
293 101 2049 195 nach Deutschland zurückzufliegen, rief in Amerika ungeheures Auf- Schulkindern begrüßt werden.
2838 154 3304 222 „Herr Doktor, ist das
304 195 1496 252 sehen hervor. Wenn es der „Bremen“=Besatzung gelingt, ihre Absich
2718 195 3308 256 es wird gehen?" Und nun spiel
1590 177 2646 289 Auch Exkronprinz Wilhelm gratuliert.
297 248 1500 301 zu verwirklichen, so würde der Flug Berlin— New-York — Berlin die
2721 244 3308 304 letzten Aktes. Spielte sie göttlich
1782 267 2436 346 Privattelegramm des „Neuen Wiener Journals,
297 293 1500 350 größte fliegerische Leistung darstellen, die bisher vollbracht wurde.
2718 301 3315 361 wieder! Sie kommt nicht wieder
2304 301 2661 391 Rom, 21. April.
297 342 1500 395 In New-York ist alles für den Empfang der deutschen Flieger
2718 342 3304 413 geschleuderte, sich gegen Gott a
297 387 1496 440 vorbereitet. Riesige Absperrungen werden vorgenommen, damit die
1628 353 2695 436 Exkronprinz Wilhelm, der sich zurzeit in Italien auf
2838 391 3304 459 Tieses Schweigen. Dann
293 402 3315 492 Landung nicht durch Menschenmassen behindert wird. Ein großes hält, sandte an Freiherrn v. Hünefeld, der früher sein und sagte: „Sie hätten wahrsche
293 481 3300 541 Aufgebot von Polizei und Militär wird für Ruhe und Ordnung Adjutant war, folgenden Glückwunsch: „In herzlicher Freude und schieden. Wenn mir dieses uns
297 530 3289 598 sowie geregelte Abwicklung des Verkehrs sorgen, da man mit Bewunderung über den siegreichen Ozeanflug, grüße ich mit Ihnen geworden wäre, als ich die
297 571 2947 639 einem ungeheuren Andrang rechnet. In New-York befestigen meinen alten, treuen Freund, den tapferen Flugzeugführer Koehl führen ließ.
293 628 2718 703 seit gestern Arbeiter an jedem Laternenpfahl der Fisch= und den mutigen irischen Begleiter mit treuesten und aufrichtigsten
2838 605 3304 688 „Aber, Herr Doktor (erw
289 669 1718 740 Avenue Schilder mit den Aufschriften: Willkommen Kohl, Wünschen.
2718 662 3296 729 zitternder Stimme), jetzt müssen
2718 729 3308 789 schreiben. Wenn's wirklich war
2830 767 3296 853 Artur Schnitzler versprach
2718 793 2992 895 Wochen später.
387 740 2695 940 Girardi spielt vor Artur Schnitzler
2947 831 3304 1060 Kinderstu.
932 932 2135 1131 seine letzte Rolle.
2823 1022 3293 1131 Eine neue Berl
3157 1124 3296 1240 Hella
1015 1139 2011 1252 Persönliche Erinnerungen.
1455 1229 1545 1319 Von
2827 1222 3293 1327 Ein eher kleiner als ge¬
2721 1282 3300 1376 Wunder birgt: manchem arme
1150 1297 1864 1410 Berta Zuckerkandl=Szeps.
2714 1357 3296 1413 Kinde wird er ein Paradies,
2718 1402 3296 1462 sein, darin er alle Köstlichkeiten
395 1406 2695 1504 Zehn Jahre sind es her, daß Girardi gestorben ist, dieser Muritaten" (Girardi pflegte meinen Namen stets Berta aus
2718 1451 3285 1515 Raum, kaum fertig noch, erst
289 1481 1940 1549 einzigartigste, seltsamste, geheimnisvollste, kindlichste und tiefste zusprechen) vorzutragen,
2721 1492 3300 1549 hell und lustig ausgestattet, bi¬
282 1541 1488 1594 Lustigmacher, den vielleicht je die Welt gekannt hat. Seit den
1620 1504 3289 1609 Es waren der Sünden viele, die ich, allerdings immer Erwachsene sich bis dahin nicht
297 1590 3281 1650 Jahre 1880, noch ehe Girardi seine grenzenlose Popularität unterstützt von meinen Anklägern, begangen hatte. So die was soll man an erste Stelle
289 1635 1488 1691 erlangte, hatten mein Vater Moritz Szeps und meine Mutter Amalie
1515 1635 3278 1703 betrübende Tat, geschehen im Verlauf einer großen politischen rings um das Zimmer laufen,
286 1684 1496 1737 den jungen, noch ganz weltfremden, in Gesellschaft sehr schüchternen
1522 1688 3259 1740 Soirée, die mein Vater Abgeordneten und Ministern gab und durch die man wählen kann,
282 1733 1488 1789 Komiker freundlich ausgenommen. Ich war damals der Kindhei
1515 1733 3296 1789 bei der wir Jungen uns fürchterlich langweilten. Ich beredete werteste auf der Welt erscheint
282 1782 2710 1834 kaum entwachsen und durfte nur bei besonderen Anlässen bei den Girardi, mit mir in das Souterrain hinabzusteigen, da ich vor
2830 1774 3300 1838 Oder aber — ist's wicht
1515 1834 2699 1883 hatte, den Gasometer abzudrehen, um auf diese Weise unerwartete
304 1827 1488 1883 „Großen" im Salon erscheinen. Aber gleich während seines ersten
2729 1819 3293 1891 Schränke alle unverschlossen si¬
286 1864 3289 1932 Besuches erwählte mich Girardi zu seiner Freundin und Vertrauten. Leben in die Gesellschaft zu bringen. Aber ich stand der Sache diesem Paradies gibt keinen
1515 1921 3281 1985 dilettantenhaft gegenüber. „Wozu bin i denn ein Schlossergsell kein kategorisches: „Du mußt
282 1928 1492 1992 Nachdem er gegen 12 Uhr mittags in einem feschen Fiake¬
289 1977 1402 2037 angefahren war, und als er in der so gütigen Atmosphäre,
1515 1977 3296 2033 g’wesen?" sagte Girardi und drehte sachkundig den Gasometer nicht!", das das besungene W
282 2018 3285 2079 zu verbreiten meiner Eltern herrlichste Gabe gewesen ist, seine ab. Nun mein Vater strafte mich damals, indem ich bei Menschen erst durch die ver
286 2064 3289 2131 Salonangst vergessend, noch um ½2 Uhr keine Miene machte, sich der nächsten Girardi=Premiere zu Hause bleiben mußte. Was läßt. Im Gegenteil hier bist
1515 2112 3281 2176 die zweite Muritat nicht verhindern konnte, die Girardi viel erzogenes, viel belehrtes
282 2116 1492 2180 zu empfehlen, wurde er einfach in das Speisezimmer mitgenommen
1515 2161 3285 2225 ebenfalls an meinem Geburtstag besang. Ich hatte eine du willst, darfst aus den Schr.
282 2173 1492 2221 Es war bei uns Sitte, offene Tafel zu halten. Mittags und
286 2206 3289 2274 abends fanden unerwartete Gäste stets ihre Gedecke bereit: Wette abgeschlossen. Nämlich, daß es mir gelingen würde, allein, ohne Hilfe eines Erwe
293 2270 3293 2342 „Gengan S',“ flüsterte mir Girardi zu, „i möcht nicht bei die Girardi auf der Bühne von einer Loge aus derart aus der umstürzen — sie sind so
3003 2300 3300 2376 darfst Schrän¬
286 2300 2845 2372 noblen Leut sitzen. Nehmen S' mich mit zur Gouvernant." Ich Kontenance zu bringen, daß er während eines Couplets stecken kannst
286 2345 3289 2417 und meine Geschwister saßen am untersten Ende des Tisches. Wir bleiben müsse. Girardi ließ keine Gelegenheit vorübergehen, wenn deshalb Schiefertafeln statt
282 2398 3293 2462 machten diesem Mittagessen nicht viel Ehre. Denn selbst „Made ich im Theater war, mich durch versteckte Anspielungen und dein Spielzeug verwende
286 2451 3289 2515 moiselle" war es unmöglich, Kontenance zu bewahren. So eine Extempores zu necken. Ich wollte mich revanchieren. Und so nahmen willst, darfst es zerbrechen, da¬
1507 2500 3293 2556 meine Schwester und ich im Theater an der Wien die Parterre, lassen und bist nicht einmal ge¬
286 2507 1233 2579 unsinnige Hetz trieb ganz im stillen unser Kasperle.
1515 2552 3281 2605 loge neben der Bühne, die den Blicken des Publikums wenig das Gebrauchte schön ordentlich
395 2541 2703 2654 Von diesem Tage an, viele viele Jahre hindurch, gab es ausgesetzt ist. Ich zog statt Abendschuhe meine hohen Reitstiesel¬
2830 2601 3270 2665 Erwachsene zur Aufsicht
282 2627 3266 2695 keinen Sonntagnachmittag ohne Girardi. Und zwar war es mein an sich war eine gute Reiterin). Damals, von den langen Röcken sichern, mehr der begleitenden
282 2676 1488 2736 und meiner Schwester Jour, den wir Erlaubnis hatten, in unseren
1515 2699 3270 2751 geschützt, blieb es unbemerkt; ich zog in der Loge den einen Kinder selbst wegen; damit sie
289 2721 1485 2778 Appartement abzuhalten. In dem kleinen Palais in der Liechten
1515 2744 3285 2800 Röhrenstiefel aus und schob ihn auf den linken Arm, statt eines überhaupt nicht einmischen. T
293 2770 1485 2834 steinstraße, das mein Vater lange, ehe es allgemeine Sitte wurde
1515 2785 2695 2849 Handschuhes, und stützte darauf poetisch den Kopf. Girardi spring
2721 2781 3285 2845 soll ihnen ungeschmälert gehöre
282 2830 3285 2887 als Familienheim in einem lieben Garten erbaute, herrschten wir, aus der Kulisse, intoniert ein Couplet; bei der zweiten Strophe haben, sie daraus zu vertreiben
289 2868 1488 2924 die Jugend, unumschränkt. Als bald darauf Emil Zuckerkandl
1515 2890 3281 2962 sieht er mich, ich winke ihm mit dem Stiefel. Er glotzt, bleibt zu sagen: „Das kannst du nich
278 2921 1488 2973 der eben in Wien, kaum neunundzwanzigjährig, zum außerordent
1511 2928 3255 2988 stecken, bekommt einen Lachkrampf und geht ab. Später hat er mußt!", keiner, der schelten,
286 2973 1485 3048 lichen Professor ernannt worden war, in unseren Kreis trat und
2725 2981 3285 3048 dürfte. Und merkwürdigerweis
1507 2973 2699 3045 sich so photographieren lassen in dem Moment, da er verzweifel
282 3007 1488 3071 in seiner Art ebenso übermütig, ebenso von kindlich strahlenden
1515 3033 2018 3108 auf den Kapellmeister blickt.
2718 3022 3233 3097 vor. „Die Kinder sind
286 3060 1488 3116 Heiterkeit wie Girardi, sich mit diesem innig befreundete, da wurde
1620 3078 3278 3131 Zum fünfzigsten Geburtstag meines Vaters überraschten wir sie kümmert; sie vertragen
289 3105 1488 3161 uns eine Spanne Zeit von reinster, liebster, unendlicher Heiterkeit
1507 3105 2695 3184 ihn mit einem Festspiel auf unserer Hausbühne. Und zwar wurd
2718 3127 3285 3184 Spielzeug nicht streitig, un
286 3157 1485 3210 V. K. Schemberg in dem von Moritz Szeps gegründeten und zu
1507 3169 3240 3225 eine Redaktionskonferenz dargestellt. Ein Brauch, den Moritz Szeps Betriebes, war es halbe
289 3199 1488 3259 Weltruf gebrachten publizistischen Organ war der Vorkämpfer vor
1507 3221 2695 3274 eingeführt hatte, um, wie er sagte, im direktesten Kontakt mi
2721 3217 3289 3285 sie kaum im Nebenzimmer hört
286 3251 1492 3311 Richard Wagner, von Dostojewski, der auf die Bildung von
1515 3266 2695 3323 seinen Mitarbeitern zu bleiben. Girardi spielte meinen Vater
2721 3266 3285 3323 versichert die Aufsichtsdame. „
282 3293 1492 3349 meiner Schwester und mir starken Einfluß gewann; dann Kar
1511 3319 3278 3394 In einer so außerordentlichen Maske und Haltung, daß, als er die eigenen Eltern kamen, be
282 3349 1481 3417 Weiß, später C. Karlweiß, der Volksstückdichter, und die Hohen
1511 3360 2879 3417 vor der Vorstellung die große Treppe herunterkam, selbst wir, die vorging.
289 3398 1049 3469 sels vervollständigten den Sonntagskreis.
1504 3413 2703 3473 Kinder, getäuscht auf ihn zueilten. Tewele gab ebenfalls in aus¬
2823 3390 3289 3466 Die Spielstube hat einen
395 3435 3285 3526 Jedes Jahr hielten Girardi, Emil Zuckerkandl und Karl gezeichneter Maske den hervorragenden Mitarbeiter, berühmten Kindern gutes, geschmackvolles
1515 3511 3281 3567 Journalisten und treuesten Freund Dr. Bertold Frischauer. Die zugänglich zu machen, dem wa
282 3477 1488 3575 Weiß eine Sitzung ab, in der die besondere Art beschlossen
1515 3552 2695 3608 parodistische Szene zwischen Girardi und Tewele war genial¬
2718 3552 3270 3608 auch von dort bezogen werden.
286 3552 1488 3616 wurde, meinen Geburtstag zu feiern. Ich erinnere mich an einer
289 3593 3281 3661 dieser Geburtstage Girardi hatte aus dem Garderobefundus des Improvisation. Als mein Vater in einem seiner allwöchentlichen geheuren Wichtigkeit des Spiel¬
2721 3654 3281 3714 Gelegenheit zu schaffen, Kinde
1515 3654 2699 3706 Besuche bei Kronprinz Rudolf ihm davon erzählte, ruhte dieser
282 3654 1488 3714 Theaters an der Wien farbige Fracks gebracht. In Kniehosen und
1507 3699 3278 3751 nicht eher, bis wir ihm aus dem Gedächtnis einen Teil des Nirgends kann man die kindlich
293 3702 1481 3766 roten, grünen, lila Habits trat das Trio ein. Girardi zo
2710 3747 3255 3815 wie beim Spiel, durch nichts
1515 3744 1936 3815 Dialogs rekonstruierten.
289 3744 1492 3815 gravitätisch einen dicken Strick aus der Tasche Zuckerlandl und
2718 3800 3281 3860 beeinflussen. Und so wird m
1613 3766 2691 3856 Erst meine Verheiratung löste den Girardi=Kreis. Ich über
297 3793 1485 3860 Karl Weiß hielten mich. Ich wurde an einen Sessel festgebunden
1515 3826 3278 3902 siedelte nach Graz. Aber gleich bei unserer zwei Jahre später die Anlagen des Kindes
289 3849 1488 3905 Worauf Zuckerkandl die Gratulation darbrachte. Dann began
293 3890 3184 3977 Girardi in einem von Karl Weiß verfaßten Couplet „Bertas bereits erfolgten Rückkehr nach Wien stellte sich der alte Freundes aufhören zu schenken
