3344 4320
308 204 983 308 Miscellaneous
1168 204 1589 312 box 42/3
228 864 690 979 DO
737 891 1701 1010 O
2032 929 2252 1018 A
2896 945 3197 1057 E
1523 979 1944 1049 HERAUSGEBER,
2005 987 2514 1060 FRANZ GODSTE
212 1006 3274 1184 GRATSBELLAGE DER WIRTSCHAFTSKORRESPONDENZ FÜR POLEN VON 4.
2071 1249 2267 1346 über
2005 1330 2318 1423 Uznach
675 1211 1920 1450 Von Heliane
2395 1265 2680 1477 zu
2803 1265 3185 1489 on
1971 1404 2348 1508 Broadway
347 1458 1249 1577 1928 — Vient de paraître.
1408 1462 3278 1596 Muse aus dem Dancing zu hören, ohne an das Wunder zu stisches Lügengestammel, sondern
1419 1542 1581 1604 glauben
725 1527 1377 1620 Wien-Hietzing, bei Jahreswechsel.
2622 1569 3297 1631 dell'arte, dem tänzerisch-schöpferise
1489 1554 2607 1647 Herrlich bleibt das einzigartige Orchester, der leuchtende
2696 1608 3282 1674 Im Mittelpunkt steht ein Ta¬
274 1593 2607 1689 Go. Zwei neue Opern vor allem sind es, deren Bekannt- Glanz der Streicher unter der hingebungsvollen Direktion
2626 1623 3289 1701 Paulsen, eruptiv gestaltet. Har¬
208 1635 2607 1724 schaft schon seit einiger Zeit reizte und Anlaß wurde, nach Schalks. Die Chöre zeichneten sich nicht nur durch musika¬
2622 1689 3282 1755 eigentlich heißen, denn mit weichen
212 1685 3282 1778 Wien zu fahren. Erich Wolfgang Korngold's „Wunschen, sondern auch in der Bewegung glücklichen Fluß aus, vom Rhythmus besessen, sich ver
201 1731 1392 1789 der der Heliane“ in Hamburg uraufgeführt, gleich de
1419 1751 3289 1816 wie die Gesamtregie Dr. Lothar Wallersteins; Roller's Bühnen-orgiastischem Tanzrausch, da läß
201 1774 3289 1855 „Toten Stadt“, hatte mich gelegentlich der Wiener Première bilder und Kostüme hatten vollendeten Geschmack. Das Werk fassen. Ich hatte auf den eigenartig
204 1809 3282 1897 bereits bewogen, einen Flugplatz zu belegen, aber der Respekt stellt im Gegensatz zu anderen, neuzeitlichen Opern bühnen zwei Jahren gelegentlich Nelions
201 1851 2287 1917 vor den Düten war größer, als die Sehnsucht nach dem technisch und szenisch geringe Anforderungen.
2618 1886 3270 1940 am Kurfürstendamm hingewesen.
204 1886 1388 1967 Wunder, und so verzögerte sich die Bekanntschaft mit Helian¬
1489 1893 3270 1974 Im Theater in der Josefstadt, der Reinhardt hat etwas ganz Eigenartiges, man
197 1924 532 1994 bis Weihnachten
1411 1928 3274 2025 Bühne, Wiens kultiviertestem Sprechtheater, sieht man eine schem Charme sprechen. Es ist
278 1963 3266 2059 Diese Oper ist die vierte Korngold's, mit der Pantomime französische Komödie, Desiré von Sascha Guitry, von von der Waterkannt, extra trocken,
193 2005 2429 2090 sein fünftes, und wenn man die Musik zu Shakespeare's „Viel Berta Zuckerkandl vorzüglich ins Deutsche übersetzt.
2615 2040 3286 2098 Wie ein angekurbelter Motor spricht
193 2048 1392 2129 Lärm um nichts hinzurechnet, eigentlich sein sechstes
1477 2044 3270 2140 Sascha Guitry ist der Pariser Kurt Götz, oder eigentlich drillt seine Girls im Jazz (zu den
201 2090 447 2152 Bühnenwerk.
1408 2113 3282 2183 müßte man sagen, Kurt Götz der Berliner Sascha Guitry, ein der Szene: Moonlight on the Gange
274 2098 2588 2213 Bereits die Balletpantomime „Der Schneemann", mit spielender Dramatiker, voll entzückend elastischer Lustspiel
2611 2163 3282 2210 das wirkt ganz elementar, wie der
197 2152 2591 2252 11 Jahren komponiert, an der Wiener Staatsoper uraufgeführt, technik, mit charmantem Dialog, reizend pointierten Raketen
2611 2202 3282 2267 prägt sich einem unvergeßlich ein
189 2206 1392 2267 bedeutete ein Wunder. Das Tänzerische dieser Musik reißt
1415 2233 2588 2294 gepflegt bis in die Fingerspitzen. In diesen petit riens geht es
2611 2248 3282 2294 daneben, daß Paulsen eine rei¬
189 2256 2580 2329 noch heute hin, ebenso die gleichzeitig entstandenen 7 Märchen- um die wechselseitige Gefühlsverwirrung infolge der Erkenntni
2611 2279 3282 2337 Haerlin, die allerdings in allem ein
193 2291 544 2352 bilder für Klavier.
1400 2314 2584 2368 der Dame, daß auch der Kammerdiener gleichsam ein Man¬
2607 2318 3266 2379 ist. Von den anderen Darsteller
266 2302 1381 2383 Die einaktige Lustspieloper „Der Ring des Poly¬
1404 2348 3278 2414 ist. Das reizendste Drum und Dran und die seiltänzerische zückende Girl Trude Brionnes zun
181 2352 1392 2426 krates" gehört zu den ganz wenigen, komischen Opern deut¬
1411 2391 2584 2449 Sicherheit, das Gewagte nie ins Unmögliche purzeln zu lassen
2607 2399 3270 2453 tackelte Chansonnette von Emmy
185 2414 3266 2487 scher Herkunft, die mit leichter Hand und fröhlichem Herzen bilden Sascha Guitry's Reiz. Wie kultiviert und graziös Kneipenwirt Artur Peisers und der
193 2456 2584 2541 geschrieben sind. Wenn man dieses Juwel etwa einmal in etwas in der Josefstadt gespielt wird, das kann man allenfall¬
2607 2476 3278 2526 Griegs, der übrigens in Maske, Ha¬
185 2491 1381 2545 München unter Bruno Walter mit der von gehört hat, be¬
1404 2514 2190 2572 nur noch in der Berliner Komödie erleben.
2607 2514 3282 2572 pierende Aehnlichkeit mit dem Sch.
189 2530 1381 2599 greift man nicht, warum es noch immer so wenig aufgeführ
2603 2557 3270 2615 heim besitzt. Diese Aufführung der
189 2568 293 2622 wird
2615 2595 3282 2669 gegeben, gehört zu den Sehen
258 2580 1392 2661 In höherer Gunst beim Publikum steht das Schwesterstück,
2607 2626 2780 2688 Theaters.
181 2634 1377 2699 der düstere Einakter „Violanta", bereits ein Meisterwurf
2680 2645 3255 2738 Eine amerikanische Sensation
181 2692 1377 2742 geschlossen, in dem die Jeritza kürzlich erst in New-York
2599 2684 3255 2761 Erfolg seit Jahren in U. S. A., der
185 2730 1384 2792 wieder triumphierte. Wohl das vollendetste, was Korngold bis
2599 2750 3270 2807 ist Dreimal Hochzeit (Able
1620 2730 2372 2834 Eine Morgenstunde
185 2769 1377 2827 dahin gelungen, ist die Schauspielmusik zu „Viel Lärm un
2607 2792 3282 2842 yorker Schwank in 3 Akten von
181 2811 1377 2865 nichts“, das ist transparent, voll klingender Erfindung und
2603 2827 3274 2884 Felix Salten. Ein jüdisches Rührsti
1577 2803 2410 2911 bei Arthur Schnitzler.
177 2854 1381 2908 scheint heute schon geschaffen, um zu bleiben, wie Mendelssohns
2599 2873 3274 2927 Stew, mit sehr viel Gänseschmalz,
177 2892 1377 2942 Musik zum „Sommernachtstraum“, Muß man noch von der
2603 2911 3274 2962 chapel, oder Samuel Levy und Ros
1797 2888 2171 2981 Kein Interview.
177 2938 1377 2985 „Toten Stadt reden? Sie hat sich die Welt erobert, wie
2599 2946 3278 3004 ihre Art das Rassenproblem, lassen
177 2973 1369 3023 soit dem „Rosenkavalier" und vor „Jonny kein zweites, musi
1469 2965 3278 3046 Sylvestermorgen, 10° unter Null, strahlende Sonne hernach jüdisch und schließlich noch
177 3016 2580 3081 kalisches Bühnenwerk deutscher Herkunft und scheint mir die und blauer Himmel über Wien. Von Hietzing schweift der
2603 3031 3274 3077 es dreimal sagen), und die feindlich
177 3050 1369 3108 glücklichste Synthes zu bedeuten, seit langem angestrebt, aber
2595 3070 3270 3131 werden durch das Enkelzwillingspät
1388 3062 2576 3131 Blick über hügelige Landschaft, man könnte wähnen, in
170 3100 1365 3143 nicht in der Retorte zu erzeugen, gebildet ausgedrückt, zwi¬
2603 3104 3274 3178 Assistenz von Pfarrer und Rabbiner
1392 3112 3266 3212 den Harz versetzt zu sein. Die Luft ist klar, wie in den zusammengeführt. Schließlich
170 3139 1365 3189 schen deutscher Harmonie und romanischen Melos, popula¬
1388 3154 3243 3243 Bergen. Von der wunderschönen Villa des Dichters im unterm Weihnachtsbaum
174 3178 1365 3232 gesprochen zwischen Richard Strauß und Puccini, bei selbst¬
1396 3201 2572 3274 Währinger Cottage, mitten im Park, aus, sieht das unbe¬
177 3216 1369 3270 verständlich vorauszusetzender, subtilster Beherrschung des
2599 3228 3259 3282 Aehnliches). Dieser Schmarrn ist
1388 3247 2090 3313 wehrte Auge bis zum Semmering.
177 3255 1369 3309 Technischen, glücklichste Inspiration, die nicht an Gefühlsscheu
2595 3270 3266 3324 von Geschmack. Aber wie man si
162 3293 1357 3351 leidet und dabei die ganz starke, persönlich zwingende Not
1469 3266 3266 3370 In diesen Zeitläuften hat Arthur Schnitzler Sinn und amerikanische Gemüter, denn auch
170 3340 1361 3390 hat, jenes unverkennbar Eigene, das Kriterium des Genies is
1384 3328 2564 3401 Bild des Dichters zu wahren gewußt, wie kaum ein an
2595 3347 3255 3401 von mehreren Truppen seit Jahren,
170 3382 3270 3467 und jeden Takt aus dem Zusammenhang herausgerissen, als derer. Der herrliche Kopf, aus dem im Gespräch ein gespiet, und die versöhnliche Tenden
170 3413 629 3471 Korngold erkennen läßt.
2591 3428 3266 3490 Form, ist immerhin nicht unsympathi¬
1377 3432 3262 3513 blaues Augenpaar das Gegenüber durchleuchtet, wie die katholischen Wiener Bevölkerung
231 3436 1346 3513 Es soll hier nicht weiter analysiert werden, worin dies
1381 3474 3270 3563 Sonnenstrahlen in zwei Fjorden wiederstrahlen, erschiene führung bringt ein Reinhardt-Ense
158 3482 1361 3555 Eigenart begründet ist, aber es scheint mir doch notwendig
1384 3528 3270 3613 verehrungswürdig, selbst wenn man nichts wüßte, wer Strauß-Theater. Sie steht und fällt
162 3532 1361 3594 darauf hinzuweisen, daß hier orientalisch glutende Substanz
1381 3559 1820 3629 Arthur Schnitzler ist.
162 3582 1357 3633 vorhanden ist, wie mir scheint, Korngold's Bestes, das leider
2584 3590 3270 3636 reißenden, weiblichen Komiker Gisel
158 3625 1361 3687 neuerdings anscheinend verdrängt wurde, wie wir sehen werden.
1465 3590 2561 3679 Ob man von der oberschlesischen Heimat erzählt oder
2584 3625 3262 3679 Pallenblech gewalt wird, das hat
235 3663 1350 3710 Um in großen Zügen dem „Wunder der Heliane entgegen
2580 3663 3274 3721 lachen, wenn ich mich an den Wert
1377 3644 2568 3729 der Dichter sich im Anschluß an die Lektüre der Tage¬
2580 3706 3255 3768 wirkt der katholische Pfarrer Hugo
158 3687 2568 3795 zueilen: Es kommt dann noch ein luftig beschwingtes Streich- bücher Theodor Herzl's erinnert, Persönliches mitteilt, und
162 3744 1064 3814 quartett wieder mit einem Shakespeare-Motto:
2584 3741 3270 3802 Mitteln so gütig gezeichnet, daß m.
1369 3756 3270 3845 wie stets bedeutsam urteilt, ob er die Bewunderung für möchte. Schwächer der Rabbiner de
432 3791 1053 3849 „Wenn Vöglein singen tiri-lirile,
1369 3795 2553 3864 sein neuestes Werk, das man vor wenigen Tagen dank
2580 3818 3259 3876 Friedell, begründet in der etwas
424 3833 979 3883 junge Liebe liebt den Mai
1365 3841 2561 3910 bar empfing, das weise „Buch der Sprüche und Be¬
2580 3864 3251 3922 typisch Gisela Werbezirks (Frau
158 3833 2553 3957 (Wie es Euch gefällt), schwingend im Klang, und dann sind denken wahrhaft rührend bescheiden, wie es nur das
2576 3895 3270 3957 Hälfte, von der die liebevolle Gattin
158 3918 2553 3987 wir schon bei den Vorstudien zum „Wunder der Heliane“, 3 Ge- Genie sein kann, fast schüchtern abwehrt, wie er sprühen
2572 3937 3247 3995 sei nur so angezogen wie ein Mann
150 3957 1346 4003 sängen nach Versen von Hans Kaltneker. Sie schienen bereit¬
2580 3980 3251 4034 wissen, aber diese halbe Portion
1369 3976 2549 4037 und in jugendlichem Feuer über James Joye, die
154 3999 1350 4049 auf einen anderen Korngold hinzuweisen, bei dem das
2572 4014 3262 4076 rührend vertrottelt. Springlebendig,
150 4034 922 4084 Harmonische das Melodische überwiegt.
1365 4007 3255 4115 Dinge des Theaters handelt und auf Litten von eigenen Levy von Ludwig Stärk, der gleichze
228 4049 1342 4122 Das Buch zum Wunder der Hellane schrieb Han
1373 4057 3266 4153 Plänen berichtet, wie er teil hat an allem, was uns be- und voll cholerischer Vitalität Wilh.
