3436 4320
1193 272 1617 379 box 42/3
326 263 1003 378 Miscellaneous
389 1347 1026 1427 .
457 1459 1345 1557 Argus Suisse et international de la Presse .A.
609 1544 1199 1603 23, Rue du Rhône GENEVE
427 1606 1379 1664 Adr. télégr.: Coupures-Genève — Tél. Stand 40.05
430 1676 1361 1746 Bureau International de coupures de journaux.
547 1739 1265 1790 Traductions de et en toutes langues.
457 1838 1345 1915 Correspondants dans toutes les grandes villes.
395 1954 818 2032 Extrait du Journal:
1102 1953 1257 2065 PARIS
394 2046 621 2144 Adresse
395 2152 540 2242 Date:
255 2341 717 2503 en un
296 2475 1284 2605 UNE revue allemande, cette amusante anecdote :
381 2535 1353 2657 Le célèbre écrivain autrichien Arthur Schnitzley
256 2573 1348 2702 est en voyage. Il occupe un compartiment de première
252 2625 1345 2750 classe. Seul pendant une partie du trajet, il voit monter.
240 2646 1350 2787 à l'arrêt d'une ville italienne, un monsieur décors l'air
247 2695 659 2778 cordial et important.
283 2743 1347 2870 A peine ce voyageur s'est-il installé en face de l'écri¬
240 2771 886 2884 vain qu'il le fixe avec insistance.
272 2834 1339 2974 Sans aucun doute, il le reconnaît et cherche à se
234 2862 1323 3030 peler son nom pour avoir le plaisir de lui adresse
225 2908 419 2976 la parole.
269 2957 1328 3112 Le voici qui sourit ; il a trouvé ses lèvres s'en¬
212 2999 455 3093 tr'ouvrent...
321 3128 1358 3283 Mais Schnitzler, qui a peu goûté ce manège, l'arrêt
266 3182 480 3255 d'un mot :
360 3233 1355 3352 Non, non, vous faites erreur... Ce n'est pas mois
262 3277 694 3393 mais là, pas du tout !
1928 900 2807 1029 Seipel gegen Schnitzler
1814 1007 2888 1107 Nachrichtendienst der „Vossischen Zeitung
2563 1085 2908 1174 k. Wien, 9. Juni
1817 1140 2938 1241 Bundeskanzler Seipel und Unterrichtsminister Schmit
1776 1211 2942 1301 hielten heute mit führenden österreichischen Schriftstellern eine
1783 1271 2939 1347 Besprechung über ein österreichisches Schund- und
1783 1314 2941 1405 Schmutzgesetz ab, das von christlich-sozialer Seite angeregt
1773 1363 2939 1452 wird. Die namhaftesten österreichischen Schriftsteller beteiligten
1783 1429 2939 1500 sich an der Diskussion, so Arthur Schnitzler, Richard
1770 1494 2945 1581 Beer=Hofmann, Karl Ernst Strobl, Raoul
1777 1543 2503 1617 Auernheimer, Richard Kralik.
1811 1565 2944 1677 Die Meinungen über die Notwendigkeit eines solchen Gesetzes
1770 1661 2933 1724 waren sehr geteilt. Das Beispiel Deutschlands, in dem ein unge¬
1773 1688 2936 1770 heurer Apparat an der Durchführung des Schund- und Schmutz¬
1774 1743 2936 1808 gesetzes arbeite, könne nur abschreckend wirken, da bisher nur ein
1774 1799 2939 1862 Roman obscurer Herkunft verboten worden sei. Arthur
1777 1840 2939 1898 Schnitzler verlangte mit Recht eine Definition der Begriffe
1780 1894 2939 1945 Schund und Schmutz und vor allem einen Schutz der Jugend
1768 1937 2941 1995 gegen sensationelle Gerichtssaalberichte. Richard Kralik vom
1771 1985 2935 2046 Verband katholischer Schriftsteller setzte sich naturgemäß für die
1774 2032 2938 2102 Schaffung eines österreichischen Schund- und Schmutzgesetzes ein,
1768 2086 2942 2150 zumal große Bestände von Schundliteratur von den Verlegern
1771 2131 2891 2184 über die Grenzen, zumeist nach Oesterreich, gebracht würden.
1805 2177 2936 2238 Bundeskanzler Seipel erklärte, daß es sich nicht um eine
1768 2237 2936 2305 Diskussion über Definitionen handele, sondern um einen Versuch,
1771 2285 2936 2355 Schädliches von der Jugend abzuhalten. Gegen Arthur Schnitzler
1771 2345 2933 2405 gewandt, erklärte er: „Ich stehe selbstverständlich ganz im Gegen¬
1768 2396 2939 2469 satz zu Schnitzler, wenn er gesagt hat, daß die Erregung der Sinn¬
1768 2443 2933 2510 lichkeit an sich nicht verwerflich sei. Sie ist verwerflich, sobald sie
1762 2500 2932 2559 denen, die sie selbst nicht wollen, gegen ihren Willen oder ihr
1762 2553 2928 2607 besseres Sein aufgezwungen wird. In diesem Punkte trennen un¬
1765 2595 2928 2674 Welten. Für uns gibt es nicht nur eine physische Gesundheit,
1770 2649 2250 2742 sondern auch eine sittliche."
1723 2734 2402 2863 in
2500 2850 2781 2971 Morgen
1860 2869 2430 2996 40.
2529 2944 2876 3071 Ausgabe
1887 3260 3014 3326 Diese Verhandlungen waren nur Vorbesprechungen, an deren
1850 3311 3011 3371 Ende Bundeskanzler Seipel die Erwartung aussprach, daß durch
1844 3368 3008 3444 die weitere Zusammenarbeit der Behörden mit den Künstlern und
1847 3411 2683 3487 Schriftstellern sich gute Erfolge erzielen ließen.
