3296 4320
92 2865 172 2931 e
92 2922 174 2969 en
85 3042 169 3115 .
87 3181 172 3232 wall
92 3223 176 3282 tent
80 3336 176 3390 rio
87 3378 169 3423 dura¬
85 3411 179 3461 ca¬
92 3524 179 3571 kern
92 3569 181 3613 min¬
87 3823 181 3875 to
99 3870 181 3919 hi¬
861 52 1477 118 ne
200 78 790 134 earth, and so have the die
859 106 1470 155 of the that was really necessary
209 120 788 191 trines which it proponds
870 151 1475 205 with prompt and tous re¬
198 167 800 228 which also helps to explain
903 193 1477 263 With the founded creed of
200 207 797 273 the freed campaign against
1567 226 2153 296 WO AS SIVENTS
868 249 1480 301 the curved there need be no
200 268 797 322 American pictures that is rag
1550 285 2235 355 MPERIAL APPROVALTO CUEVAS
868 299 1477 343 of making a similar mistake, as a
198 311 802 386 ing in some sections of the
868 334 1482 381 efforts will be concentrated on a
205 353 336 409 world.
861 362 1482 414 reasonable reduction of exigenoux
861 412 1197 463 or surface tissues.
896 416 1482 492 Nature has given is two kind
280 442 715 515 Stylish Skinniness
859 473 1480 527 of the exones or blanket
861 525 1496 579 layer, and the endorenons or in¬
226 541 816 586 According to the passionate
863 553 1487 595 ternal deposit. The former type
191 569 812 619 declamations of certain foreign
868 593 1489 640 nature lets us play with almost as
191 614 812 659 governments, it is feared that the
873 633 1482 670 we like; the second type, which is
193 649 814 696 moral and the grammar of their
868 666 1489 713 tound in the brain, the liver and
198 694 807 750 loyal subjects will be corrupted by
873 701 1487 762 the narrow of the bonnes, she pro¬
200 729 802 779 these terrible American film,
873 746 1489 802 tect to the last ditch, for life
198 758 809 819 but the real corruption they dread
1550 743 1889 816 PERSONS
873 774 1428 828 would be impossible without it.
1560 807 1889 847 LE
240 800 562 852 far more serious.
1560 830 1856 875 s
226 823 812 885 After seeing American moves,
1560 863 1858 899 CAGO
195 863 812 920 the beholders are filled with a tra¬
929 861 1437 932 Virtue Turned to Vice
1562 877 1948 932 VER THEY
191 915 816 955 sonable destre for American clothes
1560 915 1936 965 CATA SCALA
1562 955 1913 990 VAIN FOR
195 955 816 997 and furniture and autos and office
901 957 1489 1009 This explains the disastrous re¬
1557 983 1920 1023 Stres
195 990 816 1033 equipant, instead of the native
1562 1016 1877 1056 rassa
868 1000 1482 1054 sult of trying to raid these endo¬
198 1026 814 1075 and nobles variettes that their
1576 1028 1920 1089 SALAMANT
868 1052 1482 1099 nous bank deposita in the name
195 1066 797 1108 own producers wish to sell them.
868 1082 1482 1129 o tyle. For when the freed
233 1099 816 1153 But all these campaign and re¬
870 1129 1487 1176 secker after lines tries to shed
195 1146 816 1193 strictions are really compliments,
873 1167 1489 1207 every once of outside fut, the
198 1183 812 1223 es incere as they are left-handed
875 1200 1487 1261 Inside" deposite begin to suffer as
200 1223 814 1268 to the might of Hollywood about.
875 1244 955 1292 well.
205 1259 816 1303 At home, no one even tres ver¬
903 1256 1496 1336 The worshippers of the ancient
2200 1268 2821 1332 mean that all the attention which
1539 1268 2153 1343 mont any virtue, if pushed to the
195 1294 821 1341 ously to question it. And, for once
873 1313 1482 1364 Paganos used to lay sacrifices
2214 1320 2816 1374 has recently been paid to the
1539 1324 2150 1383 extreme, may become a vice; and
200 1334 823 1376 at least, it has issued a fashion
880 1357 1489 1400 upon their altars, and the more
195 1367 816 1409 command that meet with the
2211 1364 2821 1428 problems of diet and exercise will
1548 1372 2145 1430 that axiom certainly applies to the
880 1393 1489 1442 precious the sacrifice, the better it
195 1400 823 1454 heartient approval of the doctor
2221 1414 2823 1473 go by the board." Instead, most
1546 1419 1842 1477 cult of siness.
880 1430 1489 1484 was supposed to please that par¬
205 1435 699 1496 as well as the dressmakers.
1581 1428 2816 1503 In its earlier stages, it marked of still have even more value,
880 1463 1113 1517 ticular deity.
231 1477 821 1534 The latter will rejoice even more
2202 1496 2816 1560 Now that it is to be applied with
1541 1503 2153 1546 a real advance in the science of
906 1482 1491 1546 It is worth noting, however, that
200 1506 823 1562 than the former. The fair follower
2211 1534 2616 1581 reasonable moderation.
1548 1536 2157 1586 right living for it made people
873 1539 1496 1588 the devote sacrificed somebody
200 1560 821 1600 o fashion might be able to take a
2233 1550 2818 1614 Under present conditions, the at¬
1546 1579 2155 1623 give proper thought to their health
875 1581 1496 1623 else or something else than him¬
200 1595 821 1635 few res in a full figure des
2209 1604 2818 1661 tainment of a reasonable degree of
1548 1619 2145 1675 without the blighting conscious
875 1619 1489 1659 self. Fe, indeed, of even the most
200 1630 821 1689 to make it confirm, to styli
2209 1647 2818 1694 limness la neither difficult nor¬
1546 1656 2155 1708 ness that, they were really doing
870 1656 1496 1706 abject worshipere ever thought of
202 1668 821 1715 kinniness. But no power on
2209 1689 2821 1738 unpleasant. In fact, a great deal
1548 1689 2153 1734 so. But when the ideal of thin¬
880 1691 1491 1736 taking the issues of their own bod¬
205 1703 826 1746 earth can convert one of the re¬
2209 1724 2821 1776 of it coincides with our own at¬
1546 1731 2155 1776 ness tools the place of trimness,
880 1731 1496 1795 les to lay upon the altar of sacri¬
205 1741 826 1783 cent store pipe modes into any¬
2211 1762 2456 1811 ural instincts.
875 1771 969 1816 fice.
1546 1771 2157 1811 and fits became les important
200 1778 828 1816 thing but a décorative pillowship
2235 1774 2832 1840 For the average mortal, the pro¬
913 1783 1491 1847 It remained for the recent craze
1546 1807 2155 1849 than mere light weight, the move¬
205 1816 816 1856 or an or bag.
2209 1837 2830 1882 ess is divided into two parts die
875 1833 1496 1891 for super-imness to demand that
1548 1842 2153 1889 mant became a menace instead of
205 1849 826 1891 brand ordre will be re¬
2209 1875 2821 1924 and exercise, although, as will be
880 1877 1491 1922 ultimate frenzy from its devoteen.
1548 1882 2162 1929 help, and it is to the credit of
207 1884 828 1950 quired, whier of the
2209 1913 2821 1957 explained later there are certain
882 1917 1491 1957 Viewed from that angle, Dame
1546 1922 2157 1967 our national common sense that
200 1924 828 1990 new he is heard through¬
2214 1943 2823 1995 types of "untinness" which also
875 1955 1499 2004 Fashion began to bear a striking
1546 1960 2162 2009 the present trend is back to nor¬
205 1964 442 2023 and
2202 1993 2811 2047 must pay attention to another field
1546 1990 1682 2042 maley."
873 1988 1296 2042 resemblance to Moloch,
273 1978 835 2058 from a health point of
2244 2028 2823 2091 As regarda det, the situation la
906 2011 1496 2087 It has been truly said that al¬
1581 2009 2162 2080 And this new trend will not
209 2004 826 2101 however, a non agno¬
2277 2115 2799 2261 Schnitzler
282 2117 2169 2275 Clemenceau Only a Minor Misfortune,
2221 2324 2832 2383 guards for the publie, intellectual
882 2327 1503 2388 a statesman with a minus sign.
1550 2331 2164 2383 and Lenin, because they tylly the
219 2334 840 2407 Continued from Preceding Pote.
2225 2374 2757 2425 property should be perpetual."
1550 2381 2164 2425 triumph of the negative; they are
892 2383 1496 2437 The discoverer and the adventurer
219 2385 828 2468 own country, Austria, is a monu¬
2256 2400 2837 2470 Would you like to see Amer¬
1553 2414 2105 2480 sons of chaos, not sons of God"
887 2430 1503 2480 the hero and the windler, the
216 2437 661 2494 ment to his ignorance."
2221 2425 2305 2496 la
1593 2437 2162 2498 Is there any poet among the
252 2451 837 2520 Have you ever as a student of
887 2465 1501 2534 builder and the speculator, the hin¬
2251 2461 2837 2538 I want to see America. But I
1557 2496 2167 2543 new generation who deserves to be
219 2508 833 2557 human life attempted to say
2221 2508 2818 2576 don't want America to ne¬
894 2517 1503 2574 torn and the journalist, the lead¬
1557 2531 1797 2585 called great?"
219 2550 833 2595 human being according to their
2249 2543 2839 2625 "What American authors would
887 2564 1503 2604 er and the tyrant, the literary man
1590 2545 2082 2618 Schnitzler hook his head.
219 2592 790 2654 types or professions?" I asked.
894 2602 1503 2644 and the post, are positive and
2223 2590 2545 2658 you like to meet?"
1557 2600 2169 2668 in difficult to tell, I do not read
249 2623 823 2675 "I have played with the idea.
2256 2607 2842 2694 "I am not interested in meeting
894 2632 1508 2689 negati expressions, respectively,
1550 2649 2167 2687 one tentet, probably not one¬
221 2670 835 2715 Schnitzler replied, "I have even
2221 2675 2842 2724 authors, in America or elsewhere.
894 2677 1292 2731 of the same qualities.
1557 2677 2162 2727 hundreds of all that la published
219 2705 833 2745 written an explain wa-
2230 2712 2844 2755 A man is not necessarily interes¬
1560 2719 2169 2764 Experience has made me some¬
925 2698 1503 2767 The state man may sometimes
219 2738 833 2792 diagrams in which I attempted to
2223 2745 2839 2797 ing because he has written an in¬
892 2752 1501 2804 la compelled to resort to the prae¬
1562 2762 2164 2809 what suspicious of new discov¬
221 2778 835 2830 depict the human types. The first
2230 2783 2505 2849 teresting book.
887 2797 1508 2849 tices of the politician. The poli¬
1557 2797 1661 2849 ertes.
212 2811 837 2863 diagram illustrates the expression
2256 2788 2842 2887 Which of your works do you
1600 2823 2169 2882 Many of the new German and
892 2832 1508 2879 tician may, in a rate moment,
226 2856 842 2901 of the Spirit through the medium
2216 2858 2592 2919 consider your best?"
887 2872 1510 2917 achieve the wisdom of the states¬
1560 2868 2169 2915 Austrian writers have received
216 2894 837 2943 of words. The second depicts the
2256 2877 2832 2943 like Fräulein Else and
892 2908 1508 2952 man. The literary man may,
1560 2908 2176 2962 recognition in America," I re¬
221 2931 835 2988 expression of the Spirit through
2223 2936 2837 2995 Casanovas Homecoming. Also
894 2943 1503 2990 under the influence of a great per¬
1560 2950 1710 3006 marked.
221 2971 355 3021 action.
2225 2981 2842 3023 The only Path and The Far¬
887 2985 1508 3032 sonal experience, produce a great
268 2990 837 3051 Euch diagram is composed of
2221 3016 2844 3068 Land. The last named play was
887 3021 1508 3070 poem. Nevertheless, the types re¬
226 3037 835 3089 two triangles, divided by a line
2225 3051 2839 3101 never performed in English on the
887 3056 1268 3108 main clearly defined.
1590 3044 2141 3115 ne Treachery of Words
228 3082 837 3129 the line of division between the
2225 3089 2839 3141 American stage. The American
925 3084 1510 3157 To the positive types the world
221 3112 837 3178 positive and the negative. At the
2223 3129 2847 3185 stage economizes in characters, I
894 3143 1508 3185 owen la progress. They create its
1593 3138 2178 3214 "I am glad that such a the
221 3157 845 3209 apex of the positive triangle
2223 3155 2839 3216 must write of life as I see it. If I
1242 3181 1513 3235 The negative
894 3181 1188 3232 eternal value.
226 3185 842 3254 stands God as the highest human
1567 3183 2176 3251 case, Schnitzler replied, "I hope
2223 3202 2844 3258 see it crowded with charactere I
896 3206 1508 3265 type are usually a hindance to
226 3232 847 3279 conception. At the apex of the
2230 3235 2830 3294 cannot banish them from my play
1567 3244 2167 3296 that America will modify her copy
887 3244 1508 3305 mankind. Their work is destruc¬
226 3268 835 3324 negative triangle 1 place the Devil
2221 3277 2557 3331 or from my story.
894 3284 1223 3350 tive or ephemeral.
1562 3286 2174 3348 right laws to protect the writers
2256 3284 2844 3371 The maid, coming in on tip toes,
929 3305 1515 3376 Does this classification am¬
1567 3333 2176 3392 the claims to admire. I personally
2230 3352 2832 3399 filled our glasses with some de
892 3366 1513 3435 brace women as well as men?"
292 3355 772 3435 Classifying Mankind
1562 3376 2171 3430 have suffered much loss because
2225 3392 2842 3439 lightful Austrian wine. The garden
896 3406 1047 3468 I asked.
1562 3428 2171 3468 America is not a member of the
2230 3425 2844 3496 of Schnitzler's villa was bathed in
936 3430 1515 3503 "There is no sex in the world of
1567 3458 2176 3524 Geneve Convention which protects
247 3463 845 3531 "I classify men an statemen,
2230 3475 2416 3524 moonlight.
903 3491 1515 3538 the Spirit," Schnitzler replied, as
1564 3503 1720 3555 authors.
2263 3479 2844 3566 Somewhere in the neighborhood
226 3505 847 3557 poeta, priesta, charlatans, politi¬
892 3533 1515 3581 he placed before me a little sketch
1614 3515 2176 3595 Do you advocate a perpetual
2233 3541 2630 3602 a clock struck twelve.
228 3548 849 3592 ctans, villain, etc. The types of
903 3571 1515 3632 which contained his remarkable
1569 3573 1760 3632 copyright?
2263 3576 2837 3628 "We have talked for hours,"
228 3585 849 3639 mind indicated on the correspon¬
894 3606 1141 3665 classification.
1616 3581 2183 3658 Why not? The man who
2225 3618 2842 3668 anniter remarked somewhat
231 3625 847 3665 ing sides of the upper and lower
1569 3637 2183 3698 write a novel and the man who
950 3625 1513 3708 don't take this classification
233 3663 845 3719 triangle of each group have much
2233 3658 2842 3703 nadly, and yet I do not know it
1576 3691 2176 3733 inventa a new process of manu¬
906 3691 1515 3736 to seriously. Nature refuses to
228 3696 849 3740 in common, they differ merely by
2233 3693 2842 3743 I have really succeeded in express¬
1571 3726 2183 3776 facturing or entitied to the same
903 3724 1513 3773 be reduced to a set of rules. My
226 3738 847 3780 plund.
2235 3731 2849 3778 ing myself. When I prepare an
1571 3769 2183 3816 measure of protection as the man
901 3771 1510 3813 daan merely a playa
231 3771 847 3816 of mind above the line being pos¬
2233 3769 2844 3818 article, so wie
1571 3795 2183 3846 who creates new values in ali¬
903 3806 1520 3865 tempt to clarify my own mind, an
767 3809 854 3860 he
2242 3804 2844 3856 welve times before I am satisfield.
1571 3839 2185 3882 roads or in alone, or the man who
903 3844 1524 3886 experiment, not a final conclusion.
240 3849 849 3908 in below the line is negative or
2237 3849 2842 3893 Words, especially the spoken word.
1571 3877 2171 3924 invests the fruit of his labor in
901 3882 1524 3929 Nevertheless, you will understand
231 3886 447 3943 destructive.
2233 3884 2734 3940 are reacherous and clusive.
1579 3915 2185 3980 corporation. With cortalu sato¬
903 3922 1515 3980 my détestation of Wilson, Poincar¬
275 3910 849 3985 "The politician, for instance, la
2221 3919 2858 3983 Copyright 1928, N.Y. American Ine.)
2863 388 3286 452 much more cheerful the
2856 440 3286 499 merly the case. Sheer
2856 482 3284 553 as a means of reducing
2863 541 3286 586 almost wholly discedit.
2865 569 3286 626 the idea of living on
2863 607 3282 654 various balanced
2858 649 3282 706 were supposed to be et
2894 682 3272 732 Stirred on by the
2856 715 3270 772 interest in diet which
2858 755 3284 805 nes around, soientista
2863 797 3286 847 fully and intelligently.
2858 828 3286 889 numerable foods and
2863 866 3286 922 dietary combinations,
2863 910 3286 967 sort out their precise
2858 948 3204 997 effect on the body.
2889 972 3286 1028 As a result foods ha¬
2868 1012 3289 1063 vided into three genere
2865 1049 3282 1103 the park, auch
2865 1085 3286 1146 famous vitamins and
2865 1122 3279 1181 vegetable the gro¬
2872 1160 3284 1219 such as milk, eggs and
2879 1204 3289 1261 the fuel food," auch
2877 1235 3286 1299 sugar, cake, potatoes
2870 1280 2964 1327 ron.
2901 1289 3282 1360 The first two grou¬
2877 1350 3286 1409 pensable to proper heal
2868 1390 3289 1447 the third, in moderation
2870 1428 3282 1470 ter in the only group
2865 1466 3286 1524 real importance to those
2868 1501 3284 1553 reduce; and so then
2872 1534 3284 1590 ducing dies are ba¬
2870 1569 3282 1616 upon an intelligent an
2877 1607 3286 1651 restriction of the amou¬
2877 1649 3286 1699 this uel group of food
2957 1727 3284 1807 A Mysterious
2903 1804 3289 1882 Thus, to the amaze
2882 1847 3249 1931 any consentius
2877 1910 3286 1981 befare of acid fruit
2889 1957 3289 2030 and coffee with
2872 2007 3261 2075 on with little
2879 2051 3284 2117 criados. E
2877 2096 3282 2164 lettered to
2872 2136 3270 2211 gracious allowed as
2870 2185 3286 2258 to the weakness of the
2879 2233 3289 2310 out great of und
2877 2287 3145 2350 in that
2894 2322 3261 2395 The other of
2879 2374 3289 2437 be adjusted in
2882 2418 3275 2477 tion, but breaks
2879 2458 3254 2520 cally mentioned
2872 2505 3249 2562 staats seem to
2882 2545 3268 2597 is a mysterius me¬
2877 2585 3275 2635 down on en el
2882 2618 3270 2677 ut ma¬
2912 2656 3263 2703 Now we know,
2882 2698 3263 2750 even the most conse¬
2882 2731 3256 2778 can it the day
2882 2769 3270 2823 such a breakfast and
2882 2816 3265 2861 his conscience or his
2917 2849 3268 2896 There wilde, how
2882 2877 3272 2941 casions when even a
2882 2924 3258 2969 meal does not quite
2891 2962 3258 3006 the next one, and the
2889 2999 3265 3051 to feel one be¬
2891 3042 3254 3077 auch cases he may
2884 3070 3254 3129 lemonde, or repe¬
2891 3112 3249 3162 ade, of a handful
2889 3145 3265 3206 most anything, in a¬
2882 3188 3268 3235 tains sugar, our qui
2889 3225 3265 3275 ful, which is then
2889 3261 3254 3324 before it can turn in
2917 3298 3256 3355 Incidentally, the
2894 3341 3258 3392 of equal value for
2882 3371 3258 3435 not on a special det.
2889 3411 3254 3461 a slight feeling of
2889 3451 3258 3505 cano in mid-
2891 3486 3261 3543 afternoon. A modera
2891 3533 3254 3571 of this type will not
2894 3571 3251 3616 the normal appetite,
2889 3602 3254 3660 great help to busine
2924 3644 3251 3691 On the exercise a
2896 3675 3251 3731 have been almost a
2894 3715 3256 3771 agreeble, Drastem
2896 3759 3251 3809 used to be and
2896 3785 3251 3839 no lo
2891 3830 3244 3882 date reducercano
2891 3877 3242 3915 dance into times
2901 3910 3242 3973 ly swinging dumb
