3392 4320
351 209 1057 337 Miscellaneous
1211 220 1639 323 box 42/4
2274 871 2759 980 enspielung auf die vier
1871 928 2776 1014 , in welcher Oesterreich tatsächlich von einem
1628 1000 2768 1060 Vollzugsausschuß der politischen Parteien regiert war. Es
1388 985 1591 1077 genheiten
1634 1043 2765 1105 kann auch geschehen, wir folgen den weiteren Ausführungen
1028 1025 1591 1117 Nicht das Volk und seine
1631 1097 2765 1151 Dr. Seipels, daß solche Machthaber plötzlich in einer anderen
454 1074 1594 1162 Erwählten üben die höchste Macht im Staate aus. Auch wo
320 1085 406 1165 -
1634 1142 2765 1194 Verkleidung erscheinen, als Kammerpräsidenten, Gewerk¬
463 1154 1588 1202 nach dem Buchstaben der Verfassung eine Parlamentsherr¬
171 1148 414 1220 n aufhalten
1637 1191 2768 1248 schaftsobmänner oder Schutzbundkommandanten. Durch
471 1202 1588 1257 schaft sichergestellt erscheint wie in Oesterreich, herrscht
177 1202 408 1277 Tode ver¬
1625 1228 2765 1302 dieses immer heftigere Eindringen der Parteinstanzen kommt
463 1240 1588 1297 nicht das Parlament, sondern es herrschen die Parteien.
1625 1282 2765 1337 unnatürliche Starrheit und Schwerfälligkeit in unsere Poli¬
457 1291 1588 1345 Ein solches Tadelswort aus dem Munde des Obmannes der
166 1288 414 1377 es, daß die
1634 1331 2768 1394 tik, nähert sich unser System einer Art von legaler oder
457 1334 1582 1391 christlichsozialen Partei verdient sehr ernste Aufmerksamkeit
171 1360 420 1422 chten, indem
1625 1371 2765 1440 durch Gegenseitigkeit legalisierter Protektion bei der Ver¬
457 1388 1600 1442 es sollte sehr genau gehört werden und fortwirken, es sollte
166 1402 414 1471 Sofia er¬
174 1460 414 1525 nfzigjährige
1622 1474 2765 1542 dem wenig nachhaltenden Eindruck, ein Wunderkind gehört
171 1502 414 1562 Wir aber
1631 1525 2762 1580 zu haben. Wir waren mit Hofmannsthal in jenen fernen
166 1548 414 1608 laverei.
825 1500 1222 1639 Feuilleton.
2662 1571 2776 1622 seinen
1622 1568 2622 1628 Jahren Tag für Tag zusammen. Wir genossen
503 1488 705 1682 8
171 1594 420 1657 serei erleiden
2673 1617 2768 1677 Fülle
1622 1619 2639 1674 moussierenden Geist, die kataraktgleich hinstürzende
174 1639 400 1705 reiheit.
1639 1662 2765 1717 seiner Gedanken, seiner Bilder, seiner geniehaft aufgespürten
166 1685 420 1757 geklagten die
620 1671 1434 1771 Erinnerung an Hofmannsthal.
1625 1708 2765 1768 Zusammenhänge, die hinreißende Frische und Anmut seiner
180 1742 414 1814 patien gegen
1625 1751 2765 1814 Persönlichkeit. Uns war er freilich ein Wunder, immer
825 1748 1228 1837 Von Felix Salten.
183 1791 268 1862 en.
1628 1799 2762 1859 wieder und wieder, hold, liebenswert, bereichernd, aber wir
546 1817 1588 1897 Sein Sohn, der zum Flüchtling des Lebens wurde, hat
1631 1839 2762 1899 nahmen ihn keinen Augenblick als ein Kind. Sein Wesen
454 1891 1588 1939 ihn mit sich ins Grab gerissen. Lange, bevor es Zeit war.
1628 1891 2759 1951 hatte damals die Kraft, diesen etwas zweifelhaften Reiz des
454 1931 1594 1991 Alles kam bei Hofmannsthal vor der Zeit. Die geistige
1625 1939 2765 1997 Kuriosums vollständig zu bannen. Er war uns an Er¬
451 1977 1591 2031 Reife, der weithin reichende Erfolg, der Glanz des Ruhmes,
166 1951 308 2059 der
1628 1985 2759 2039 wachsenheit ein Gleicher. Mehr noch, er war der erste, war
454 2028 1588 2082 die tragische Krise des Schaffens, die er sicherlich triumphal
1625 2025 2753 2085 unbestreitbar und unbestritten der Bedeutendste, nicht bloß
457 2074 1577 2134 überwunden hätte, wäre nicht auch der Tod zu früh ge¬
1634 2074 2762 2131 in unserem Kreis, sondern um jene Zeit eine der zwei, drei
166 2031 408 2168 resse".
448 2125 637 2196 kommen.
1625 2122 2765 2185 hervorragendsten Potenzen der europäischen Dichtung. Nur
1628 2162 2759 2225 wenn man ihn zufällig auf der Straße traf, wenn er mit
548 2139 1591 2231 Wenige Menschen sah ich, sehr wenige, die so glücks¬
1631 2208 2756 2274 Kameraden vom Unterricht heimging, den Bücherranzen
466 2216 1591 2276 gesegnet schienen, so hochgeadelt vom Schicksal, wie der
160 2228 417 2328 des ser¬
1628 2265 2759 2316 unterm Arm, nur dann, wenn man ihn umgeben von
454 2259 1594 2322 Knabe Hofmannsthal. Er trat damals in unseren Kreis, die
1625 2308 2759 2365 wirklichen Schuljungen sah, erinnerte man sich lächelnd, daß
454 2311 1588 2371 wir, wenngleich junge Männer, so doch romantische Männer
149 2296 417 2402 arilaan.
1625 2348 2765 2405 dieser blendende Dichter in Wahrheit nur Schüler des Aka¬
466 2356 1585 2419 genannt werden mußten. Hofmannsthal aber war Gym¬
1625 2396 2759 2451 demischen Gymnasiums sei. Doch das schien eine unwirkliche,
466 2405 1585 2456 nasiast, war ein halbes Kind, dem das Schulgesetz verbot,
206 2385 420 2496 Zaren¬
1628 2445 2756 2502 eine nebensächliche Wahrheit. Man vergaß sie schnell oder
466 2454 1585 2505 Gedrucktes zu veröffentlichen oder gar mit seinem Namen zu
1628 2488 2325 2559 man glaubte überhaupt nicht daran
471 2494 1588 2545 zeichnen. Dieser Gymnasiast jedoch warf uns alle in einen
1717 2508 2756 2591 Der Stoß, den Hofmannsthals tragisches Ende einem
463 2536 1588 2593 Rausch des Bewundern, schleuderte uns in einen Rausch
214 2533 417 2628 ch
1625 2582 2759 2633 versetzt, dieser gewaltige Stoß, der durch Herz und Hirn
466 2591 1591 2645 der Anregung. Er bezauberte durch seine Werke ebenso wie
1637 2628 2762 2685 fährt, rüttelt nach der ersten, schmerzlichen Betäubung alle
151 2613 426 2702 angham.
463 2631 1588 2688 durch sein Gespräch. Ich weiß natürlich nicht, wie der Knabe
1625 2673 2751 2725 die Geschehnisse, die Begegnungen aus dem schlummernden
471 2676 1588 2731 Jesus im Tempel gewirkt hat, noch was die Weisen in der
1625 2722 2753 2773 Erinnern auf, daß sie so leibhaftig vor dem innern Auge
460 2719 1580 2785 Amsterdamer Synagoge zu dem bindlichen Baruch Spinoza
1625 2762 2753 2819 dastehen, als habe man sie erst vor einigen Tagen erlebt.
466 2773 1591 2831 sagten. Vielleicht war es da wie dort nur eine einmalige
457 2808 2753 2876 Disputation, und die Gelehrten gingen auseinander mit Wir waren des Sonntags vormittag immer bei Arthur
1291 2965 2688 3019 Damen-Sportblusen ohne Aermel aus Kunstseide aufwärts von S 23.50
151 2979 1011 3053 sakko aus Schafwollstoffen in allen Grössen
843 2985 1248 3073 aufwärts von S 12.50
1294 3010 2691 3096 Damen-Kleider mit kurzen Aermeln aus Kunstseide S 19.50 und S 14.90
151 3030 1237 3116 kleider aus Zephir in allen Grössen aufwärts von S 8.—
1297 3073 2274 3148 Damen-Kleider mit langen Aermeln aus Kunstreide
143 3108 1254 3170 cke aus Wascherpe, bedruckt . . . aufwärts von S 1.80
2136 3096 2671 3196 338.—, S 35.— und S 24.—
1291 3145 2673 3239 Reizende Etamine Kleider in hübschen Dessins . . . . . . . . . S 25.
1294 3219 2691 3310 Dirndlvolle, reine Schafwolle, 76 cm breit, per Meter aufwärts von S 2.80
149 3168 757 3359 on
2256 3288 2642 3345 nich, auch Sonntage
1520 3285 1954 3362 VII. Mariahilferstrasse 2
1988 3290 2685 3370 Mode-Ausstellung haben,
957 3285 1942 3385 „Herzmansky-Passage (Erweiterungen).
146 3336 457 3428 asiakin
