3344 4320
110 283 976 378 1. Miscellaneous
1157 281 1581 373 box 42/3
1210 840 1491 937 D
1724 858 2194 955 S
289 940 2268 1047 WOCHENSCHRIFT FÜR THEATER, KUNST, FILM, MODE GESELLS
2367 970 2702 1062 FT, SPORT
845 1042 2145 1129 de redaktionellen Teil enthaltene entgeltliche Finallungen und durch leich
278 1142 863 1221 Jahrgang 5, Heft Nr. 183
1152 1157 1841 1251 WIEN, DEN 10. MAI 1928
2127 1175 2694 1274 Erscheint jeden Donnerstag
475 1318 2531 1537 Gibt es noch das süße Mädel?
475 1537 2498 1652 Eine Rundfrage mit Antworten von John Quincy Adams,
472 1624 2495 1739 Julius Bauer, Hedwig Keller, Hansi Niese, Hans Saßmann
1387 1780 1849 1872 Photo First National Studio
1956 1798 2687 1895 ine Frage, einer Rundfrage wert:
1920 1846 2687 1928 Gibt es noch das süße Madel? Ist
1997 1910 2676 1956 es nicht vielleicht bereits ein Inven¬
1918 1941 2681 1994 tarstück des älteren Wien, mit den Ge¬
1918 1987 2676 2040 mütlichkeitsbeständen und den Sorg¬
1918 2023 2674 2084 losigkeitskulissen der alten Zeit wegge¬
1915 2063 2357 2120 räumt und vergessen?
1954 2097 2679 2160 Die heutige Epoche ist auch in Wien,
1918 2150 2676 2204 wo neue Sachlichkeit sich noch nicht
1910 2194 2684 2240 atmosphärisch verdichtet hat, viel zu
1910 2232 2676 2283 erwerbsgierig, zu materialistisch, zu un¬
1905 2275 2676 2319 erbittlich, als daß sie für so schwebende,
1905 2301 2676 2357 zierliche und zärtliche Erscheinungen
1918 2347 2676 2393 wie das Wiener süße Mädel noch Raum
1908 2383 2676 2429 hätte. Der Begriff des süßen Mädels ist
1908 2418 2676 2472 sicherlich Resultat einer Wienerinnen¬
1910 2459 2671 2513 Forschung aus der Zeit um 1900. Arthur
1908 2500 2679 2554 Schnitzler hat den Typus zwar nicht
1910 2541 2674 2587 erfunden, aber er hat ihn in seiner
1908 2577 2671 2633 „Liebelei“ für eine wienerische Ewig-
1908 2615 2676 2681 keit gestaltet. Seine Mizzi Schlager ist
1910 2653 2676 2707 in ihrer Leichtbeschwingtheit, in
1908 2689 2676 2748 ihrer Grazie, in der Gelöstheit ihrer
1908 2730 2676 2789 Lebensauffassung, in ihrer Treue, in
1910 2771 2674 2824 ihrer Liebe, in der Seligkeit ihres Sich¬
1905 2807 2669 2860 Erinnern und in der Anmut ihres
1900 2850 2674 2901 Rasch-Vergessens sicherlich die Gestalt,
1903 2896 2669 2937 die man sich auch noch heute als das
1900 2937 2671 2980 süße Mädel vorstellt. Eine Operette mit
1905 2967 2653 3024 dem Schlager „Das ist das süße Mädel
1895 3006 2671 3054 hat dem Typus dann auch zu lang an¬
1903 3052 2666 3095 dauernden musikalischen Ehren ver¬
1895 3085 2674 3136 holfen. Und das süße Mädel“ rangiert
1905 3128 2669 3174 seit damals unter den Wiener Speziali¬
1903 3164 2664 3218 täten. Es ist berühmt wie der Heurige
1895 3202 2671 3261 aus Grinzing, der Millirahmstrudel aus
1903 3241 2658 3289 Breitenfurt, die Fiaker oder die Back¬
1895 3276 2669 3333 hendeln. Und man kann sich ganz gut
1892 3317 2664 3368 denken, daß ein Provinzler noch heute
1905 3361 2669 3425 nach Wien kommt und sich erkundigt:
1908 3394 2666 3445 Wo kann man denn hier ein süßes
1905 3432 2664 3486 Mädel“ schen? Die Nachfrage nach
1905 3473 2664 3524 süßen Mädeln“ ist namentlich bei den
1903 3511 2658 3568 Fremden rege, sie stellen sich unter
1895 3557 2661 3601 dem Wiener Mädel etwas Blondes oder
1895 3591 2658 3662 Brunettes mit einem Puppengesicht, ein
1908 3634 2671 3683 wenig rundlich, immer gut gelaunt,
1895 3667 2666 3718 immer lustig, immer zu Spassetteln auf¬
1895 3711 2669 3754 gelegt und ganz selbstlos zärtlich und
1890 3751 2666 3792 hingebend vor. Sie wissen nämlich, daß
1890 3792 2666 3836 das süße Mädel immer das Mädel
1900 3828 2666 3897 war, das geliebt hat. Geheiratet wurden
1892 3861 2255 3925 dann die anderen.
1938 3892 2658 3966 Keinesfalls kann sich das süße Ma¬
774 3925 1384 4004 Das süße Mädel von heute: das Girl.
1890 3948 2666 4009 del von heute den Luxus gestatten,
830 3992 1328 4048 Dorothy stron (Hollywood).
1892 3994 2669 4063 das süße Mädel“ von früher zu sein.
