3392 4320
297 252 970 356 Miscellaneous
1152 271 1581 355 box 42/3
1050 1360 1298 1449 N
1176 1435 1309 1480 -
311 1440 1295 1559 ARGUS SUISSE ET INTERNATIONAL
535 1498 1073 1568 DE LA PRESSE S. A.
435 1536 1162 1627 23, rue du Rhône Genève
304 1564 1302 1697 Adr. télégr.: Coupures-Genève — Tél. Stand 40.05
294 1665 1288 1781 Bureau International de coupures de journaux
423 1732 1157 1809 Traductions de et en toutes langues
1155 1772 1284 1852 —
316 1849 1267 1940 Correspondants dans toutes les grandes villes
295 1959 699 2039 Extrait du Journal:
598 1992 1235 2148 und Ab. Lit. Berne
290 2050 470 2128 Adresse:
290 2163 405 2230 Date:
536 2342 1208 2502 Schriftsteller-Anekdoten
709 2446 1017 2537 Von Kandi¬
428 2476 1326 2630 Si Arthur unter dem Dichter, der be¬
376 2532 1325 2679 samlich ist in Wien ist an eine en
376 2576 1311 2728 Menschen das sch der Roschieren beilage
374 2614 1314 2768 Schuster beschleiche ein, die die Be¬
365 2661 1309 2820 denn jeden Abend bevor sie sche Ruhe be¬
356 2709 778 2796 gab, nehmen mußte.
391 2812 1298 2972 nach einigen Tagen erschien dieselbe Raten.
343 2848 855 2953 tin wieder bei Schnitzler,
384 2904 1270 3070 der Doktor, das mache ich mir einen Kor¬
337 2936 1234 3090 schmerzen, die gehen nicht wegen klagte sie.
376 3007 1265 3163 Einen Augenblick überige Schier, dann
329 3042 823 3151 sagte er: „Heiraten Sie
360 3102 1241 3250 werden die Kopfschmerzen dann vergehen.
311 3132 729 3236 fragte das Mädchen.
351 3196 1248 3341 Schuster tauchte seinen Bück in die Ange¬
301 3243 1237 3394 ese langen Patentin und eroberte, de
290 3291 1235 3429 Dass die gehen dan von Ihnen von
281 3324 779 3441 sehen zum Mann über
1770 147 2695 227 Bureau International de coupures de journaux.
1877 206 2602 274 Traductions de et eu toutes langues.
1784 315 2668 395 Correspondants dans toutes les grandes villes.
1707 425 2121 505 Extrait du Journal:
1702 523 1903 599 Adresse:
1702 612 1838 689 Date:
1665 732 3004 893 TEATRIE CONCERTI
2350 898 3025 966 guidato da un giovane laverante
2342 949 3030 1017 fabro che pastuva vano per Paa-
1660 921 2305 1050 Lo schiavo della olla,
2342 982 3025 1036 la. Lasterità del fabro non il
2349 1021 3027 1073 permette di riprendere in casa la fi¬
1674 1029 2279 1106 di Carlo Schönherr all'Olimpia
2352 1045 3035 1099 gliuola. Puola rimane con Adalberto.
1674 1085 3028 1148 Cinque quadre un prologo per rico divine sua moglie, perche sem¬
1641 1111 3039 1183 contaret, in sostanza quello che relatores morato su
1643 1153 3025 1215 tro che aveva la detto, sero. Dico sembra, perche non
1641 1178 3041 1251 forse con maggiore efficaciae certaresce at a capire con precisione do¬
1643 1218 3041 1286 mente con ple equilibrio, in un atto ve au principio dove finis la
2352 1246 3035 1304 sincera di questomo. Dopo il ma¬
1646 1267 2324 1316 che sentimo decente in un poco
1650 1281 3039 1353 teatro di Milano, nella Grande cenarono cominciano gual. Le due
2361 1314 3042 1370 personalità surtano inconciliabilmen-
1653 1353 3011 1419 tormento della con molto di unt. Puola crede di vedere ad ogni
1643 1382 3014 1449 ttore, la quale di duas, pro
1651 1417 3041 1487 lo che il marito , e per del marito. E lo rived
1650 1452 3039 1520 calmente nella vita conjugale, non teatro negli stessi attestament
1655 1487 3044 1552 faccia che continuare la finzione del qual la visto nell'intima della
1653 1527 3048 1588 la scens: all'ossessione per la sinces, sente scire dalla sua bocen,
2361 1552 3044 1606 nella fuzione scenes, le stesse parole
1650 1564 2335 1615 all bisogno, du parte
2361 1580 3028 1636 che egli le susurra durante le¬
1653 1594 2335 1655 dell'attore, di « creare una verità
2364 1618 3049 1688 più dole della loro esistenza contu-
1650 1632 2235 1693 secondo le convenzioni sceniche.
2359 1664 2446 1720 gale
1688 1651 2338 1723 Nella comedia di Schönherr, che
2398 1665 3049 1739 D'altra parte l'attre à tutto arso
1655 1704 2336 1751 la Compagna Petrone a rappresen¬
1657 1723 3039 1788 ter
1658 1753 3048 1823 naggi hanno con quelli della comme vare. Ma non fortuna¬
2366 1788 3049 1851 to, oppure non ha il tento necessa¬
1655 1812 2336 1849 di Schnitzler retta analogia
1662 1830 2667 1891 riston soitanto della caracteristica lo per vincere.
2396 1835 3053 1905 Dopo un insuccesso, che egli ritie¬
1662 1872 2343 1926 propria dell'arte delle Schönherr, che
2370 1887 3049 1941 ne decisivo, Adalberto sta per arren¬
1704 1908 2109 1962 la loro esperazione.
1697 1919 3060 1987 Conosciano, fra l'altro, di questo ders. Tanto più che la moglie gli
1648 1957 3051 2027 ore, de commodi molto interes confessa, remante di dolezza, in
2373 1982 3058 2039 sua prossima maternità. Abbandon¬
1679 2001 2338 2059 La signor Sutter dem
2375 2020 3056 2073 rà il teatro, si ritier in campagna
1679 2038 2347 2099 tale que le diman¬
1674 2059 3067 2116 erpretation di Emma Gramatic per fare una vita tranquilla con la
1679 2099 2756 2160 anno contributo a assicurare un miettina adorata.
2403 2102 3058 2163 Ma il risentimento per la sua man¬
1672 2141 2347 2190 successo non effero. Anche queste
1678 2156 3055 2228 comedie el presentano personalità cata fortuna ancora lo punge, Adal¬
1683 2193 3063 2261 rigidamente ostinate in un atteinte à suo figlio quell'atto
1683 2219 3058 2291 ento picologico del quale sono quiere che egli non multo des¬
2371 2254 3062 2312 sere. Questa deve essere la sua ven¬
1678 2272 2232 2331 date alle estreme conseguenze.
1697 2284 3062 2357 La signora Suiter fuisse per sopetta. Maa fatto con senza Po¬
2382 2319 3058 2375 la. Quando la moglie sente quest pro¬
1683 2336 2350 2398 primerst sticamente, facendo crede
1679 2352 3065 2427 re ad una disgrazia, perche sente lo positi da in escondescenze ; ed è nau¬
1683 2392 3065 2464 trazio della mancata maternità, non a tal punto per l'ostinazione
2387 2422 3062 2471 del marito che decide di uccidere il
1679 2443 2356 2492 en prima ver favorite gli amor
1679 2453 3081 2527 del marito con una fanclulla che essa figlio che porta nel seno. E compte
2387 2488 3072 2544 il detto pur di non mettere al mon¬
1685 2515 2357 2565 tessa ha portato in casa: la proto¬
1683 2529 3067 2600 gonista dell'Indemoniata arriva ad do un futuro attore, la pure celebre.
2412 2553 3070 2600 E' arrestata e processata. Assistia¬
1679 2572 2361 2628 armare la mano di un giovane contro¬
1683 2595 3074 2665 marito delle maladiecto, nam pro alimento. Sen¬
1679 2621 3077 2703 pace di dare quell'amore che il gi-
1685 2654 3067 2733 a veces improvisto detto.
2394 2686 3077 2737 ascoltimo la commossa diesa che
1683 2719 2111 2768 mente segliare in let.
1709 2719 3067 2794 Sentiment esasperate disperati, l'attore fa della moglie. Questo di¬
1679 2752 3074 2826 questi , che hanno radii profonde es in tribunale, che gli concilia¬
2391 2793 3074 2838 tutte le simpatio, che gli procura ap¬
1685 2819 2031 2875 nell'anima umana.
2396 2822 3077 2871 plausi e flori, riesce a dare all'attore
1777 2812 2370 2897 contrasto fra lo schlavo della
1679 2857 2910 2922 foolla, l'attore, nel quale lo Schönherra sensazione del successo.
2426 2859 3081 2936 Pola, invece, ha la peggio. Tutti
1679 2911 2366 2971 la voluto affigurare, forse, la con¬
1685 2922 3083 2993 venzione e l'artificio in contrapposto sono contro di let. Ma Adalberto ama
2420 2962 3079 3000 bei gesti. Egli accoglie ancora la
1688 2972 2370 3030 con la semplicità e con la sincerità
1685 2993 3084 3069 della fanclulla che gli si è data con moglie, assolta per parziale informità
1683 3025 3074 3098 dellos eschezza di spirito, la in mente, nella sua casa, le perdona
1685 3055 3079 3125 una forza dramatica assai discu zeggla. Per un moment em¬
2403 3091 3083 3139 bra che la felicità debba rientrare
1692 3109 2368 3166 tibile, e, certamente trova minori¬
2396 3125 3077 3172 fra que mur. Ma arriva improvi¬
1692 3144 2366 3201 sonanza nella nostra sensibilità.
1692 3156 3083 3236 sottile e voluto. E per il modo col samente il directore del teatro, desi¬
1692 3186 3086 3264 quae è stato presentato dallo Schöneroso disfrutare la popolarità di
2403 3224 3084 3296 Adalberto. In quella sera stessa egli
1692 3247 2373 3301 herr, in una vicenda a tinte fort,
1695 3261 2840 3336 enflata e pletorica, ei sembrato andovrà recitare Anleto.
2433 3275 3098 3359 Adalberto si prepara per andare in
1692 3313 2370 3373 palainen
2403 3332 2525 3385 teatro.
1697 3353 2057 3413 lontano e superato.
2438 3331 3084 3404 Puola cascano le braccia. Tutto
1730 3355 2373 3432 L'azione ha luogo in una città di
2408 3390 3079 3462 dero finito. E lascia la casa, ac¬
1697 3406 2371 3465 provincia. La giovane figlia di un fab
1699 3429 2766 3505 bro, Pola, una sera va a teatro cascita dal dolore
2436 3434 3084 3511 A questo episodio principale se ne¬
1697 3478 2378 3533 Sulla scence Adalberto Cavalieri,
2403 3492 3084 3554 collegan altri C'e per essempio l'af¬
1700 3518 2377 3570 il quale recita la parte di un giovane
1697 3526 3083 3602 scapolo, infelice, la fancilla à tutta fare di un figli che Adalberto ha
2412 3558 3084 3610 auto, in govent, da un piccola at¬
1697 3582 2380 3638 commosa dalla situazione di que
2412 3589 3088 3649 trice divenuta più tardi celebre. Que¬
1695 3609 2382 3673 giovanetto solo, abandonato da tut-
2408 3626 3090 3684 sto fatto fa il garzone di un gard¬
1704 3645 2380 3703 ti. Salza dal suo post egria
1700 3659 3095 3738 all'attore con una spontaneita tutta nere ed anch'egli porta del fiori in
2410 3689 3095 3750 maggio all'attore, che lo riconosce
1706 3719 2111 3787 provinciale: Poverno
2415 3727 3093 3776 e lo stringe con tenerezza fra le
1739 3738 2385 3804 Ma non si contenta di que commo-
1702 3759 3093 3841 comment la ra¬
1706 3801 3093 3876 gazza va a trovare l’attore a casa regala un paso di calzone cinque fo¬
1713 3829 3095 3909 sua. Vi è sorpresa del padre il quale rini e gli grida da lontano : « Ricor¬
2412 3872 3072 3955 tice a un padre Fisolo ne¬
2403 3925 3076 3997 los e che non aggiunge nulla alla
2405 3976 2579 4024 omedia.
2424 3981 3074 4051 Schönherr ha avuto bisogno di ri-
2403 4031 3077 4091 rodurre un ambiente di quitti in un
2408 4070 3070 4126 se perduto chi sa in quale mon¬
2412 4107 3077 4154 agna per rendere, fino a un certo pun¬
2410 4140 3074 4187 , accettabili i suoi personaggle le sue
2642 4170 3095 4210 la Plan
