3344 4320
316 184 1001 298 Miscellaneous
1174 186 1602 298 box 42/3
546 712 751 797 Seite 12
1191 712 1426 797 Donnerstag
516 808 1698 868 Heimstätte der Kunst und des Denkens wie
504 852 1700 915 des Ihrigen wäre für die Menschheit ein
516 912 1700 964 unersetzlicher Verlust. In den Jahren der furchtbarsten
512 952 1696 1016 Erschütterungen hat sie jedoch Beweise einer solchen Lebensfülle
551 1003 1539 1057 bracht, die für ihre Unzerstörbarkeit zeugen.
626 1055 1706 1133 (Das Girardi=Denkmal.) In der jüngsten Sitzung
504 1121 1706 1182 des Girardi=Denkmalkommitees machte das den Vorsitz führende
516 1170 1706 1226 Präsidialmitglied Siegfried Loewy die Mitteilung, daß, da die
512 1216 1706 1272 Bildhauerarbeit im Laufe des Sommers rege Fortschritte geacht
511 1267 1700 1328 habe, die Fertigstellung, beziehungsweise Enthüllung denk¬
509 1267 1871 1368 mals in der ersten Hälfte April in bestimmte
516 1361 1708 1414 Aussicht genommen werden könne, vorausgesetzt, daß der auf die
512 1402 1706 1463 mit 28.000 Schilling präliminierten Kosten des Standbildes noch
519 1454 1710 1515 fehlende Betrag bis dahin aufgebracht sein wird. Der Vorsitzende
512 1502 1706 1556 konnte weiters mitteilen, daß Max Reinhardt dem Präsidium
507 1551 1706 1608 die Zusage gemacht habe, dem Denkmalfonds eine Vorstellung im
512 1602 1703 1659 Theater in der Josefstadt, eventuell im Theater an der Wien zu
512 1649 1696 1701 widmen, was mit großer Befriedigung zur Kenntnis genommen
512 1696 1696 1750 wurde. Zu Beginn der Sitzung widmete der Präsident dem ver¬
516 1742 1701 1801 storbenen Komiker Franz Glawatsch, der ein eifriges Mitglied
509 1789 1700 1857 des Girardi=Denkmalkomitees gewesen ist, einen von den Ver¬
519 1835 1372 1923 sammelten stehend angehörten warmen Nachruf.
633 1893 1713 1982 (Die Auswirkung des 7. Oktober auf die
504 1957 1708 2024 Mietenfrage.) Der Reichsbund der Haus= und Grundbesitzer
507 2011 1700 2073 Oesterreichs hatte für gestern abend in Meidling eine Massen¬
512 2057 1706 2114 versammlung einberufen, in der über den derzeitigen Stand der
512 2099 1708 2161 Mietenfrage Bericht erstattet wurde. Als erster Redner sprach der
509 2153 1805 2227 Obmannstellvertreter des Landesverbandes Wien Dr. Brück, der siche
509 2204 1705 2266 unter anderem ausführte: „Im Parlament wird nun endlich die
512 2236 1821 2327 Mietenfrage behandelt. Die erste Lesung des Gesetzes ist vorüber schaft
512 2293 1703 2349 und zu unserem Erstaunen hat die Opposition entgegen ihrem
519 2346 1701 2405 früheren Verhalten noch keine Obstruktion unternommen.
1727 2375 1815 2429 diesen
509 2390 1810 2452 (Zwischenruf: Das machen die Heimwehren,
509 2432 1823 2496 Sicherlich ist das auch ein Verdienst der Heimwehren. Aber auch zur de
519 2479 1706 2542 der unausgesetzte Ausbau des Bandesheeres, der Polizei und
1730 2483 1825 2550 delle
509 2533 1828 2588 Gendarmerie sind daran beteiligt. Der 7. Oktober hat die An¬
512 2577 1713 2637 bewiesen, daß sich die Machtverhältnisse
516 2625 1708 2691 in diesem Staate wesentlich geändert
516 2657 1830 2735 haben. Man sinkt nicht mehr in die Knie, wenn die Sozial¬ Tragi
512 2714 1830 2784 demokraten auf die Straße marschieren. In absehbarer Zeit wird ist ein
1728 2774 1823 2833 Schö¬
512 2777 1701 2831 die Opposition des Nationalrates de Gewalttätigkeit endgültig
512 2811 1832 2887 begraben und einen Frieden im Sinne der Majorität schließen bekan
1730 2870 1832 2926 Volu
509 2865 1696 2922 müssen. Mit Hupen und Tschinellen haben die Linksparteien bis
1730 2919 1832 2980 Bild
509 2907 1701 2988 her jede Beschlußfassung in der Mietenfrage unmöglich gemacht.
1730 2966 1820 3026 leger
521 2965 1700 3019 Sie haben diese Politik bereits aufgegeben, weil
1728 3014 1821 3075 chara
519 3019 1703 3073 Widerstände im eigenen Lager dagegen aufgetreten sind. Der
519 3059 1823 3120 Präsident der Reichsorganisation der Hausbesitzer Jugoslawiens wirkt
1734 3109 1813 3164 Scho
509 3109 1700 3176 Oberst Cackovic wies darauf hin, daß das Mietengesetz in
1730 3156 1808 3213 Sch.
519 3156 1696 3232 Jugoslawien zur selben Zeit entstanden sei wie in Oesterreich
516 3200 1703 3274 „Glücklicherweise gab es bei uns“, meinte er, „keine Sozialisten
519 3249 1706 3318 (Zwischenruf: Bolschewiken), die uns in dieser Frage solche
516 3293 1706 3362 Schwierigkeiten bereitet hätten. Uns ist der Abbau des Gesetzes
519 3349 1712 3420 gelungen und er wäre uns noch früher gelungen, wenn man
519 3389 1681 3460 nicht immer mit dem Finger nach Oesterreich gewiesen hätte.
516 3442 1700 3511 Nationalrat Pistor, der als nächster Redner sprach,
514 3487 1706 3562 erkläre, daß die Hausbesitzer von der im Nationalrat
519 3541 1708 3609 eingebrachten Vorlage keineswegs voll befriedigt seien.
524 3580 1706 3653 Aber angesichts der Tatsache, daß Hunderte Hausbesitzer in Oester¬
521 3631 1708 3695 reich nicht wissen, woher sie das Geld für Brot nehmen sollen,
514 3678 1712 3743 ist es besser, wenn eine schlechte Vorlage, als wenn überhaupt
516 3722 1708 3787 keine Vorlage zur Annahme gelangt. Nationalrat Pistor wandte
524 3783 1713 3846 sich schließlich scharf gegen die von den Sozialdemokraten so
521 3807 1737 3886 gepriesene öffentliche Bautätigkeit, die der Freunderwirtschaft nur
521 3873 1715 3939 Tür und Tor öffne und eine Verschwendung der Steuergelder der
516 3922 900 4000 Bevölkerung bedeute.
633 3971 1712 4051 (Die europäische Fahrplankonferenz in Wien.) Wie be¬
521 4023 1720 4074 richtet, tagt seit Montag in Wien die europäische Fahrplan- und
528 4062 1718 4117 Magenbeistellungskonferenz. Die Sitzung der gestrigen Hauptverhandlung
