<?xml version="1.0" encoding="UTF-8" standalone="yes"?>
<PcGts xmlns="http://schema.primaresearch.org/PAGE/gts/pagecontent/2013-07-15" xmlns:xsi="http://www.w3.org/2001/XMLSchema-instance" xsi:schemaLocation="http://schema.primaresearch.org/PAGE/gts/pagecontent/2013-07-15 http://schema.primaresearch.org/PAGE/gts/pagecontent/2013-07-15/pagecontent.xsd">
    <Metadata>
        <Creator>prov=READ-COOP:name=PyLaia@TranskribusPlatform:version=2.12.1:model_id=39995:lm=provided:date=28_03_2024_22:49</Creator>
        <Created>2019-10-07T20:37:14.126+02:00</Created>
        <LastChange>2024-03-28T22:49:41.073+01:00</LastChange>
        <TranskribusMetadata docId="224457" pageId="9578636" pageNr="44" tsid="156410741" status="IN_PROGRESS" userId="40391" imgUrl="https://files.transkribus.eu/Get?id=YQWQPZEWMOIHCOJXJTHPWPVX&amp;fileType=view" xmlUrl="https://files.transkribus.eu/Get?id=MYTORYDTGFKOWPPQEVLXTSJF" imageId="6208148"/>
    </Metadata>
    <Page imageFilename="224457_0044.jpeg" imageWidth="3436" imageHeight="4320">
        <ReadingOrder>
            <OrderedGroup id="ro_1712662139319" caption="Regions reading order">
                <RegionRefIndexed index="0" regionRef="tr_1"/>
                <RegionRefIndexed index="1" regionRef="tr_2"/>
            </OrderedGroup>
        </ReadingOrder>
        <TextRegion orientation="0.0" id="tr_1" custom="readingOrder {index:0;}">
            <Coords points="343,111 343,4240 1274,4240 1274,111"/>
            <TextLine id="tr_1_tl_1" custom="readingOrder {index:0;}">
                <Coords points="586,152 603,147 611,139 617,143 630,140 638,145 648,144 655,138 672,143 671,124 647,120 617,122 601,110 585,113"/>
                <Baseline points="591,131 618,131 646,132 674,134"/>
                <TextEquiv>
                    <Unicode></Unicode>
                </TextEquiv>
            </TextLine>
            <TextLine id="tr_1_tl_2" custom="readingOrder {index:1;}">
                <Coords points="738,148 777,148 785,153 799,145 810,150 850,144 893,149 891,127 871,126 862,119 852,126 817,117 795,127 782,121 758,127 736,121"/>
                <Baseline points="743,134 768,134 793,134 819,136 844,137 869,137 895,140"/>
                <TextEquiv>
                    <Unicode></Unicode>
                </TextEquiv>
            </TextLine>
            <TextLine id="tr_1_tl_3" custom="readingOrder {index:2;}">
                <Coords points="998,148 1027,158 1052,148 1261,157 1274,153 1273,120 1248,128 997,123"/>
                <Baseline points="1003,140 1030,138 1057,138 1084,139 1111,141 1138,143 1165,143 1192,142 1219,141 1246,140 1274,140"/>
                <TextEquiv>
                    <Unicode></Unicode>
                </TextEquiv>
            </TextLine>
            <TextLine id="tr_1_tl_4" custom="readingOrder {index:3;}">
                <Coords points="376,184 1240,200 1256,154 374,143"/>
                <Baseline points="382,173 425,173 469,176 513,173 557,173 601,176 645,176 688,176 732,178 776,179 820,179 864,181 908,182 952,182 995,182 1039,184 1083,183 1127,184 1171,187 1215,186 1259,185"/>
                <TextEquiv>
                    <Unicode>go y novelista austríaco Arturo Schnitz</Unicode>
                </TextEquiv>
            </TextLine>
            <TextLine id="tr_1_tl_5" custom="readingOrder {index:4;}">
                <Coords points="373,226 1256,239 1246,197 373,183"/>
                <Baseline points="379,211 423,214 467,214 511,217 555,217 599,217 643,220 687,220 731,220 775,220 819,217 863,222 907,223 951,223 995,223 1039,225 1083,226 1127,226 1171,226 1215,226 1259,223"/>
                <TextEquiv>
                    <Unicode>ler. Ya hace años le consagré un largo es</Unicode>
                </TextEquiv>
            </TextLine>
            <TextLine id="tr_1_tl_6" custom="readingOrder {index:5;}">
                <Coords points="370,268 1264,278 1262,234 370,226"/>
                <Baseline points="376,256 420,259 464,259 509,256 553,259 598,259 642,262 687,262 731,262 776,262 820,262 864,265 909,265 953,265 998,268 1042,268 1087,268 1131,268 1176,268 1220,268 1265,265"/>
                <TextEquiv>
                    <Unicode>tudio, destacando lo que había en ese es¬</Unicode>
                </TextEquiv>
            </TextLine>
            <TextLine id="tr_1_tl_7" custom="readingOrder {index:6;}">
                <Coords points="371,309 1264,327 1262,284 1210,276 370,269"/>
                <Baseline points="376,298 420,301 464,301 509,298 553,301 598,304 642,304 687,304 731,307 776,304 820,307 864,307 909,307 953,307 998,310 1042,313 1087,313 1131,310 1176,313 1220,313 1265,310"/>
                <TextEquiv>
                    <Unicode>critor de original y de nuevo. Si lo traigo</Unicode>
                </TextEquiv>
            </TextLine>
            <TextLine id="tr_1_tl_8" custom="readingOrder {index:7;}">
                <Coords points="367,351 1204,374 1268,364 1268,330 365,303"/>
                <Baseline points="373,343 417,343 462,343 507,343 552,346 597,346 642,349 687,349 732,349 777,349 822,352 866,349 911,349 956,349 1001,352 1046,355 1091,355 1136,355 1181,355 1226,358 1271,358"/>
                <TextEquiv>
                    <Unicode>otra vez a cuento es por el libro que, a</Unicode>
                </TextEquiv>
            </TextLine>
            <TextLine id="tr_1_tl_9" custom="readingOrder {index:8;}">
                <Coords points="370,396 1191,420 1257,408 1257,364 369,353"/>
                <Baseline points="376,382 420,388 464,388 508,388 552,388 596,388 640,388 685,391 729,391 773,391 817,394 861,394 905,394 949,394 994,396 1038,395 1082,396 1126,397 1170,397 1214,399 1259,394"/>
                <TextEquiv>
                    <Unicode>estudiarlo, le ha consagrado el ilustre cri¬</Unicode>
                </TextEquiv>
            </TextLine>
            <TextLine id="tr_1_tl_10" custom="readingOrder {index:9;}">
                <Coords points="368,438 1204,459 1260,455 1259,406 367,398"/>
                <Baseline points="373,429 417,432 461,429 506,429 550,432 595,432 639,432 684,432 728,435 773,435 817,435 861,438 906,435 950,438 995,435 1039,438 1084,438 1128,438 1173,438 1217,438 1262,441"/>
                <TextEquiv>
                    <Unicode>tico Koerner. Estudia lo que él llama el</Unicode>
                </TextEquiv>
            </TextLine>
            <TextLine id="tr_1_tl_11" custom="readingOrder {index:10;}">
                <Coords points="364,483 1262,498 1232,447 364,439"/>
                <Baseline points="370,474 414,474 459,474 504,474 549,474 593,474 638,477 683,477 728,477 772,477 817,477 862,480 907,480 951,480 996,480 1041,480 1086,480 1130,483 1175,483 1220,483 1265,483"/>
                <TextEquiv>
                    <Unicode>fenómeno Schnitzler. Hace un estudio</Unicode>
                </TextEquiv>
            </TextLine>
            <TextLine id="tr_1_tl_12" custom="readingOrder {index:11;}">
                <Coords points="371,524 1253,536 1225,489 1178,514 1037,485 370,482"/>
                <Baseline points="376,519 420,516 464,516 508,516 552,519 596,519 640,519 684,519 728,522 772,522 816,522 860,522 904,522 948,521 992,525 1036,525 1080,526 1124,528 1168,528 1212,528 1256,525"/>
                <TextEquiv>
                    <Unicode>metódico y sistemático. Comienza po-</Unicode>
                </TextEquiv>
            </TextLine>
            <TextLine id="tr_1_tl_13" custom="readingOrder {index:12;}">
                <Coords points="361,575 1253,578 1243,534 914,559 843,529 361,528"/>
                <Baseline points="367,561 411,561 455,561 500,561 544,561 589,561 633,561 678,564 722,567 767,567 811,567 855,567 900,570 944,567 989,570 1033,567 1078,570 1122,573 1167,573 1211,570 1256,570"/>
                <TextEquiv>
                    <Unicode>apuntar su ascendencia semitica, igual</Unicode>
                </TextEquiv>
            </TextLine>
            <TextLine id="tr_1_tl_14" custom="readingOrder {index:13;}">
                <Coords points="370,617 1256,623 1255,578 1122,603 937,569 370,575"/>
                <Baseline points="376,606 420,606 464,603 508,606 552,606 596,606 640,609 685,609 729,609 773,612 817,612 861,609 905,611 949,612 994,612 1038,612 1082,614 1126,615 1170,613 1214,614 1259,615"/>
                <TextEquiv>
                    <Unicode>que la de sus contemporaneos y, según</Unicode>
                </TextEquiv>
            </TextLine>
            <TextLine id="tr_1_tl_15" custom="readingOrder {index:14;}">
                <Coords points="357,658 1253,673 1243,621 1105,645 905,614 357,617"/>
                <Baseline points="364,647 408,647 453,647 497,647 542,650 587,650 631,650 676,650 720,650 765,650 810,650 854,650 899,653 943,653 988,653 1033,653 1077,656 1122,656 1166,656 1211,656 1256,653"/>
                <TextEquiv>
                    <Unicode>él, sus inspiradores — Weininger, el filó¬</Unicode>
                </TextEquiv>
            </TextLine>
            <TextLine id="tr_1_tl_16" custom="readingOrder {index:15;}">
                <Coords points="357,706 1253,707 1253,680 1171,660 853,683 357,658"/>
                <Baseline points="364,689 408,692 453,689 497,692 542,692 587,695 631,695 676,695 720,698 765,698 810,695 854,698 899,698 943,698 988,701 1033,701 1077,698 1122,701 1166,701 1211,701 1256,698"/>
                <TextEquiv>
                    <Unicode>sofo de la sexualidad, y Freud, el biolo¬</Unicode>
                </TextEquiv>
            </TextLine>
            <TextLine id="tr_1_tl_17" custom="readingOrder {index:16;}">
                <Coords points="364,749 1257,761 1257,719 1215,709 364,706"/>
                <Baseline points="370,740 414,737 458,737 503,737 547,734 592,737 636,740 681,740 725,740 770,740 814,740 858,740 903,743 947,740 992,743 1036,746 1081,746 1125,743 1170,746 1214,746 1259,746"/>
                <TextEquiv>
                    <Unicode>gista de la misma. Schnitzler ha narrado,</Unicode>
                </TextEquiv>
            </TextLine>
            <TextLine id="tr_1_tl_18" custom="readingOrder {index:17;}">
                <Coords points="364,784 1256,796 1224,752 364,748"/>
                <Baseline points="370,779 414,779 458,779 503,779 547,779 592,782 636,782 681,779 725,779 770,782 814,782 858,785 903,785 947,785 992,785 1036,788 1081,788 1125,788 1170,788 1214,788 1259,791"/>
                <TextEquiv>
                    <Unicode>como literato, con verdadero talento de</Unicode>
                </TextEquiv>
            </TextLine>
            <TextLine id="tr_1_tl_19" custom="readingOrder {index:18;}">
                <Coords points="355,831 1249,842 1248,798 1212,792 355,788"/>
                <Baseline points="361,821 405,821 449,821 494,823 538,823 583,823 627,823 672,823 716,823 761,826 805,826 849,826 894,826 938,829 983,829 1027,829 1072,832 1116,832 1161,832 1205,832 1250,829"/>
                <TextEquiv>
                    <Unicode>artista, aquellos casos picológicos y pato¬</Unicode>
                </TextEquiv>
            </TextLine>
            <TextLine id="tr_1_tl_20" custom="readingOrder {index:19;}">
                <Coords points="357,879 1240,890 1250,851 356,833"/>
                <Baseline points="364,865 408,865 452,865 497,865 541,868 586,868 630,865 675,868 719,868 764,871 808,868 852,871 897,868 941,871 986,871 1030,874 1075,874 1119,877 1164,874 1208,877 1253,877"/>
                <TextEquiv>
                    <Unicode>lógicos que Weininger y Freud han tra¬</Unicode>
                </TextEquiv>
            </TextLine>
            <TextLine id="tr_1_tl_21" custom="readingOrder {index:20;}">
                <Coords points="355,916 1250,937 1250,891 354,877"/>
                <Baseline points="361,907 405,910 450,907 494,910 539,910 584,913 628,910 673,913 717,913 762,913 807,913 851,913 896,916 940,916 985,916 1030,919 1074,919 1119,919 1163,919 1208,919 1253,919"/>
                <TextEquiv>
                    <Unicode>tado de explicar como sabios. Y, según</Unicode>
                </TextEquiv>
            </TextLine>
            <TextLine id="tr_1_tl_22" custom="readingOrder {index:21;}">
                <Coords points="355,962 1248,972 1248,936 1208,925 355,917"/>
                <Baseline points="361,952 405,952 449,952 494,952 538,955 583,955 627,955 672,958 716,955 761,958 805,958 849,961 894,961 938,961 983,961 1027,961 1072,961 1116,961 1161,964 1205,964 1250,961"/>
                <TextEquiv>
                    <Unicode>Koerner, el parentesco intelectual entre</Unicode>
                </TextEquiv>
            </TextLine>
            <TextLine id="tr_1_tl_23" custom="readingOrder {index:22;}">
                <Coords points="355,1016 1235,1020 1244,971 354,962"/>
                <Baseline points="361,994 405,997 449,1000 493,1000 538,997 582,1000 626,997 671,1000 715,1000 759,1000 804,1003 848,1003 892,1003 936,1003 981,1006 1025,1006 1069,1006 1114,1006 1158,1006 1202,1008 1247,1006"/>
                <TextEquiv>
                    <Unicode>Schnitzler Freud en particular, es pro</Unicode>
                </TextEquiv>
            </TextLine>
            <TextLine id="tr_1_tl_24" custom="readingOrder {index:23;}">
                <Coords points="352,1050 1241,1060 1212,1014 352,1017"/>
                <Baseline points="358,1041 402,1041 446,1041 490,1041 535,1041 579,1044 623,1041 668,1044 712,1044 756,1044 801,1047 845,1047 889,1047 933,1047 978,1047 1022,1050 1066,1050 1111,1050 1155,1050 1199,1050 1244,1050"/>
                <TextEquiv>
                    <Unicode>ximo, de una identidad innegable</Unicode>
                </TextEquiv>
            </TextLine>
            <TextLine id="tr_1_tl_25" custom="readingOrder {index:24;}">
                <Coords points="348,1085 438,1117 1236,1109 1252,1059 347,1051"/>
                <Baseline points="355,1083 400,1086 445,1086 490,1086 535,1086 580,1083 625,1083 670,1086 715,1089 760,1089 805,1092 850,1095 895,1092 940,1092 985,1092 1030,1092 1075,1092 1120,1095 1165,1095 1210,1095 1256,1095"/>
                <TextEquiv>
                    <Unicode>Schnitzler es médico, y ya en el curso de</Unicode>
                </TextEquiv>
            </TextLine>
            <TextLine id="tr_1_tl_26" custom="readingOrder {index:25;}">
                <Coords points="348,1144 1250,1149 1241,1104 348,1104"/>
                <Baseline points="355,1128 399,1128 444,1128 489,1131 534,1131 579,1128 624,1128 669,1131 714,1134 759,1134 804,1134 848,1134 893,1134 938,1134 983,1134 1028,1137 1073,1137 1118,1137 1163,1137 1208,1137 1253,1140"/>
                <TextEquiv>
                    <Unicode>sus estudios académicos sentia, como el</Unicode>
                </TextEquiv>
            </TextLine>
            <TextLine id="tr_1_tl_27" custom="readingOrder {index:26;}">
                <Coords points="348,1175 1094,1204 1240,1196 1250,1158 347,1144"/>
                <Baseline points="355,1170 399,1173 444,1173 489,1173 534,1173 579,1176 624,1176 669,1176 714,1179 759,1176 804,1176 848,1179 893,1179 938,1182 983,1179 1028,1182 1073,1182 1118,1182 1163,1182 1208,1182 1253,1182"/>
                <TextEquiv>
                    <Unicode>creador de la psicoanálisis, una marcada</Unicode>
                </TextEquiv>
            </TextLine>
            <TextLine id="tr_1_tl_28" custom="readingOrder {index:27;}">
                <Coords points="362,1230 1234,1253 1248,1193 361,1181"/>
                <Baseline points="367,1218 411,1215 455,1218 499,1218 543,1218 587,1221 631,1221 676,1224 720,1224 764,1224 808,1224 852,1224 896,1224 940,1224 985,1226 1029,1227 1073,1225 1117,1226 1161,1227 1205,1229 1250,1224"/>
                <TextEquiv>
                    <Unicode>predilección por las experiencias psicolo¬</Unicode>
                </TextEquiv>
            </TextLine>
            <TextLine id="tr_1_tl_29" custom="readingOrder {index:28;}">
                <Coords points="357,1276 371,1285 398,1275 407,1266 422,1267 430,1275 443,1270 453,1273 463,1267 475,1270 475,1233 459,1231 446,1239 441,1234 421,1235 407,1224 388,1224 379,1232 357,1232"/>
                <Baseline points="364,1262 392,1259 420,1259 448,1259 477,1259"/>
                <TextEquiv>
                    <Unicode>gicas.</Unicode>
                </TextEquiv>
            </TextLine>
            <TextLine id="tr_1_tl_30" custom="readingOrder {index:29;}">
                <Coords points="397,1307 1250,1322 1250,1275 1216,1269 397,1269"/>
                <Baseline points="403,1304 445,1304 488,1307 530,1307 573,1307 615,1307 658,1307 700,1307 743,1307 785,1309 828,1310 870,1310 913,1310 955,1310 998,1310 1040,1311 1083,1313 1125,1313 1168,1313 1210,1313 1253,1313"/>
                <TextEquiv>
                    <Unicode>Aun cuando el campo de actuación de</Unicode>
                </TextEquiv>
            </TextLine>
            <TextLine id="tr_1_tl_31" custom="readingOrder {index:30;}">
                <Coords points="355,1356 1183,1371 1248,1367 1248,1327 354,1304"/>
                <Baseline points="361,1346 405,1346 449,1346 494,1346 538,1349 583,1349 627,1352 672,1349 716,1352 761,1352 805,1352 849,1352 894,1352 938,1355 983,1352 1027,1352 1072,1355 1116,1355 1161,1358 1205,1358 1250,1358"/>
                <TextEquiv>
                    <Unicode>ambos es tan diverso, existe entre ellos</Unicode>
                </TextEquiv>
            </TextLine>
            <TextLine id="tr_1_tl_32" custom="readingOrder {index:31;}">
                <Coords points="357,1410 1255,1415 1253,1373 1209,1364 357,1354"/>
                <Baseline points="364,1391 408,1391 453,1391 497,1391 542,1391 587,1394 631,1394 676,1394 720,1394 765,1394 810,1394 854,1397 899,1397 943,1397 988,1397 1033,1397 1077,1400 1122,1400 1166,1400 1211,1400 1256,1403"/>
                <TextEquiv>
                    <Unicode>una indudable analogía de espiritu. Antes</Unicode>
                </TextEquiv>
            </TextLine>
            <TextLine id="tr_1_tl_33" custom="readingOrder {index:32;}">
                <Coords points="357,1448 1235,1449 1235,1417 1135,1405 357,1410"/>
                <Baseline points="364,1436 407,1433 451,1433 495,1436 538,1436 582,1436 626,1436 669,1436 713,1436 757,1436 801,1438 844,1439 888,1439 932,1439 975,1439 1019,1439 1063,1439 1106,1440 1150,1441 1194,1441 1238,1439"/>
                <TextEquiv>
                    <Unicode>que el sabio, el escritor parece haber pre¬</Unicode>
                </TextEquiv>
            </TextLine>
            <TextLine id="tr_1_tl_34" custom="readingOrder {index:33;}">
                <Coords points="357,1490 1248,1501 1247,1449 357,1443"/>
                <Baseline points="364,1471 408,1471 452,1471 496,1471 541,1474 585,1474 629,1474 674,1477 718,1477 762,1477 807,1477 851,1480 895,1480 939,1480 984,1483 1028,1483 1072,1483 1117,1483 1161,1483 1205,1483 1250,1483"/>
                <TextEquiv>
                    <Unicode>sentido el papel que desempeña el Incons¬</Unicode>
                </TextEquiv>
            </TextLine>
            <TextLine id="tr_1_tl_35" custom="readingOrder {index:34;}">
                <Coords points="348,1518 1250,1535 1231,1493 348,1490"/>
                <Baseline points="355,1516 399,1516 444,1519 489,1519 534,1519 579,1519 624,1519 669,1516 714,1516 759,1519 804,1519 848,1519 893,1522 938,1522 983,1522 1028,1525 1073,1522 1118,1525 1163,1522 1208,1525 1253,1525"/>
                <TextEquiv>
                    <Unicode>ciente, cuando por boca de uno de sus</Unicode>
                </TextEquiv>
            </TextLine>
            <TextLine id="tr_1_tl_36" custom="readingOrder {index:35;}">
                <Coords points="357,1577 1250,1583 1239,1534 357,1532"/>
                <Baseline points="364,1561 408,1561 452,1561 497,1561 541,1561 586,1561 630,1561 675,1564 719,1561 764,1564 808,1564 852,1564 897,1561 941,1564 986,1564 1030,1564 1075,1567 1119,1567 1164,1570 1208,1570 1253,1570"/>
                <TextEquiv>
                    <Unicode>personajes se expresa en estos términos:</Unicode>
                </TextEquiv>
            </TextLine>
            <TextLine id="tr_1_tl_37" custom="readingOrder {index:36;}">
                <Coords points="353,1617 1251,1627 1250,1584 352,1584"/>
                <Baseline points="358,1600 402,1603 447,1606 492,1606 537,1606 581,1606 626,1606 671,1606 716,1606 760,1609 805,1606 850,1606 895,1603 939,1606 984,1606 1029,1609 1074,1612 1118,1612 1163,1612 1208,1612 1253,1615"/>
                <TextEquiv>
                    <Unicode>«La mayor parte de los seres humanos no</Unicode>
                </TextEquiv>
            </TextLine>
            <TextLine id="tr_1_tl_38" custom="readingOrder {index:37;}">
                <Coords points="343,1656 1250,1671 1250,1643 1161,1619 343,1626"/>
                <Baseline points="349,1647 394,1647 439,1647 484,1650 529,1650 575,1650 620,1647 665,1650 710,1650 755,1650 801,1650 846,1650 891,1653 936,1650 981,1653 1027,1653 1072,1653 1117,1653 1162,1656 1207,1657 1253,1662"/>
                <TextEquiv>
                    <Unicode>sospecha siquiera todo lo que ellos saben,</Unicode>
                </TextEquiv>
            </TextLine>
            <TextLine id="tr_1_tl_39" custom="readingOrder {index:38;}">
                <Coords points="346,1703 1239,1716 1239,1670 1203,1664 346,1671"/>
                <Baseline points="352,1689 396,1692 440,1692 485,1692 529,1695 574,1695 618,1695 663,1695 707,1698 752,1698 796,1698 840,1698 885,1698 929,1698 974,1698 1018,1698 1063,1698 1107,1698 1152,1701 1196,1701 1241,1701"/>
                <TextEquiv>
                    <Unicode>sin darse cuenta, en las profundidades del</Unicode>
                </TextEquiv>
            </TextLine>
            <TextLine id="tr_1_tl_40" custom="readingOrder {index:39;}">
                <Coords points="346,1760 362,1764 404,1743 436,1749 450,1760 462,1752 472,1756 484,1748 498,1749 499,1703 442,1709 433,1704 395,1706 388,1700 346,1715"/>
                <Baseline points="352,1737 381,1735 411,1737 441,1737 471,1736 501,1734"/>
                <TextEquiv>
                    <Unicode>alma.»</Unicode>
                </TextEquiv>
            </TextLine>
            <TextLine id="tr_1_tl_41" custom="readingOrder {index:40;}">
                <Coords points="390,1789 1241,1798 1241,1753 1152,1739 390,1746"/>
                <Baseline points="397,1782 439,1782 481,1782 524,1782 566,1782 608,1782 651,1782 693,1782 735,1780 778,1781 820,1782 862,1782 905,1782 947,1783 989,1785 1032,1785 1074,1785 1116,1785 1159,1788 1201,1788 1244,1788"/>
                <TextEquiv>
                    <Unicode>Lo que nos ofrece, en sus narraciones</Unicode>
                </TextEquiv>
            </TextLine>
            <TextLine id="tr_1_tl_42" custom="readingOrder {index:41;}">
                <Coords points="346,1835 1247,1841 1246,1799 1190,1795 345,1787"/>
                <Baseline points="352,1824 396,1824 441,1824 486,1824 531,1824 576,1827 621,1827 666,1827 711,1827 756,1827 801,1827 845,1827 890,1830 935,1827 980,1827 1025,1830 1070,1830 1115,1830 1160,1833 1205,1833 1250,1833"/>
                <TextEquiv>
                    <Unicode>novelescas, son casos patológicos. Antes</Unicode>
                </TextEquiv>
            </TextLine>
            <TextLine id="tr_1_tl_43" custom="readingOrder {index:42;}">
                <Coords points="355,1877 1248,1878 1234,1838 355,1839"/>
                <Baseline points="361,1865 405,1868 449,1865 494,1868 538,1868 583,1868 627,1871 672,1868 716,1871 761,1871 805,1871 849,1871 894,1874 938,1871 983,1871 1027,1871 1072,1871 1116,1874 1161,1874 1205,1874 1250,1868"/>
                <TextEquiv>
                    <Unicode>que Koerner lo han señalado todos los cri¬</Unicode>
                </TextEquiv>
            </TextLine>
            <TextLine id="tr_1_tl_44" custom="readingOrder {index:43;}">
                <Coords points="353,1921 1241,1931 1209,1882 352,1878"/>
                <Baseline points="358,1913 402,1913 446,1910 490,1913 535,1913 579,1913 623,1913 668,1916 712,1916 756,1916 801,1916 845,1916 889,1916 933,1916 978,1916 1022,1913 1066,1913 1111,1918 1155,1919 1199,1919 1244,1916"/>
                <TextEquiv>
                    <Unicode>ticos de Schnitzler. Saltan a la vista, sin</Unicode>
                </TextEquiv>
            </TextLine>
            <TextLine id="tr_1_tl_45" custom="readingOrder {index:44;}">
                <Coords points="343,1967 1250,1980 1217,1927 343,1929"/>
                <Baseline points="349,1952 394,1955 439,1955 484,1955 529,1955 575,1955 620,1958 665,1958 710,1961 755,1961 801,1958 846,1961 891,1961 936,1961 981,1961 1027,1961 1072,1961 1117,1964 1162,1964 1207,1964 1253,1964"/>
                <TextEquiv>
                    <Unicode>necesidad de una aguda penetración y de</Unicode>
                </TextEquiv>
            </TextLine>
            <TextLine id="tr_1_tl_46" custom="readingOrder {index:45;}">
                <Coords points="344,2012 854,2017 853,1982 807,1967 343,1967"/>
                <Baseline points="349,1997 374,1997 399,1997 425,1999 450,2000 475,2000 501,1999 526,1997 551,1999 577,2000 602,2000 627,2001 653,2002 678,2002 703,2000 729,2001 754,2003 779,2003 805,2003 830,2003 856,2006"/>
                <TextEquiv>
                    <Unicode>una observación sagaz.</Unicode>
                </TextEquiv>
            </TextLine>
            <TextLine id="tr_1_tl_47" custom="readingOrder {index:46;}">
                <Coords points="385,2054 1241,2059 1218,2010 385,2011"/>
                <Baseline points="391,2042 433,2042 476,2042 518,2045 561,2045 604,2045 646,2045 689,2045 732,2045 774,2047 817,2048 860,2048 902,2048 945,2048 988,2048 1030,2048 1073,2048 1116,2049 1158,2051 1201,2051 1244,2045"/>
                <TextEquiv>
                    <Unicode>En «Morir», por ejemplo, una de las no¬</Unicode>
                </TextEquiv>
            </TextLine>
            <TextLine id="tr_1_tl_48" custom="readingOrder {index:47;}">
                <Coords points="348,2098 1239,2097 1239,2059 348,2058"/>
                <Baseline points="355,2086 399,2086 443,2089 487,2089 532,2089 576,2089 620,2089 665,2089 709,2089 753,2089 798,2092 842,2092 886,2092 930,2092 975,2092 1019,2092 1063,2090 1108,2091 1152,2092 1196,2092 1241,2089"/>
                <TextEquiv>
                    <Unicode>velas cortas más emocionantes de este au¬</Unicode>
                </TextEquiv>
            </TextLine>
            <TextLine id="tr_1_tl_49" custom="readingOrder {index:48;}">
                <Coords points="348,2148 1241,2152 1241,2110 1141,2100 348,2100"/>
                <Baseline points="355,2131 399,2134 443,2134 488,2134 532,2131 577,2134 621,2134 666,2134 710,2134 755,2134 799,2134 843,2134 888,2134 932,2134 977,2131 1021,2134 1066,2134 1110,2134 1155,2137 1199,2137 1244,2137"/>
                <TextEquiv>
                    <Unicode>tor, que tira siempre a un dramatismo</Unicode>
                </TextEquiv>
            </TextLine>
            <TextLine id="tr_1_tl_50" custom="readingOrder {index:49;}">
                <Coords points="343,2192 1241,2188 1226,2145 343,2148"/>
                <Baseline points="349,2173 393,2176 438,2176 483,2176 528,2179 572,2179 617,2179 662,2179 707,2179 751,2179 796,2176 841,2179 886,2179 930,2176 975,2176 1020,2176 1065,2179 1109,2179 1154,2179 1199,2179 1244,2179"/>
                <TextEquiv>
                    <Unicode>exasperado, nos ofrece la trágica situación</Unicode>
                </TextEquiv>
            </TextLine>
            <TextLine id="tr_1_tl_51" custom="readingOrder {index:50;}">
                <Coords points="348,2232 1239,2236 1239,2199 1200,2188 348,2189"/>
                <Baseline points="355,2218 399,2221 443,2221 487,2218 532,2221 576,2221 620,2221 665,2221 709,2221 753,2221 798,2221 842,2221 886,2224 930,2224 975,2224 1019,2222 1063,2221 1108,2221 1152,2223 1196,2224 1241,2218"/>
                <TextEquiv>
                    <Unicode>de un enfermo y de su amante. Elevándo¬</Unicode>
                </TextEquiv>
            </TextLine>
            <TextLine id="tr_1_tl_52" custom="readingOrder {index:51;}">
                <Coords points="337,2272 1068,2291 1244,2278 1244,2240 336,2235"/>
                <Baseline points="343,2260 388,2262 433,2262 478,2262 523,2265 569,2262 614,2265 659,2262 704,2265 749,2262 795,2262 840,2265 885,2265 930,2265 975,2265 1021,2262 1066,2265 1111,2265 1156,2265 1201,2265 1247,2268"/>
                <TextEquiv>
                    <Unicode>se de la realidad dolorosa en que viven</Unicode>
                </TextEquiv>
            </TextLine>
            <TextLine id="tr_1_tl_53" custom="readingOrder {index:52;}">
                <Coords points="346,2318 1244,2330 1244,2278 1195,2273 346,2274"/>
                <Baseline points="352,2304 396,2304 441,2304 486,2304 531,2307 575,2307 620,2307 665,2307 710,2307 754,2307 799,2307 844,2310 889,2307 933,2310 978,2310 1023,2313 1068,2310 1112,2310 1157,2310 1202,2313 1247,2313"/>
                <TextEquiv>
                    <Unicode>esos personajes, adquieren una superior</Unicode>
                </TextEquiv>
            </TextLine>
            <TextLine id="tr_1_tl_54" custom="readingOrder {index:53;}">
                <Coords points="348,2364 937,2363 936,2327 881,2316 712,2313 660,2339 615,2313 347,2320"/>
                <Baseline points="355,2346 384,2348 413,2349 442,2349 472,2351 501,2352 530,2352 559,2352 589,2352 618,2352 647,2352 676,2352 706,2352 735,2352 764,2352 793,2352 823,2352 852,2352 881,2352 910,2353 940,2355"/>
                <TextEquiv>
                    <Unicode>representación de simbolos.</Unicode>
                </TextEquiv>
            </TextLine>
            <TextLine id="tr_1_tl_55" custom="readingOrder {index:54;}">
                <Coords points="388,2404 1247,2412 1247,2356 1068,2346 954,2374 388,2365"/>
                <Baseline points="394,2391 436,2394 479,2397 522,2397 565,2397 608,2397 650,2395 693,2396 736,2395 779,2396 822,2397 864,2397 907,2397 950,2397 993,2397 1036,2397 1078,2398 1121,2399 1164,2397 1207,2397 1250,2400"/>
                <TextEquiv>
                    <Unicode>Como parece obligado, el tema de</Unicode>
                </TextEquiv>
            </TextLine>
            <TextLine id="tr_1_tl_56" custom="readingOrder {index:55;}">
                <Coords points="339,2447 1244,2455 1244,2415 1153,2399 893,2429 339,2396"/>
                <Baseline points="346,2439 391,2439 436,2439 481,2439 526,2442 571,2442 616,2442 661,2439 706,2439 751,2439 796,2442 841,2439 886,2442 931,2442 976,2439 1021,2442 1066,2442 1111,2442 1156,2442 1201,2442 1247,2442"/>
                <TextEquiv>
                    <Unicode>Schnitzler, lo mismo en sus dramas que</Unicode>
                </TextEquiv>
            </TextLine>
            <TextLine id="tr_1_tl_57" custom="readingOrder {index:56;}">
                <Coords points="346,2490 1244,2496 1227,2448 346,2455"/>
                <Baseline points="352,2480 396,2480 441,2480 486,2480 531,2483 575,2480 620,2483 665,2483 710,2483 754,2483 799,2483 844,2483 889,2483 933,2483 978,2483 1023,2483 1068,2483 1112,2483 1157,2486 1202,2486 1247,2489"/>
                <TextEquiv>
                    <Unicode>en sus novelas, es el amor. Pero no es el</Unicode>
                </TextEquiv>
            </TextLine>
            <TextLine id="tr_1_tl_58" custom="readingOrder {index:57;}">
                <Coords points="337,2532 1241,2540 1232,2494 337,2501"/>
                <Baseline points="343,2522 388,2525 433,2525 478,2525 523,2525 568,2525 613,2525 658,2525 703,2525 748,2525 793,2525 838,2528 883,2528 928,2528 973,2528 1018,2528 1063,2528 1108,2528 1153,2531 1198,2531 1244,2531"/>
                <TextEquiv>
                    <Unicode>amor engendrado en una sentimentalidad</Unicode>
                </TextEquiv>
            </TextLine>
            <TextLine id="tr_1_tl_59" custom="readingOrder {index:58;}">
                <Coords points="343,2572 1244,2582 1244,2539 1208,2537 343,2532"/>
                <Baseline points="349,2564 393,2567 438,2567 483,2570 528,2570 573,2570 618,2570 663,2570 708,2573 753,2570 798,2573 842,2573 887,2573 932,2570 977,2573 1022,2573 1067,2570 1112,2573 1157,2573 1202,2573 1247,2573"/>
                <TextEquiv>
                    <Unicode>exquisita, limpia de impurezas, sino un</Unicode>
                </TextEquiv>
            </TextLine>
            <TextLine id="tr_1_tl_60" custom="readingOrder {index:59;}">
                <Coords points="339,2614 1241,2629 1233,2580 339,2583"/>
                <Baseline points="346,2612 390,2612 435,2612 480,2612 525,2612 570,2612 615,2612 660,2612 705,2615 750,2615 795,2612 839,2612 884,2612 929,2615 974,2615 1019,2615 1064,2615 1109,2615 1154,2615 1199,2618 1244,2618"/>
                <TextEquiv>
                    <Unicode>amor vulgar, con mucho de morboso. En</Unicode>
                </TextEquiv>
            </TextLine>
            <TextLine id="tr_1_tl_61" custom="readingOrder {index:60;}">
                <Coords points="346,2670 1241,2679 1241,2629 346,2619"/>
                <Baseline points="352,2657 396,2657 441,2657 485,2654 530,2654 575,2654 619,2657 664,2657 708,2657 753,2660 798,2660 842,2657 887,2657 931,2657 976,2657 1021,2660 1065,2657 1110,2660 1154,2660 1199,2660 1244,2660"/>
                <TextEquiv>
                    <Unicode>los héros de Schnitzler, el amor no es</Unicode>
                </TextEquiv>
            </TextLine>
            <TextLine id="tr_1_tl_62" custom="readingOrder {index:61;}">
                <Coords points="343,2714 1244,2720 1244,2679 1186,2666 343,2673"/>
                <Baseline points="349,2698 393,2701 438,2698 483,2701 528,2701 573,2701 618,2698 663,2701 708,2698 753,2701 798,2701 842,2701 887,2701 932,2701 977,2698 1022,2701 1067,2701 1112,2704 1157,2701 1202,2704 1247,2704"/>
                <TextEquiv>
                    <Unicode>una exaltación poética del espíritu, sino</Unicode>
                </TextEquiv>
            </TextLine>
            <TextLine id="tr_1_tl_63" custom="readingOrder {index:62;}">
                <Coords points="346,2757 1244,2764 1244,2722 1193,2708 346,2714"/>
                <Baseline points="352,2743 396,2746 441,2743 486,2743 531,2743 575,2746 620,2743 665,2743 710,2743 754,2743 799,2743 844,2743 889,2743 933,2743 978,2743 1023,2746 1068,2746 1112,2746 1157,2746 1202,2746 1247,2749"/>
                <TextEquiv>
                    <Unicode>una enfermedad de los sentidos que hace</Unicode>
                </TextEquiv>
            </TextLine>
            <TextLine id="tr_1_tl_64" custom="readingOrder {index:63;}">
                <Coords points="337,2806 1239,2813 1239,2764 1149,2750 337,2772"/>
                <Baseline points="343,2785 387,2788 432,2788 477,2788 522,2785 567,2788 612,2788 657,2788 702,2788 747,2788 792,2788 836,2788 881,2788 926,2788 971,2788 1016,2791 1061,2788 1106,2788 1151,2788 1196,2788 1241,2791"/>
                <TextEquiv>
                    <Unicode>más sufrir que gozar. El deleite suele ser</Unicode>
                </TextEquiv>
            </TextLine>
            <TextLine id="tr_1_tl_65" custom="readingOrder {index:64;}">
                <Coords points="346,2848 1032,2843 1032,2808 996,2799 346,2804"/>
                <Baseline points="352,2836 386,2834 420,2831 454,2830 488,2830 522,2830 556,2830 591,2831 625,2833 659,2830 693,2832 727,2833 761,2833 795,2830 830,2832 864,2833 898,2833 932,2833 966,2833 1000,2834 1035,2836"/>
                <TextEquiv>
                    <Unicode>penoso, cuando no agota, hasta.</Unicode>
                </TextEquiv>
            </TextLine>
            <TextLine id="tr_1_tl_66" custom="readingOrder {index:65;}">
                <Coords points="381,2885 1235,2895 1235,2843 1137,2832 381,2843"/>
                <Baseline points="388,2875 430,2875 473,2872 515,2872 558,2872 600,2874 643,2875 685,2875 728,2875 770,2875 813,2874 855,2875 898,2878 940,2879 983,2880 1025,2880 1068,2880 1110,2880 1153,2880 1195,2880 1238,2875"/>
                <TextEquiv>
                    <Unicode>En esos héroes de Schnitzler hay gran¬</Unicode>
                </TextEquiv>
            </TextLine>
            <TextLine id="tr_1_tl_67" custom="readingOrder {index:66;}">
                <Coords points="343,2925 1232,2936 1232,2896 1113,2882 675,2904 343,2872"/>
                <Baseline points="349,2916 393,2916 437,2916 481,2916 526,2913 570,2916 614,2916 659,2919 703,2919 747,2919 792,2919 836,2919 880,2919 924,2919 969,2919 1013,2919 1057,2919 1102,2919 1146,2921 1190,2922 1235,2919"/>
                <TextEquiv>
                    <Unicode>des diferencias. A un lado es preciso po¬</Unicode>
                </TextEquiv>
            </TextLine>
            <TextLine id="tr_1_tl_68" custom="readingOrder {index:67;}">
                <Coords points="343,2968 1241,2977 1241,2932 343,2925"/>
                <Baseline points="349,2958 393,2961 438,2958 483,2961 528,2961 572,2961 617,2961 662,2961 707,2964 751,2961 796,2961 841,2964 886,2964 930,2964 975,2964 1020,2964 1065,2964 1109,2961 1154,2964 1199,2967 1244,2967"/>
                <TextEquiv>
                    <Unicode>ner los hombres, y aparte las mujeres. Si</Unicode>
                </TextEquiv>
            </TextLine>
            <TextLine id="tr_1_tl_69" custom="readingOrder {index:68;}">
                <Coords points="339,3007 1232,3023 1232,2976 756,2971 724,2998 661,2968 339,2968"/>
                <Baseline points="346,3006 390,3006 434,3003 479,3003 523,3003 568,3006 612,3006 657,3006 701,3006 746,3006 790,3006 834,3006 879,3003 923,3006 968,3006 1012,3006 1057,3009 1101,3009 1146,3009 1190,3009 1235,3009"/>
                <TextEquiv>
                    <Unicode>no de distinta consideración espiritual</Unicode>
                </TextEquiv>
            </TextLine>
            <TextLine id="tr_1_tl_70" custom="readingOrder {index:69;}">
                <Coords points="337,3057 1241,3066 1241,3027 1192,3016 337,3020"/>
                <Baseline points="343,3048 388,3048 433,3045 478,3048 523,3048 568,3048 613,3048 658,3048 703,3048 748,3048 793,3048 838,3048 883,3045 928,3048 973,3051 1018,3051 1063,3051 1108,3051 1153,3051 1198,3054 1244,3057"/>
                <TextEquiv>
                    <Unicode>o apartados entre si viviendo en diferentes</Unicode>
                </TextEquiv>
            </TextLine>
            <TextLine id="tr_1_tl_71" custom="readingOrder {index:70;}">
                <Coords points="339,3105 1235,3112 1235,3066 1204,3060 339,3060"/>
                <Baseline points="346,3092 390,3089 435,3092 479,3089 524,3092 569,3089 613,3092 658,3092 702,3092 747,3089 792,3092 836,3092 881,3092 925,3092 970,3092 1015,3092 1059,3092 1104,3095 1148,3095 1193,3095 1238,3101"/>
                <TextEquiv>
                    <Unicode>zonas morales, por lo menos se advierte,</Unicode>
                </TextEquiv>
            </TextLine>
            <TextLine id="tr_1_tl_72" custom="readingOrder {index:71;}">
                <Coords points="346,3141 1239,3149 1238,3112 1186,3105 345,3102"/>
                <Baseline points="352,3134 396,3134 440,3134 485,3134 529,3134 574,3134 618,3134 663,3134 707,3134 752,3134 796,3134 840,3134 885,3134 929,3137 974,3137 1018,3137 1063,3137 1107,3137 1152,3140 1196,3137 1241,3137"/>
                <TextEquiv>
                    <Unicode>entre unos y otros, señalada distancia, por</Unicode>
                </TextEquiv>
            </TextLine>
            <TextLine id="tr_1_tl_73" custom="readingOrder {index:72;}">
                <Coords points="346,3190 1240,3201 1239,3156 1196,3147 346,3144"/>
                <Baseline points="352,3176 396,3176 440,3179 485,3176 529,3176 574,3176 618,3176 663,3179 707,3179 752,3182 796,3179 840,3182 885,3182 929,3179 974,3182 1018,3179 1063,3182 1107,3179 1152,3182 1196,3182 1241,3182"/>
                <TextEquiv>
                    <Unicode>lo menos en los temperamentos y en los</Unicode>
                </TextEquiv>
            </TextLine>
            <TextLine id="tr_1_tl_74" custom="readingOrder {index:73;}">
                <Coords points="346,3225 1239,3242 1239,3198 1206,3190 346,3198"/>
                <Baseline points="352,3218 396,3221 440,3218 485,3218 529,3221 574,3221 618,3224 663,3221 707,3224 752,3224 796,3224 840,3224 885,3224 929,3224 974,3224 1018,3224 1063,3221 1107,3224 1152,3224 1196,3227 1241,3227"/>
                <TextEquiv>
                    <Unicode>objetivos que marcan a sus existencias</Unicode>
                </TextEquiv>
            </TextLine>
            <TextLine id="tr_1_tl_75" custom="readingOrder {index:74;}">
                <Coords points="344,3272 391,3265 419,3279 480,3272 511,3279 527,3270 588,3278 587,3234 563,3230 544,3240 495,3227 477,3237 462,3229 343,3235"/>
                <Baseline points="349,3260 375,3258 402,3258 429,3259 456,3260 483,3260 510,3262 537,3264 564,3265 591,3266"/>
                <TextEquiv>
                    <Unicode>respectivas.</Unicode>
                </TextEquiv>
            </TextLine>
            <TextLine id="tr_1_tl_76" custom="readingOrder {index:75;}">
                <Coords points="381,3317 1197,3324 1253,3310 1253,3278 380,3265"/>
                <Baseline points="388,3301 431,3301 474,3301 518,3301 561,3304 605,3304 648,3304 691,3302 735,3303 778,3304 822,3306 865,3307 908,3307 952,3307 995,3307 1039,3307 1082,3309 1125,3310 1169,3310 1212,3309 1256,3310"/>
                <TextEquiv>
                    <Unicode>Los personajes masculinos de Schnitzler</Unicode>
                </TextEquiv>
            </TextLine>
            <TextLine id="tr_1_tl_77" custom="readingOrder {index:76;}">
                <Coords points="339,3361 1241,3362 1231,3318 339,3316"/>
                <Baseline points="346,3352 390,3346 435,3346 480,3346 525,3346 570,3346 615,3346 660,3349 705,3349 750,3349 795,3349 839,3352 884,3349 929,3349 974,3352 1019,3352 1064,3352 1109,3352 1154,3352 1199,3352 1244,3352"/>
                <TextEquiv>
                    <Unicode>proceden, especialmente, del mundo de los</Unicode>
                </TextEquiv>
            </TextLine>
            <TextLine id="tr_1_tl_78" custom="readingOrder {index:77;}">
                <Coords points="346,3408 1230,3412 1219,3364 346,3364"/>
                <Baseline points="352,3394 396,3391 440,3391 484,3391 528,3391 572,3391 616,3391 660,3391 704,3392 748,3394 792,3394 836,3394 880,3394 924,3394 968,3397 1012,3397 1056,3394 1100,3397 1144,3397 1188,3397 1233,3391"/>
                <TextEquiv>
                    <Unicode>parásitos vieneses, vividores sin más pre¬</Unicode>
                </TextEquiv>
            </TextLine>
            <TextLine id="tr_1_tl_79" custom="readingOrder {index:78;}">
                <Coords points="339,3448 1184,3457 1232,3449 1231,3412 338,3412"/>
                <Baseline points="346,3430 390,3433 434,3433 479,3436 523,3433 568,3433 612,3436 657,3433 701,3436 746,3436 790,3436 834,3436 879,3439 923,3439 968,3439 1012,3439 1057,3439 1101,3439 1146,3442 1190,3442 1235,3445"/>
                <TextEquiv>
                    <Unicode>ocupación que divertirse, de gozar plena¬</Unicode>
                </TextEquiv>
            </TextLine>
            <TextLine id="tr_1_tl_80" custom="readingOrder {index:79;}">
                <Coords points="337,3489 1232,3498 1232,3460 1176,3449 337,3449"/>
                <Baseline points="343,3478 387,3478 432,3478 476,3478 521,3478 566,3478 610,3478 655,3481 699,3481 744,3481 789,3481 833,3478 878,3478 922,3481 967,3484 1012,3484 1056,3484 1101,3484 1145,3484 1190,3487 1235,3487"/>
                <TextEquiv>
                    <Unicode>mente de todos los placeres, variándolos y</Unicode>
                </TextEquiv>
            </TextLine>
            <TextLine id="tr_1_tl_81" custom="readingOrder {index:80;}">
                <Coords points="337,3527 1235,3540 1235,3496 1164,3492 337,3493"/>
                <Baseline points="343,3522 387,3522 432,3522 477,3522 522,3522 566,3522 611,3522 656,3522 701,3525 745,3525 790,3525 835,3525 880,3525 924,3525 969,3528 1014,3525 1059,3525 1103,3525 1148,3528 1193,3528 1238,3531"/>
                <TextEquiv>
                    <Unicode>multiplicandolos, pasando del frenes al</Unicode>
                </TextEquiv>
            </TextLine>
            <TextLine id="tr_1_tl_82" custom="readingOrder {index:81;}">
                <Coords points="337,3568 1235,3580 1235,3536 337,3542"/>
                <Baseline points="343,3561 387,3564 432,3567 477,3567 522,3567 566,3567 611,3564 656,3564 701,3567 745,3567 790,3567 835,3567 880,3570 924,3567 969,3567 1014,3570 1059,3570 1103,3573 1148,3570 1193,3573 1238,3576"/>
                <TextEquiv>
                    <Unicode>desmayo, pero sin hastiarse nunca. Son</Unicode>
                </TextEquiv>
            </TextLine>
            <TextLine id="tr_1_tl_83" custom="readingOrder {index:82;}">
                <Coords points="346,3623 1239,3631 1239,3584 1207,3578 346,3574"/>
                <Baseline points="352,3609 396,3606 440,3606 485,3609 529,3609 574,3612 618,3609 663,3612 707,3609 752,3612 796,3612 840,3612 885,3612 929,3612 974,3612 1018,3612 1063,3612 1107,3612 1152,3615 1196,3615 1241,3615"/>
                <TextEquiv>
                    <Unicode>las suyas almas movidas a través de la</Unicode>
                </TextEquiv>
            </TextLine>
            <TextLine id="tr_1_tl_84" custom="readingOrder {index:83;}">
                <Coords points="337,3664 1235,3672 1214,3622 337,3622"/>
                <Baseline points="343,3648 387,3651 432,3651 477,3654 522,3654 566,3654 611,3654 656,3654 701,3654 745,3657 790,3654 835,3654 880,3654 924,3654 969,3654 1014,3657 1059,3660 1103,3657 1148,3657 1193,3657 1238,3657"/>
                <TextEquiv>
                    <Unicode>existencia, algo más que frivola, por tres</Unicode>
                </TextEquiv>
            </TextLine>
            <TextLine id="tr_1_tl_85" custom="readingOrder {index:84;}">
                <Coords points="339,3704 1233,3713 1232,3677 1183,3670 1146,3694 976,3661 339,3665"/>
                <Baseline points="346,3693 390,3690 434,3693 479,3696 523,3696 568,3696 612,3696 657,3696 701,3699 746,3696 790,3696 834,3699 879,3696 923,3696 968,3699 1012,3699 1057,3699 1101,3702 1146,3702 1190,3702 1235,3704"/>
                <TextEquiv>
                    <Unicode>resortes únicos, al decir de Koerner, que</Unicode>
                </TextEquiv>
            </TextLine>
            <TextLine id="tr_1_tl_86" custom="readingOrder {index:85;}">
                <Coords points="339,3749 1236,3766 1218,3708 339,3704"/>
                <Baseline points="346,3734 390,3734 435,3737 479,3737 524,3737 569,3740 613,3740 658,3740 702,3743 747,3740 792,3740 836,3743 881,3743 925,3743 970,3743 1015,3746 1059,3743 1104,3743 1148,3746 1193,3746 1238,3749"/>
                <TextEquiv>
                    <Unicode>son el egoísmo, la cobardía y la vanidad.</Unicode>
                </TextEquiv>
            </TextLine>
            <TextLine id="tr_1_tl_87" custom="readingOrder {index:86;}">
                <Coords points="346,3787 1246,3801 1244,3764 1170,3755 346,3744"/>
                <Baseline points="352,3779 396,3779 441,3782 486,3782 531,3782 575,3782 620,3782 665,3785 710,3785 754,3785 799,3785 844,3785 889,3788 933,3788 978,3788 1023,3788 1068,3788 1112,3788 1157,3791 1202,3791 1247,3791"/>
                <TextEquiv>
                    <Unicode>Pero predomina en ellos, sobre los otros</Unicode>
                </TextEquiv>
            </TextLine>
            <TextLine id="tr_1_tl_88" custom="readingOrder {index:87;}">
                <Coords points="339,3837 921,3841 921,3793 339,3798"/>
                <Baseline points="346,3821 374,3823 403,3824 432,3824 461,3824 490,3825 518,3827 547,3827 576,3827 605,3825 634,3824 662,3824 691,3826 720,3827 749,3827 778,3825 806,3825 835,3827 864,3827 893,3828 922,3830"/>
                <TextEquiv>
                    <Unicode>defectos, un egoismo feroz.</Unicode>
                </TextEquiv>
            </TextLine>
            <TextLine id="tr_1_tl_89" custom="readingOrder {index:88;}">
                <Coords points="388,3876 1232,3885 1232,3837 1192,3830 388,3834"/>
                <Baseline points="394,3869 436,3866 478,3866 520,3866 562,3868 604,3869 646,3869 688,3871 730,3872 772,3872 814,3872 856,3872 898,3872 940,3873 982,3875 1024,3872 1066,3875 1108,3875 1150,3875 1192,3877 1235,3875"/>
                <TextEquiv>
                    <Unicode>Los sentimientos que los une a sus com¬</Unicode>
                </TextEquiv>
            </TextLine>
            <TextLine id="tr_1_tl_90" custom="readingOrder {index:89;}">
                <Coords points="343,3924 1239,3928 1239,3886 1207,3882 343,3881"/>
                <Baseline points="349,3913 393,3910 438,3910 482,3910 527,3910 572,3910 616,3910 661,3913 705,3913 750,3913 795,3916 839,3916 884,3913 928,3913 973,3913 1018,3916 1062,3916 1107,3919 1151,3919 1196,3919 1241,3919"/>
                <TextEquiv>
                    <Unicode>pañeras de placer son a flor de piel, sin</Unicode>
                </TextEquiv>
            </TextLine>
            <TextLine id="tr_1_tl_91" custom="readingOrder {index:90;}">
                <Coords points="339,3968 1241,3979 1232,3927 339,3925"/>
                <Baseline points="346,3955 390,3955 435,3955 480,3955 525,3955 570,3955 615,3955 660,3955 705,3955 750,3955 795,3958 839,3958 884,3955 929,3958 974,3958 1019,3961 1064,3961 1109,3964 1154,3961 1199,3961 1244,3961"/>
                <TextEquiv>
                    <Unicode>rozar jamás el verdadero amor y mucho</Unicode>
                </TextEquiv>
            </TextLine>
            <TextLine id="tr_1_tl_92" custom="readingOrder {index:91;}">
                <Coords points="339,4005 1239,4025 1238,3981 1190,3968 339,3970"/>
                <Baseline points="346,3994 390,3997 435,3997 480,3997 525,4000 569,3997 614,3997 659,3997 704,3997 748,4000 793,4000 838,4000 883,4000 927,4003 972,4003 1017,4003 1062,4003 1106,4003 1151,4006 1196,4006 1241,4009"/>
                <TextEquiv>
                    <Unicode>menos la pasión embravecida que arrastra</Unicode>
                </TextEquiv>
            </TextLine>
            <TextLine id="tr_1_tl_93" custom="readingOrder {index:92;}">
                <Coords points="339,4052 1236,4057 1235,4023 1179,4011 339,4010"/>
                <Baseline points="346,4039 390,4039 435,4039 479,4039 524,4039 569,4042 613,4042 658,4039 702,4042 747,4042 792,4045 836,4045 881,4045 925,4045 970,4045 1015,4045 1059,4045 1104,4048 1148,4048 1193,4048 1238,4048"/>
                <TextEquiv>
                    <Unicode>a las extremas locuras. Esos sentimientos</Unicode>
                </TextEquiv>
            </TextLine>
            <TextLine id="tr_1_tl_94" custom="readingOrder {index:93;}">
                <Coords points="339,4084 1232,4100 1232,4062 1175,4054 339,4056"/>
                <Baseline points="346,4081 390,4081 434,4081 479,4081 523,4084 568,4081 612,4084 657,4084 701,4084 746,4087 790,4087 834,4087 879,4090 923,4090 968,4090 1012,4090 1057,4093 1101,4093 1146,4093 1190,4093 1235,4090"/>
                <TextEquiv>
                    <Unicode>no pasan de ser caprichos livianos, entre¬</Unicode>
                </TextEquiv>
            </TextLine>
            <TextLine id="tr_1_tl_95" custom="readingOrder {index:94;}">
                <Coords points="346,4134 502,4129 553,4149 604,4134 713,4147 816,4135 816,4101 346,4091"/>
                <Baseline points="352,4125 377,4125 403,4125 429,4125 455,4125 481,4125 507,4125 533,4125 559,4125 585,4125 610,4125 636,4126 662,4128 688,4126 714,4125 740,4125 766,4126 792,4127 818,4131"/>
                <TextEquiv>
                    <Unicode>tenimientos pasajeros.</Unicode>
                </TextEquiv>
            </TextLine>
            <TextLine id="tr_1_tl_96" custom="readingOrder {index:95;}">
                <Coords points="385,4173 1232,4188 1210,4145 1028,4130 385,4131"/>
                <Baseline points="391,4167 433,4170 475,4170 517,4170 559,4168 602,4169 644,4172 686,4173 728,4173 770,4173 813,4174 855,4175 897,4173 939,4174 981,4176 1024,4176 1066,4176 1108,4176 1150,4176 1192,4176 1235,4173"/>
                <TextEquiv>
                    <Unicode>Uno de esos personajes masculinos de¬</Unicode>
                </TextEquiv>
            </TextLine>
            <TextLine id="tr_1_tl_97" custom="readingOrder {index:96;}">
                <Coords points="443,4227 1229,4235 1235,4196 442,4186"/>
                <Baseline points="450,4218 489,4218 528,4218 568,4218 607,4218 647,4219 686,4221 725,4221 765,4224 804,4227 844,4225 883,4224 922,4224 962,4224 1001,4225 1041,4228 1080,4230 1119,4227 1159,4229 1198,4228 1238,4227"/>
                <TextEquiv>
                    <Unicode>und</Unicode>
                </TextEquiv>
            </TextLine>
            <TextEquiv>
                <Unicode></Unicode>
            </TextEquiv>
        </TextRegion>
        <TextRegion orientation="0.0" id="tr_2" custom="readingOrder {index:1;}">
            <Coords points="1298,150 1298,1195 2203,1195 2203,150"/>
            <TextLine id="tr_2_tl_1" custom="readingOrder {index:0;}">
                <Coords points="1304,146 1463,146 1508,186 1604,192 2195,195 2173,133 1304,122"/>
                <Baseline points="1310,170 1354,170 1398,173 1443,176 1487,173 1531,173 1576,173 1620,173 1664,173 1709,176 1753,176 1797,176 1842,176 1886,179 1930,176 1975,179 2019,181 2063,182 2108,184 2152,185 2197,182"/>
                <TextEquiv>
                    <Unicode>la categorie de las mu-</Unicode>
                </TextEquiv>
            </TextLine>
            <TextLine id="tr_2_tl_2" custom="readingOrder {index:1;}">
                <Coords points="1304,221 2191,240 2190,196 1303,186"/>
                <Baseline points="1310,211 1354,211 1398,214 1442,214 1486,214 1531,211 1575,214 1619,211 1663,216 1707,214 1752,217 1796,217 1840,219 1884,220 1928,220 1973,220 2017,222 2061,225 2105,224 2149,227 2194,229"/>
                <TextEquiv>
                    <Unicode>chachas o de las demoniacas. Al con¬</Unicode>
                </TextEquiv>
            </TextLine>
            <TextLine id="tr_2_tl_3" custom="readingOrder {index:2;}">
                <Coords points="1311,266 2139,286 2200,283 2199,234 1310,223"/>
                <Baseline points="1316,253 1360,256 1404,256 1449,256 1493,253 1537,256 1582,256 1626,256 1670,259 1715,259 1759,262 1803,262 1848,262 1892,265 1936,265 1981,265 2025,265 2069,267 2114,268 2158,268 2203,268"/>
                <TextEquiv>
                    <Unicode>trario de sus amantes, ellas son capaces</Unicode>
                </TextEquiv>
            </TextLine>
            <TextLine id="tr_2_tl_4" custom="readingOrder {index:3;}">
                <Coords points="1307,307 2197,329 2165,278 1307,265"/>
                <Baseline points="1313,298 1357,298 1401,301 1446,301 1490,301 1534,301 1579,301 1623,301 1667,301 1712,304 1756,304 1800,304 1845,307 1889,307 1933,310 1978,310 2022,310 2066,312 2111,313 2155,315 2200,316"/>
                <TextEquiv>
                    <Unicode>de sacrificio y son propensas a la terra.</Unicode>
                </TextEquiv>
            </TextLine>
            <TextLine id="tr_2_tl_5" custom="readingOrder {index:4;}">
                <Coords points="1304,347 2195,379 2193,327 2158,318 1304,307"/>
                <Baseline points="1310,337 1354,340 1398,343 1443,343 1487,343 1531,343 1576,343 1620,343 1664,343 1709,346 1753,349 1797,349 1842,352 1886,352 1930,352 1975,352 2019,354 2063,353 2108,354 2152,357 2197,358"/>
                <TextEquiv>
                    <Unicode>Lo que no son es virtuosas, porque, según</Unicode>
                </TextEquiv>
            </TextLine>
            <TextLine id="tr_2_tl_6" custom="readingOrder {index:5;}">
                <Coords points="1304,393 2175,414 2197,379 1303,347"/>
                <Baseline points="1310,382 1354,385 1399,385 1443,385 1488,385 1532,385 1577,388 1621,388 1666,388 1710,388 1755,391 1799,394 1844,394 1888,394 1933,394 1977,397 2022,400 2066,397 2111,400 2155,400 2200,403"/>
                <TextEquiv>
                    <Unicode>Schnitzler, las virtuosas son ridiculas.</Unicode>
                </TextEquiv>
            </TextLine>
            <TextLine id="tr_2_tl_7" custom="readingOrder {index:6;}">
                <Coords points="1298,432 2191,457 2170,410 1298,397"/>
                <Baseline points="1304,423 1348,426 1393,426 1437,429 1482,426 1526,432 1571,429 1615,429 1660,432 1704,432 1749,432 1793,435 1838,438 1882,438 1927,435 1971,440 2016,441 2060,441 2105,444 2149,444 2194,444"/>
                <TextEquiv>
                    <Unicode>Sucumben por afan de placeres, por in¬</Unicode>
                </TextEquiv>
            </TextLine>
            <TextLine id="tr_2_tl_8" custom="readingOrder {index:7;}">
                <Coords points="1298,477 2093,507 2197,502 2196,469 1296,438"/>
                <Baseline points="1304,465 1348,468 1393,468 1438,471 1483,471 1528,474 1572,474 1617,474 1662,474 1707,477 1752,477 1796,477 1841,480 1886,480 1931,480 1976,483 2020,483 2065,486 2110,486 2155,489 2200,486"/>
                <TextEquiv>
                    <Unicode>consciencia, por sentimentalismo no satis¬</Unicode>
                </TextEquiv>
            </TextLine>
            <TextLine id="tr_2_tl_9" custom="readingOrder {index:8;}">
                <Coords points="1304,522 2195,544 2161,495 1303,474"/>
                <Baseline points="1310,510 1354,510 1398,513 1443,516 1487,516 1531,516 1576,519 1620,519 1664,516 1709,521 1753,522 1797,522 1842,525 1886,525 1930,528 1975,528 2019,528 2063,530 2108,531 2152,533 2197,531"/>
                <TextEquiv>
                    <Unicode>fecho. Lo que no las arrastra nunca a la</Unicode>
                </TextEquiv>
            </TextLine>
            <TextLine id="tr_2_tl_10" custom="readingOrder {index:9;}">
                <Coords points="1298,557 2195,586 2178,540 1298,522"/>
                <Baseline points="1304,552 1348,555 1393,555 1437,555 1482,555 1527,558 1571,558 1616,558 1661,561 1705,564 1750,564 1795,567 1839,567 1884,567 1929,567 1973,570 2018,570 2063,570 2107,573 2152,573 2197,570"/>
                <TextEquiv>
                    <Unicode>caída es la codicia, el ansia de luero. Pero</Unicode>
                </TextEquiv>
            </TextLine>
            <TextLine id="tr_2_tl_11" custom="readingOrder {index:10;}">
                <Coords points="1292,604 2198,638 2197,587 1291,572"/>
                <Baseline points="1298,597 1343,600 1388,600 1433,600 1478,600 1523,603 1568,603 1613,603 1658,603 1703,603 1749,606 1794,609 1839,609 1884,609 1929,612 1974,612 2019,612 2064,615 2109,615 2154,618 2200,623"/>
                <TextEquiv>
                    <Unicode>aunque sean impelidas por otros móviles,</Unicode>
                </TextEquiv>
            </TextLine>
            <TextLine id="tr_2_tl_12" custom="readingOrder {index:11;}">
                <Coords points="1301,653 2183,673 2143,624 1300,612"/>
                <Baseline points="1307,641 1350,641 1394,641 1438,644 1482,644 1526,644 1570,644 1614,647 1658,647 1702,647 1746,647 1789,649 1833,652 1877,653 1921,653 1965,655 2009,656 2053,658 2097,661 2141,662 2185,659"/>
                <TextEquiv>
                    <Unicode>de ningún modo honestos, pero si desinte¬</Unicode>
                </TextEquiv>
            </TextLine>
            <TextLine id="tr_2_tl_13" custom="readingOrder {index:12;}">
                <Coords points="1305,699 2198,715 2182,673 2016,662 1304,657"/>
                <Baseline points="1310,683 1354,683 1399,683 1443,686 1488,686 1532,686 1577,689 1621,689 1666,692 1710,692 1755,692 1799,695 1844,695 1888,698 1933,698 1977,698 2022,701 2066,704 2111,704 2155,707 2200,704"/>
                <TextEquiv>
                    <Unicode>resados, sucumben siempre. Y hay que</Unicode>
                </TextEquiv>
            </TextLine>
            <TextLine id="tr_2_tl_14" custom="readingOrder {index:13;}">
                <Coords points="1296,738 2191,756 2169,718 1925,701 1295,704"/>
                <Baseline points="1301,725 1345,728 1390,728 1434,728 1479,731 1524,731 1568,731 1613,731 1658,734 1702,734 1747,737 1792,737 1836,737 1881,740 1926,740 1970,743 2015,743 2060,746 2104,749 2149,749 2194,746"/>
                <TextEquiv>
                    <Unicode>añadir que, si bien son pecadoras, no son</Unicode>
                </TextEquiv>
            </TextLine>
            <TextLine id="tr_2_tl_15" custom="readingOrder {index:14;}">
                <Coords points="1298,776 2195,801 2161,756 1296,738"/>
                <Baseline points="1304,767 1348,770 1393,770 1437,773 1482,773 1527,773 1571,776 1616,776 1661,779 1705,779 1750,782 1795,782 1839,782 1884,785 1929,785 1973,788 2018,791 2063,791 2107,791 2152,794 2197,794"/>
                <TextEquiv>
                    <Unicode>cortesanas. Tienen más de la «Mimi», de</Unicode>
                </TextEquiv>
            </TextLine>
            <TextLine id="tr_2_tl_16" custom="readingOrder {index:15;}">
                <Coords points="1296,828 2009,850 2059,842 2058,808 1294,777"/>
                <Baseline points="1301,812 1339,812 1377,812 1415,815 1453,818 1491,818 1529,818 1567,818 1605,820 1643,821 1681,821 1719,822 1757,824 1795,826 1833,826 1871,826 1909,826 1947,827 1985,830 2023,832 2062,835"/>
                <TextEquiv>
                    <Unicode>Musset, que de la «Nana», de Zola.</Unicode>
                </TextEquiv>
            </TextLine>
            <TextLine id="tr_2_tl_17" custom="readingOrder {index:16;}">
                <Coords points="1338,864 2172,896 2182,851 1337,825"/>
                <Baseline points="1343,853 1385,856 1427,859 1469,857 1511,858 1553,861 1595,862 1637,862 1679,864 1721,865 1764,866 1806,868 1848,868 1890,869 1932,871 1974,874 2016,874 2058,877 2100,877 2142,880 2185,877"/>
                <TextEquiv>
                    <Unicode>Esos personajes no tienen nada de sim¬</Unicode>
                </TextEquiv>
            </TextLine>
            <TextLine id="tr_2_tl_18" custom="readingOrder {index:17;}">
                <Coords points="1298,916 2164,937 2190,893 1296,861"/>
                <Baseline points="1304,901 1348,901 1393,898 1437,901 1482,904 1526,901 1571,904 1615,904 1660,910 1704,910 1749,910 1793,913 1838,913 1882,913 1927,913 1971,916 2016,919 2060,919 2105,922 2149,922 2194,925"/>
                <TextEquiv>
                    <Unicode>páticos ni ese mundo en que se mueven</Unicode>
                </TextEquiv>
            </TextLine>
            <TextLine id="tr_2_tl_19" custom="readingOrder {index:18;}">
                <Coords points="1292,960 2181,983 2187,931 1291,919"/>
                <Baseline points="1298,946 1342,943 1387,943 1431,943 1476,946 1521,946 1565,949 1610,949 1655,952 1699,952 1744,955 1789,958 1833,955 1878,958 1923,958 1967,958 2012,961 2057,964 2101,964 2146,967 2191,970"/>
                <TextEquiv>
                    <Unicode>es recomendable. Hay, por el contrario,</Unicode>
                </TextEquiv>
            </TextLine>
            <TextLine id="tr_2_tl_20" custom="readingOrder {index:19;}">
                <Coords points="1302,1002 2188,1025 2190,980 1300,962"/>
                <Baseline points="1307,988 1351,988 1395,985 1440,988 1484,991 1528,991 1573,994 1617,994 1661,997 1706,997 1750,997 1794,1000 1839,1000 1883,997 1927,1002 1972,1003 2016,1005 2060,1008 2105,1011 2149,1012 2194,1012"/>
                <TextEquiv>
                    <Unicode>que evitar el contagio, que es fatal para</Unicode>
                </TextEquiv>
            </TextLine>
            <TextLine id="tr_2_tl_21" custom="readingOrder {index:20;}">
                <Coords points="1293,1043 2192,1065 2191,1024 2075,1011 1292,1002"/>
                <Baseline points="1298,1029 1342,1032 1387,1032 1432,1032 1477,1032 1522,1035 1566,1035 1611,1035 1656,1038 1701,1038 1746,1041 1790,1041 1835,1041 1880,1041 1925,1044 1970,1044 2014,1050 2059,1050 2104,1053 2149,1056 2194,1056"/>
                <TextEquiv>
                    <Unicode>una sociedad que se defienda contra la</Unicode>
                </TextEquiv>
            </TextLine>
            <TextLine id="tr_2_tl_22" custom="readingOrder {index:21;}">
                <Coords points="1299,1104 1589,1088 2084,1120 2091,1072 1296,1043"/>
                <Baseline points="1304,1077 1343,1074 1383,1076 1422,1077 1462,1077 1501,1078 1541,1081 1580,1083 1620,1083 1659,1083 1699,1085 1739,1086 1778,1088 1818,1089 1857,1090 1897,1092 1936,1092 1976,1092 2015,1095 2055,1095 2095,1095"/>
                <TextEquiv>
                    <Unicode>descomposición y la rápida disolución.</Unicode>
                </TextEquiv>
            </TextLine>
            <TextLine id="tr_2_tl_23" custom="readingOrder {index:22;}">
                <Coords points="1768,1184 1827,1180 1890,1208 1922,1193 2028,1188 2101,1205 2120,1197 2118,1148 2059,1140 2019,1153 1889,1128 1831,1145 1766,1138"/>
                <Baseline points="1773,1173 1799,1173 1826,1174 1853,1175 1880,1176 1907,1176 1934,1178 1960,1180 1987,1181 2014,1182 2041,1182 2068,1184 2095,1185 2122,1185"/>
                <TextEquiv>
                    <Unicode>JOSE BETANCORT</Unicode>
                </TextEquiv>
            </TextLine>
            <TextEquiv>
                <Unicode></Unicode>
            </TextEquiv>
        </TextRegion>
    </Page>
</PcGts>
