3392 4320
316 250 996 355 Miscellaneous
1177 260 1595 347 box 42/3
1151 1218 1264 1308 on
743 1264 1464 1355 Die heranwachsende Generation müsse
325 1320 1461 1411 zogen werden, dass, wenn sie ein Kriegerdenkmal erblicke,
443 1465 1301 1586 Günther Weisenborn:
586 1579 1130 1671 „U=Boot St.
574 1673 1189 1767 Volksbühne Bülow platz.
338 1768 1362 1860 Gott, schaden kann es nicht. Aber logisch ist es kaum.
327 1874 1459 1967 Schaden kann eine dramatische Predigt gegen den Bau von
274 1932 1455 2008 Panzernkreuzern bestimmt nie. Gegen den Krieg bestimmt nie.
338 1985 1458 2064 Jedoch hier wird, im Frieden, ein U=Boot versehentlich ge¬
272 2029 1045 2083 rammt; so dass die Besatzung umkommt.
330 2063 1454 2135 Das ist ... nur ein Betriebsunfall: wie er auch möglich wäre
281 2114 1455 2180 für den friedlichen Menschenbeförderer Zeppelin. Wie er für
274 2160 1452 2241 Taucher möglich wäre bei Tiefenmessung und Bergung. Wie er
275 2202 1264 2283 für Knappen im Kohlenschacht alle Tage vorkommt.
327 2311 1451 2373 Schachtkorb, Luftschiff, Taucherglocke sind nicht Kriegs¬
275 2355 1440 2416 gerät... Kurz: Opfer der Technik? Ja. Opfer der Maschinen
272 2398 996 2445 zeit? Ja. Opfer des Militarismus? Nein.
330 2442 1049 2503 Aber nochmals: es kann nicht schaden.
327 2523 1446 2616 Leo Reuss, verantwortlich für die Leitung, hat also das Bei¬
275 2592 1445 2653 spiel gegen den Panzerkreuzer nicht zutreffend gewählt. Viel¬
278 2639 1442 2706 mehr: in dies vorhandene Stück den Panzerkreuzer nicht zu¬
274 2676 903 2725 treffend als Beweis geschmuggelt.
327 2717 1445 2782 Sonst ist er ein geschickter Adept Piscators. (Bei der Volks¬
266 2750 1149 2850 bühne wird Piscator jetzt im Hause gearbeitet.)
325 2869 1443 2940 Was bleibt ohne Panzerkreuzer? Ein neuer Mann? Günther
269 2915 1446 2985 Weisenborn? Dramatische Kraft und Hoffnung? In diesem
266 2953 588 3013 Stück noch nicht.
330 3010 1448 3059 Allenfalls gibt er Hinweise für Szenen ... die ein Andrer
269 3051 1440 3101 dichten kann. (Reinhard Göring hat sie sogar in der „See¬
275 3087 1445 3166 schlacht gedichtet.) Und Hinweise für Bühnenbilder... die
268 3125 621 3191 Edward Suhr malt.
319 3175 1443 3237 So: die fabelhaft auf Meeresgrund hintastenden Taucher;
266 3224 1437 3281 Leuchtkäfern gleich, um das U-Boot. Farbiger Film ist es.
260 3262 440 3325 Herrlich.
327 3340 1437 3409 Wenn aber Weisenborn selber zu Worte kommt: oh, dann
269 3403 1439 3454 erklingt eine jener Melodien, wovon Robert Schumann gesagt
263 3432 1295 3496 hat: man weiss, wie sie weitergehn, bevor sie anfingen.
322 3463 1433 3537 Dann gibt es, unter den im luftarmen Raum des U-Boots
269 3532 1439 3605 Verschlossenen, jenen mittelmässigen, zureichenden Wahnsinn.
1991 1220 2695 1330 Burgermeister von Cayenne,
1933 1305 2685 1382 einen Rechtsanwalt seine Zulassung als
1521 1337 1611 1418 Z.
1520 1474 2687 1539 Den erwarteten, genügenden Raubtierausbruch. Das ein¬
1517 1527 2687 1583 schlägige Gedenken an vergangene Frauen in exotischem Land.
1526 1570 2682 1620 („Datteln pflanzen“ hiess es bei Göring.) Und ein vorauszu¬
1514 1623 2684 1688 sehendes, befriedigendes Rebellentum gegen die amerikanische
1523 1648 1708 1713 Marine
1576 1677 2216 1770 Wie gesagt: schaden kann es nicht.
2055 1763 2138 1824 VII.
1574 1804 2678 1879 Piscator im Hause gearbeitet. (Kostenlos) ... mit Film.
1508 1843 1810 1908 nach Leo Lania.
1570 1889 2681 1957 Sehr gut hier das genaue Zusammentreffen je einer gelilmten
1514 1927 2407 2007 Gruppe mit je einer dann leiblich dastehenden.
1571 1994 2685 2066 Man erblickt erst Kinomenschen; dann, hui, Vorhang hoch;
1510 2035 2679 2107 genau die gleichen Menschen lebend in gleicher Haltung. Das
1511 2082 1754 2141 macht Spass.
1565 2135 2679 2197 Das ist noch geschickter als bei Piscator-Erwin, noch
1507 2179 2678 2255 klappender, noch handlicher als bei ihm — von dem es ent¬
1507 2223 2679 2295 lehnt ist. (Genau: dem es entlehnt ist. „Von dem...? Erwin
1511 2270 2676 2326 hatte das nämlich von den Russen entlehnt — als die es kaum
1511 2319 2676 2378 noch ertrugen; alles was wahr ist; ein ewiges Weben, ewiger
1517 2355 2672 2414 Wechsel, Hinundher, Hauptströmungen der Kunst, was ist der
1507 2389 1663 2461 Mensch.)
2039 2425 2139 2501 VIII.
1567 2475 2670 2559 Wollte sagen: zwölf Reporter treten zwischendurch auf. Der
1501 2526 2678 2617 banale Weisenborn wettert (nun, selbstverständlich) gegen
1505 2569 1727 2635 enton.
1564 2617 2670 2685 Die Schuhschlen, woran man sich derlei abgelaufen hat, sind
1496 2675 2670 2731 schon nicht mehr zu zählen. Was ist das für ein Quatsch?
1505 2709 2669 2773 Glaubt jemand, eine heutige Menschheit möchte wirklich ohne
1502 2751 2675 2810 flinke Pressenachricht leben? Ist es, ihr Trivialissimi, nicht
1499 2795 2666 2865 ein Nachsprechen billig ältlichen Geschwätzes, dass die Blitz¬
1490 2847 2670 2901 meldung ein Uebel set: Ein Missstand, dass man in jedem
1495 2885 2672 2960 Augenblick ahnt, was auf diesem Stern vorgeht? Ist es nicht
1505 2932 2151 2984 eine Blödheit, hergegen zu eifern?
1555 2969 2669 3050 Alle zwölf Reporter sind mir zwölfmal mehr wert als der
1501 3000 2064 3087 fragwürdige „Dichter“.
1548 3104 2667 3182 Die Straub (einzige sprechende Frau des Abends) war sonst
1495 3150 2463 3237 schon innnerlicher. Hier mit etwas Dilettantenton.
1546 3207 2666 3290 George (welcher den Kitschklang eines Matrosen Pep zu
1495 3257 2663 3338 äussern hat, setzt, gleich ihr, eine ferne Verwandtschaft an
1496 3300 2166 3375 geraubtes Familienblatt in die Luft.
1543 3362 2663 3422 Und weil die Luft im U-Boot rar wird, ist George beim
1489 3397 2573 3468 Fauchen im Element. Selten hat er so begründet getaucht.
1557 3454 2660 3525 (Bei alledem geht es um Linienunterschiede. Fraglos ist hier
1501 3496 2657 3563 eine Kraft — aber die seelisch punktrollern muss, um straff zu
1492 3534 1845 3621 werden, statt dick.)
3013 1268 3276 1339 .
2742 1279 3288 1367 tung: do¬
2750 1351 3288 1392 Albert Pilz für die Inserat:
2737 1374 3303 1432 Druck und Verlag: Rudolf Mos=
2800 1521 3309 1598 Wer war Weisenborn? Ein
2798 1579 3288 1639 Kümmert euch um Kerle,
2742 1621 3294 1680 meine jetzt nicht mehr die V.
2798 1671 3300 1726 Fallt nicht, individuenfeindli¬
2750 1711 3306 1768 wird. Einzelmenschen wie Art
2742 1745 3156 1830 herr heute nicht; was
2804 1799 3294 1904 Deutschland hat aber die
2742 1866 3294 1946 Dichter, wirkten sie gleich von
2795 1923 3304 1986 Schnitzler, jetzt vorübergeh
2734 1961 3303 2036 sagt irrig: er war jemand.) Er
2734 2011 3294 2079 er ist. Ihr habt ihn zu spielen
2734 2049 3296 2135 eine Möglichkeit — und ein Ri¬
2791 2120 3293 2226 Also steigt aus Pferd. Ich
2734 2182 3301 2294 gleich auf der andren Seite he
2794 2260 3268 2320 Probleme? Ja. Dichter?
2734 2291 3294 2373 Dichter des Landes sind un
2792 2400 3307 2508 Gleichzeitig kant im Klein
2734 2479 3294 2547 Landestheater in Stuttgart die
2735 2529 3294 2595 Matrosen von
2731 2584 3284 2638 schickten Regie von Friedrich
2729 2613 3288 2684 dem Erfolg zur Uraufführung.
2731 2659 3287 2723 unser Korrespondent, aut ca¬
2735 2707 3290 2773 Eindruck, dass das Publikum
2723 2754 3278 2810 ohne jede Beifallskundgebung
2737 2797 3272 2867 verdienen alle Anerkennung.
2782 2892 3282 2973 „Arabellae Befreiung
2726 2944 3291 3009 Landgerichtsdirektors Ohnesor
2726 2994 3278 3050 kammer des Landgerichts III
2719 3034 3288 3107 Beschlagnahme des Buches
2719 3085 3268 3131 A. M. Frey verhandeln, aber
2723 3118 3266 3176 Ende geführt; mit Rücksicht
2720 3169 3285 3235 grössere Termine wurde sie au
2770 3212 3281 3274 THEATERNACHRICHTEN
2723 3253 3284 3309 die Uraufführung von Ferdinand
2720 3299 3287 3344 brecher“ auf Dienstag, 23. Oktobe
2719 3337 3278 3375 tober bleibt das Deutsche Theater
2764 3369 3279 3413 In der Staatsoperam.
2720 3397 3287 3450 Ende Oktober eine Neuinszenierun¬
2717 3434 3284 3488 Leitung von Fritz Zweig und 52
2723 3463 2916 3525 vorbereitet.
2763 3481 3278 3553 im kleinen Theaters
2713 3534 3287 3591 dreiktigen Lustspiel „Der Dickka
2709 3566 3262 3641 Adele Sandrock, Max Lande und
2660 3805 2767 3897 1
