3392 4320
299 206 972 316 Miscellaneous
898 740 979 822 n
1162 214 1589 307 box 42/3
1699 761 1885 823 in
1937 664 2133 844 se
953 861 2118 1059 Wehrheiten vom eige
966 1038 1229 1124 .
1248 1077 1808 1146 Armut an jüdischer Würde!
1041 1127 2117 1190 Der Fall Hatvany ist zur Genüge bekannt. Man kann
934 1181 2115 1235 zu ihm stehen, wie man will, man kann es für untunlich finden.
941 1218 2112 1264 daß Baron Havany der magyarischen Justiz sich bedingungs¬
944 1254 2115 1310 los auslieferte und vor Gericht um Verzeihung bat für etwas,
948 1298 2114 1342 was er mutig hätte einbekennen können, da das ihn vernich¬
941 1332 2112 1386 tende Urteil schon aller Vorausischt nach festlag. Man kann
935 1373 2114 1416 auch als Jude abfällig denken über den Täufling Havany¬
941 1409 2124 1459 Deutsch. All dies ändert nichts an der Tatsache, daß man mit
947 1451 2118 1500 dem Menschen Halvany und seinem fürchtbaren Schicksal
944 1487 2115 1541 Mitleid haben muß, menschliches Mitgefühl, wie es in ähnlichen
944 1524 2115 1572 Fällen glücklicherweise doch ab und zu einmal auch unsere
941 1562 2115 1614 heutige Generation beseelt. Und deren geistige Führer sind
941 1602 2115 1652 bei solchen Anlassen die Berufenen, rettend einzugrenen, damit
941 1642 2120 1690 Unrecht, ob es Christen oder Juden widerfährt, doch irgendwie
941 1686 2115 1724 verhindert werde. So geschah es auch im Falle Havany. Ein¬
944 1718 2112 1770 stein, Fulda, Hauptmann, Hofmannsthal, Heinrich
944 1757 2112 1807 Mann, Salten, Schnitzler, Th. Wolff, Zweig u. a. m.
943 1804 2118 1857 riefen das Weltgewissen zugunsten eines Unglücklichen auf,
941 1832 2112 1889 hatten aber mit ihrer Aktion leider keinen Erfolg. Das ist nur
941 1881 2115 1918 zu bedauern, denn es beweist wieder einmal, daß die unga¬
941 1918 2112 1968 rischen Machthaber und deren Helfershelfer keine Gewissens¬
941 1948 2115 1999 skrupel kennen. Was aber jeden anständig Denkenden mit Ab¬
935 1990 2115 2038 scheu erfüllen muß, ist der Umstand, daß ein jüdisches Blatt
941 2028 2114 2083 sich dazu hergibt, über einen der namhaftesten der protestie¬
944 2069 2118 2117 renden jüdischen Schriftsteller in gehässigster Weise wegen
944 2106 2115 2161 der Teilnahme an dem gemeinsamen Schritte herzufallen. Wir
935 2148 2114 2199 meinen „Die Neue Welt“. In ihrer Nummer vom 17. v. M.
941 2180 2109 2238 bringt sie an leitender Stelle einen giftsprühenden Artikel, der
944 2226 2112 2270 mit Ford beginnt und mit Schnitzler endet. Diesem wer¬
935 2254 2114 2308 den die unglaublichsten Vorwürfe wie Armut an jüdi¬
941 2300 2115 2347 scher Würde, Selbsterniedrigung und Selbst¬
941 2336 2112 2395 überhebung usw. gemacht, weil er nun weil er rein
944 2378 2108 2434 menschlich dachte und handelte. An Schnitzler reicht dieses
944 2416 2118 2474 widerliche Gekläfte wohl kaum heran, es wird ihn kalt lassen.
944 2457 2118 2503 aber uns sei eine bescheidene Frage doch gestattet: Warum
941 2494 2114 2549 wurde gerade Schnitzler namentlich als Objekt für diese
941 2534 2112 2586 empörenden Invektiven des jüdischnationalen Blattes herange¬
935 2578 2117 2626 zogen, gelten diese in gleichem Maße auch zum Beispiel Felix
935 2605 2114 2661 Salten, dem Autor des Palästinabuches „Neue Men¬
941 2645 2109 2701 schen auf alter Erde und Mitglied des öster¬
938 2690 2117 2732 reichischen Pro-Palästina-Komitees, oder
931 2717 2112 2782 Stefan Zweig, der ebenfalls Mitglied dieses Ko¬
938 2763 2112 2810 mitees ist, oder gar Prof. Albert Einstein? Warum nur
938 2802 2121 2853 Arthur Schnitzler, warum gerade diese Auslese? — Ein Artikel
941 2841 2112 2898 des Münchener Völkischen Beobachter über die Ab¬
941 2875 2111 2941 lehnung des Protestes für Baron Havany schließt mit den
947 2916 2111 2984 Worten: „Diese Ohrfeigen gönnen wir dem Hein¬
941 2987 1763 3050 an
1993 3003 2100 3058 a
979 3083 2075 3162 Einzig in Mitteleuropa unübertroffen
1376 3140 1664 3199 sind die
1122 3208 1934 3300 Vortreich-Piazzon
985 3297 2055 3351 der bestrenommierten 1. Wr. orthodoxen Mazzothfabrik.
994 3339 2050 3400 welche unter streng orthodoxer Aufsich des ehrw.
987 3379 2058 3437 Rabben der isr. Kultusgemeinde Wien erzeugt werden.
1264 3415 1776 3484 Atteste der größten¬
996 3438 2056 3505 Durch die modernsten technischen und hygienischen
990 3502 1990 3556 Einrichtungen bin ich in der Lage, sämtliche
991 3540 2055 3595 und feinsten lichten Grieß, wie auch die dünnsten
985 3574 2053 3627 Mazzoth aus dem garantiert feinsten Nuller¬
1030 3624 2021 3677 streng orthodox zu erzeugen.
1330 3654 1497 3733 2
1128 3730 1943 3813 Israel Vortrefflich
1024 3804 2022 3875 Fabrik: Wien II., Obere Augartenstraße 32
1215 3863 1856 3916 Telephon Nr. 44-8-14 und 46-3-90
1140 3909 1920 3966 Verkaufsstelle: Generalvertreter
1013 3963 2041 4027 Albert Körner, II., Novaragasse
1049 4021 2000 4095 Detailverkaufsstellen in ganz Wien und
1397 4075 1652 4140 Österreich
