3392 4320
330 283 995 379 Miscellaneous
1178 293 1605 372 box 42/3
1668 162 2330 199 damente ostunte in un attein
1665 180 3038 230 mento puteologo del quale sono qui celebre che egli non a vuelto des¬
1658 227 2207 281 te alle estremo consequenz,
2363 230 3031 269 sere. Questo deve essere la sin ven-
1689 258 3031 307 La signor Suttner fuisse per sodetta. Ma no fatto con senza luo-
1661 291 2326 337 primera solemente, facendo crede
2361 293 3031 332 la. Quando la moglie sente quest pro¬
1661 325 2333 370 ad un disgrazia, perché sente lo
2363 330 3029 370 positi da la escondescenze ; et nau-
1656 361 3042 405 rato della maneta maternità, non sent a tal punto por los nazione
1658 391 3026 435 na prima ver favorite gli amor del marito che decide ducendere
2363 428 3038 468 figlio che porta nel seno. E comple
1665 422 2335 468 del marito con una functulla che essa
2363 459 3049 503 il detto pur di non mettere al mon-
1658 457 2333 503 te la portato in casa: la pro¬
1658 490 3035 539 gonista del donata arriva do un futuro nitore, la pure celebre
2387 529 3035 569 E' arrestate processata. Assistin¬
1656 524 2330 564 armare la mano di un giovane contre
2361 551 3031 606 mo (purtroppo al dattimento. Sen
1661 560 2326 600 marito delle maatteet, en
1658 593 3040 639 pace di darle quell'amore che il giolamo la urtante deposizione di una
1658 619 3038 667 van invecha saputo improvisatre che ha favorite detto.
2361 660 3040 701 ascoltado la common des che
1653 654 2078 698 mente segliare in let.
2363 691 3038 729 l'attre la della moglie. Quest di¬
1679 672 2333 733 Sentiment sera disperat,
1656 714 3038 770 quest, ma che hanno radlet profonde es in tribunale, che gli concilia¬
2363 763 3035 801 tutte le spatio, che gli procura ap¬
1649 761 1989 817 laumana.
2370 794 3040 836 plus effort, resce a dare all'attore
1745 782 2337 831 contrasto fra lo schlavo della
1653 817 2881 866 olla, l'attore, nel quale lo Schönherra sensazione del successo.
2391 850 3038 899 Pola, invece, a la peggio. Tutt¬
1658 862 2333 899 a voluto affigurare, forse, la con¬
1653 885 3040 934 venzione e l'artificio in contraposto sono contro di let. Ma Adalberto ama
2370 921 3035 963 bei gesti. Egli accoglie ancora la
1653 925 2335 965 con la semplicite con la incerta
1649 958 3052 1007 della fonctulla che gli si è data con molle, assolta per parziale informità
2366 993 3038 1035 di mente, nella sua casa, le perdona
1649 991 2337 1031 dellos freschezza di spirito, la in
1658 1019 3038 1066 so una forza dramatien assai de la vezzeggla. Per un momento sem-
1656 1052 3047 1103 tibile, e, certamente trova minor rubra che la felicità debba rientrare
2361 1089 3040 1129 fra que mur. Ma arriva improvi¬
1661 1091 2317 1134 nan ella nostra sensibili.
1653 1117 3040 1167 sotile e voluto. E per il modo col samente il directore del teatro, desi¬
1656 1155 3047 1199 quale stato presentato dallo Schöneroso disfrutare la popolarità di
1658 1188 3052 1242 herr, in una vicenda a tinte forti, Adalberto. In quella sera stessa egli
1649 1223 2792 1269 natae pletorica, et à sembrato andovrà recitare leto.
2384 1253 3050 1316 Adalberto si prepara per andare in
1649 1258 2333 1300 che also traordinariamente
2352 1279 2483 1347 teatro.
1649 1297 2010 1349 lontano e superato.
2392 1310 3040 1373 A la cascano le braccia. Tutto
1679 1314 2331 1366 L'azione ha luogo in una città di
1656 1358 3038 1405 provincia. La giovane figlio di un aber finito. E lascia la casa, ac¬
1656 1387 2715 1433 bro. Pola, una sera va a teatro casi dal dolore
2396 1406 3043 1464 A questo episodio principale se ne
1656 1431 2326 1469 Sulla sen t' Adalberto Cavalier
2361 1457 3040 1495 collegan altri. C'e per semplo l'af¬
1656 1462 2330 1504 il quale recita la parte di un giovane
1649 1492 3043 1539 scapolo, infelice. La facula à tutta fare di un figli che Adalberto la
1656 1530 3035 1569 commissa dalla situazione di quel avuto, in govent, da un piccola a¬
1658 1560 3038 1604 glovanotto solo, abandonato da tutrice divenuta più tardi celebre. Que¬
1656 1591 3038 1633 ti. Salz dal suo poste rast to fa il garzone di un gard¬
2366 1626 3040 1670 nere Ed anch'egli porta del fiori in
1653 1633 2333 1675 all'attore con una spontaneita tutta
2361 1659 3049 1707 maggio all'attore, che lo riconosce
1658 1659 2066 1714 provinciale: Poverno
1691 1698 3038 1738 Ma non si contenta di quel commoue lo stringe con tenerezza fra le
1656 1729 3042 1773 so comment. Il giorno dopo la ra¬
2366 1764 3040 1804 regala un paso di calzone cinque fo¬
1658 1769 2337 1810 gazza va a trovare l’attore a casa
1656 1797 3035 1848 sua. Vi è sorpresa del padre il quale ine gli grida da lontano : « Ricor
2349 1837 3014 1904 the tu padre solo ne¬
2352 1900 3017 1946 los e che non aggiunge nulla alla
2357 1926 2527 1977 omedia.
2373 1947 3010 2007 Schönherr ha avuto bisogno diri¬
2352 1996 3017 2043 durre un ambiente di gittiin un
2349 2036 3014 2077 esine perduto chi sa in quale mon¬
2352 2073 3019 2108 agna per rendere, fino a un certo pun¬
2349 2103 3022 2143 , accettabili i suoi personaggi e le sue
2354 2138 3029 2185 tunion. Quella povera Paola à un
2354 2176 3015 2211 nismo, una condizione.
2354 2207 3028 2248 loppure le figli de
2352 2237 3010 2279 abbri credo, che sulla scena non si
2349 2270 3019 2309 citi ma viva; e quando si deci¬
2342 2305 3014 2352 on a spose un attre sanno bens¬
2342 2347 3008 2391 mo qual no gli obblighi del ma¬
2342 2373 3022 2424 to; et entrano nella sua vita, senza
2337 2417 3017 2469 alors prendere dall'ossessione della
2335 2436 3017 2501 incerta in un senso che per essere
2337 2473 2937 2520 roppo assoluto diventa ristretto.
2352 2509 3010 2556 Se Schönherr aveva voluto circon¬
2337 2539 3010 2595 are di impatia il personaggio di
2342 2576 3014 2618 ala, a bagliato in pleno. For¬
2337 2609 3010 2658 ris plus a fait
2340 2644 3012 2689 Adalberto che non la ostinatae pe¬
2335 2682 3008 2726 los intransigenza morale della
2330 2713 3010 2761 torna. A meno che proprio a questo
2324 2754 3012 2806 non abbia voluto arrivare lo Schö¬
2328 2783 3010 2825 herr, con un proposito di satira al
2333 2822 3007 2862 pregiudizio alle prevenzioni da parte
2328 2850 2996 2907 della colabores verso gli at¬
2323 2884 2405 2926 or.
2352 2914 2998 2961 Ma se a tale scopo avesse mirato,
2317 2956 2998 3001 non avrebbe fatto che fondare una
2328 2989 2998 3028 porta aperta, Bognerebbe che l’a¬
2319 3019 3001 3062 zione et riportasse a qualche secolo
2319 3055 2998 3092 Indero. Macé, per disaventura, in
2321 3092 3001 3129 casa di quel povero guito, un ricco
2316 3122 3003 3185 tes automatie, in dubbio
2312 3160 2565 3216 di modernità
2352 3174 3001 3232 La commedia alla quale anche la
2312 3223 2996 3265 técnica per la quale la vicenda ci à
2312 3263 3000 3296 appers spezzettata ir numerosi qua¬
2316 3291 2998 3335 risatie, la nuoluto, ebbe buon
2312 3322 3001 3363 esto al prologo e a primi duo qua¬
2321 3357 3001 3398 dri, le cul sprazzi dell'ingegno di
2316 3389 2996 3431 Carlo Schönherr non mancano: por
2316 3427 2996 3467 I consensi del pubblico sono andati di¬
2316 3459 2998 3520 monendo. La commedia & finita fra
2354 3495 2523 3542 contrasti.
2340 3527 2996 3570 La recitazione è stato vibrante du
2312 3558 2996 3605 parte del Betrone e della Rossi. Non
2307 3596 2996 3637 si poteva dare intonazione diversa ad
2316 3631 2994 3666 una media alquanto grossolan
2312 3664 2994 3706 nella futura e che si muove col passo
2316 3698 2993 3747 pesante de montanari. Il Paoli color
2314 3729 2989 3778 con efficacia la marchietta di un ve¬
2312 3762 2993 3808 chlo attore, che sera ancora nel quo¬
2307 3797 2984 3842 re tinte illusioni, e che trova ne¬
2307 3825 2998 3884 l'alcool il confort per essere stato
2307 3865 2989 3918 abandonato dal pubblico. Otting
2307 3898 2994 3944 altri fra quali la Fabbri, la Betrone
2309 3937 2652 3986 e il giovane Paoli
2330 3938 2977 4014 Lo scio della y el rey
2307 4003 2989 4047 ma con tal commodie non si resolve
2316 4034 2987 4082 la crisi del teatro ne si contribuisce
2309 4066 2987 4136 alli migliore educazione del pubblico.
2865 4106 2963 4158 c. 1.
