3344 4320
79 209 935 332 1. Miscellaneous
1119 224 1552 332 box 42/3
83 776 209 874 mag
892 773 1339 852 Neues Wiener Journal
1773 769 2112 856 22. April 1928
2679 773 2892 881 Seite 11
83 834 513 931 g; bei einer Festlichkeit
1736 848 2935 935 kontatt wieder ein. Allen Stürmen, welchen Girardis Leben
94 921 509 978 Herr, nennen wir ihn
1736 928 2931 986 später ausgesetzt war, wich unsere so schöne wahre Zusammen¬
866 910 1368 1007 Tuchhandlung
79 960 513 1032 und ich tanzte, auf den
1736 975 2935 1025 gehörigkeit aus. Und als das Alter nahte, als uns nur mehr die
105 1011 505 1076 war noch nicht das
1736 1022 2931 1072 Erinnerung an eine herrliche Jugendzeit blieb, als nur mehr
79 1061 509 1126 te verschwinden, als
1733 1065 2939 1123 Girardi und ich zurückgeblieben waren, da suchte er mich oft und
596 949 1090 1177 Aber
1180 1065 1650 1184 a
76 1101 505 1180 rgißt man nicht, das
1736 1115 2935 1170 oft und immer wieder auf. Mit mir besprach er die Möglichkeit
960 1141 1267 1213 „Zur Schäferin“
76 1152 347 1217 eine lacht mit
1736 1162 2935 1224 seines Burgtheaterengagements. Möglichkeit, vor der er in
108 1180 505 1285 „Ueber welche Städte
1729 1206 2935 1264 ehrfurchtsvollen Staunen stand. Er, der Bescheidenste, das
650 1177 1578 1292 Wien, I., Freisingergasse 1
1736 1256 2935 1314 lauterste, das echteste Genie österreichischer Edelart. Es nutzte
935 1260 1310 1332 (Ecke Bauernmarkt.)
69 1264 502 1361 jeder reden: „Potsdam,
1729 1303 2939 1365 auch nichts, daß sein erstes Auftreten im Burgtheater zu
852 1303 1390 1408 Original englische
116 1347 509 1404 Ueberall müssen wir
1733 1354 2939 1412 einer Ovation wurde, die Volk, Gesellschaft, Staatsmänner
94 1386 502 1476 t genaue Kontrolle vor¬
1736 1401 2942 1455 und Hof einen Augenblick lang, gerade in dem Jahre, da
560 1383 1675 1516 Damenmäntelstoffe
1736 1448 2942 1502 das alte Oesterreich unterging, zu einer ideellen Einheit ver¬
141 1466 505 1560 die von Menschen
1736 1491 2942 1552 schmolz. Girardi zitterte noch mehr für sein zweites Auftreten in
72 1534 505 1599 sen warten. Es kommt
1736 1545 2942 1603 Schnitzlers „Liebelei", als alter Weiring. Eines Tages saß er
588 1505 1650 1635 Herrenmodestoffe
97 1581 509 1671 Kellner, Verzeihung:
1736 1588 2931 1646 stundenlang bei mir, so verzweifelt, so mutlos, daß er beschloß,
1736 1635 2935 1697 die Rolle zurückzuschicken. Ich rief Artur Schnitzler an und erzählte
516 1675 2935 1740 Willkommen Fitzmaurice, Willkommen Hünfeld. Ueber jedem ist die ihm von Girardis Depression. Er schlug vor, daß Girard ihm
65 1653 495 1736 sie sich nun heute in
72 1733 2939 1805 sturm der Photographen deutsche, die irische, die amerikanische und die New-Yorker Flagge bei mir die Rolle vorspielen möge. Dankbar nahm er, der nach
520 1773 1715 1823 angebracht. Die ganze Fish-Avenue wird mit Girlanden geschmückt
65 1776 495 1834 sonders stark vertreter
1736 1780 2744 1848 so hohem Aufstieg noch immer an sich Zweifelnde, an.
523 1819 1718 1877 Die Flieger werden vom Hotel aus, das im Zentrum liegt, von
69 1819 491 1884 die Straßen der Reichs
1845 1801 2942 1888 Ich sehe die Szene noch vor mir. Schnitzler nahm in einem
520 1866 1715 1917 den städtischen Ehreneskorten nach dem Hafen geleitet und vor
65 1877 495 1935 et von Kinooperateure
1740 1856 2939 1931 Fauteuil Platz, Girardi hatte seinen Fauteuil weiter weggerückt.
520 1906 1715 1971 dort mit einem städtischen Dampfer zum Battery-Park gebracht,
72 1928 495 1986 ten. Passanten blieben
1740 1931 2939 1993 Er hob die strahlenden, abgrundtiefen Augen, sank ein wenig
516 1964 1715 2022 wo zehntausend Soldaten Aufstellung nehmen werden. Im Parade¬
79 1967 491 2058 Zug und jubelten der
1736 1967 2697 2043 zusammen und dann sprach Weiring zu Christine . .
513 2011 1718 2072 zug marschiert das Militär voran, dann folgen die Automobile
1841 2000 2939 2079 Niemand hat jemals dieses Erlebnis gehabt. Denn was
520 2065 2942 2130 mit den Fliegern und Ehrenausschüssen. Vor der City-Hall wird Girardi in der lähmenden Angst, die ihn bei der Aufführung
58 2036 491 2130 burger Tores ging
69 2097 1715 2162 karsch für die Ehre der eine Tribüne errichtet, die einige tausend Menschen fasser
1736 2115 2942 2173 umfing und bereits geschwächt vom herannahenden Todesübel auf
516 2159 2939 2220 kann. Hier begrüßt Oberbürgermeister Walker die Flieger, der Bühne bot, war nur ein Schatten der Gestalt des alten
79 2159 238 2242 machen.
520 2202 2939 2300 die dann den Triumphing, der den Lindberghs weit Weiring, die er, ohne alle Beihilfe der Bühnenatmosphäre, nun
516 2238 1585 2300 in den Schatten stellen wird, fortsetzen werden.
1736 2253 2942 2314 erblühen ließ. Es gibt kein anderes Wort, das diese quellende
527 2274 1718 2346 schließend werden Kohl, v. Hünefeld und Fitzmaurice Kränze
1747 2307 2939 2368 Innigkeit, das diesem Leuchten einer selbstvergessenen Liebe irgend¬
527 2339 1715 2393 für den unbekannten Soldaten niederlegen. Der Zug begibt sich
58 2235 433 2430 New-York.
1736 2350 2942 2411 wie nahe käme. Gleich nach der ersten Szene, als Weiring, einen
523 2383 1711 2451 später zum Zentralpark, wo das Militär regimentweise Aufstellung
1744 2404 2935 2462 Fliederzweig in der Hand, eintritt: „Eine Luft ist heute draußen,
58 2404 462 2502 ir die „Bremen.
527 2437 1715 2491 nehmen wird. Die Flieger werden dann begleitet von Ober¬
1736 2451 2942 2505 was, Frau Binder? Ich bin jetzt durch den Garten bei der Linie
61 2473 245 2549 Journal".
516 2484 1711 2538 bürgermeister Walker und den einzelnen Truppenkommandanten die
1736 2498 2924 2549 gegangen — da blüht der Flieder. — Es ist eine Pracht!
527 2531 1715 2592 Front abschreiten. Auf den Stufen des Bibliothekgebäudes in der
76 2509 458 2603 York, 21. April.
1736 2545 2931 2617 sprang Schnitzler auf, Tränen in den Augen, und rief: „Herrlich
523 2570 1711 2639 42. Straße werden die Flieger von zehntausend New-Yorker
1740 2596 2874 2671 Herrlich! Zum erstenmal sehe ich den alten Weiring vor mir!
97 2585 491 2650 mit der „Bremen
54 2596 1065 2700 merika ungeheures Auf-Schulkindern begrüßt werden.
1848 2628 2939 2697 „Herr Doktor, ist das wirklich wahr? Glauben Se.
1729 2661 2939 2747 es wird gehen?" Und nun spielte Girardi die große Szene des
51 2686 505 2744 tzung gelingt, ihre Absicht
592 2671 1646 2780 Auch Exkronprinz Wilhelm gratuliert.
1736 2733 2942 2798 letzten Aktes Spielte sie göttlich. Sein Schrei: „Sie kommt nicht
79 2740 509 2809 — New-York-Berlin die
787 2762 1451 2841 Privattelegramm des „Neuen Wiener Journals.
1729 2787 2939 2856 wieder! Sie kommt nicht wieder!" war mehr eine Gott zu¬
47 2787 498 2848 bisher vollbracht wurde
1307 2791 1682 2888 Rom, 21. April.
1733 2830 2689 2902 geschleuderte, sich gegen Gott aufbäumende Anklage.
54 2830 513 2892 der deutschen Flieger
632 2841 1715 2931 Exkronprinz Wilhelm, der sich zurzeit in Italien auf¬
1845 2852 2935 2935 Tieses Schweigen. Dann reichte Schnitzler Girardi die Hand
51 2884 505 2953 vorgenommen, damit die
51 2920 2935 2989 ndert wird. Ein großes hält, sandte an Freiherrn v. Hünefeld, der früher sein und sagte: „Sie hätten wahrscheinlich meinen Weg anders ent¬
61 2971 2939 3040 für Ruhe und Ordnung Adjutant war, folgenden Glückwunsch: „In herzlicher Freude und schieden. Wenn mir dieses unsagbare Erlebnis Ihres Weiring
105 3022 2935 3094 sorgen, da man mit Bewunderung über den siegreichen Ozeanflug, grüße ich mit Ihnen geworden wäre, als ich die „Liebelei" vor 24 Jahren auf¬
36 3061 1964 3162 In New-York befestigen meinen alten, treuen Freund, den tapferen Flugzeugführer Kohl führen ließ.
1856 3097 2935 3180 „Aber, Herr Doktor (erwiderte Girardi mit vor Freude
47 3115 1715 3180 ernenpfahl der Fifth= und den mutigen irischen Begleiter mit treuesten und aufrichtigster
1729 3137 2924 3242 zitternder Stimme), jetzt müssen S' mir wieder so eine Roll
43 3170 736 3263 : Willkommen Kohl, Wünschen."
1733 3213 2866 3289 schreiben. Wenn's wirklich wahr is, daß Sie zufrieden sind.
1845 3235 2935 3350 Artur Schnitzler versprach es. Und Girardi starb vier
1729 3307 2014 3393 Wochen später.
47 3231 1704 3444 sielt vor Artur Schnitzler
1960 3444 2704 3549 Kinderstube für alle.
1837 3520 2816 3617 Eine neue Berliner Einrichtung.
43 3422 1141 3610 ne letzte Rolle.
2292 3599 2390 3653 Von
2173 3628 2495 3729 Hella Rohm.
47 3646 1011 3747 Persönliche Erinnerungen.
2466 3679 2884 3769 Berlin, im April.
1837 3740 2935 3812 Ein eher kleiner als großer Raum, der doch so viel der
458 3736 570 3827 Von
1729 3769 2939 3848 Wunder birgt: manchem armen reichen, manchem armen elenden
152 3805 870 3902 Berta Zuckerkandl-Szeps.
1722 3845 2928 3895 Kinde wird er ein Paradies, manchem Erwachsenen ein Zauberland
1736 3892 2924 3949 sein, darin er alle Köstlichkeiten des Lebens schöpft. Denn dieser
32 3902 2935 4036 ardi gestorben ist, dieser Muritaten" (Girardi pflegte meinen Namen stets Berta aus Raum, kaum fertig noch, erst halb möbliert, in rotem Schleiflack
1729 3989 2939 4050 hell und lustig ausgestattet, birgt Herrlichkeiten, die Kinder und
36 4000 942 4079 ste, kindlichste und tiefste zusprechen) vorzutragen
625 4032 2841 4097 Es waren der Sünden viele, die ich, allerdings immer Erwachsene sich bis dahin nicht träumen ließen. Zunächst -
61 4047 509 4130 gekannt hat. Seit dem
79 4083 2837 4141 grenzenlose Popularität unterstützt von meinen Anklägern, begangen hatte. So die was soll man an erste Stelle setzen? Die Spielzeugschränke,
1747 4126 2935 4191 rings um das Zimmer laufen, mit Glasscheiben selbstverständlich,
