3344 4320
111 272 218 377 11.
272 274 953 392 Miscellaneous
1129 283 1554 385 box 42/2
965 881 1520 982 den der Mann Morgen
203 969 856 1175 Streit mit
879 1070 1734 1196 Herrn Fehler
502 1183 1080 1269 Von Herbert Culenberg
84 1229 306 1302 le das preu¬
343 1231 1225 1323 mich als Dichter zu finden. Von seiner Sym¬
1267 1248 2140 1350 rend der ganzen Generalprobe nachsinnen. Es
90 1292 297 1350 rein Poli¬
354 1298 1223 1371 pathie für meine übrigen Stücke zu reden, und
1263 1321 2142 1399 wäre mir fast lieb gewesen, wenn er mich aus
109 1336 297 1392 Anlaß der
358 1348 1227 1411 mir sein Bedauern über diesen nach seiner Mei¬
1275 1361 2071 1438 diesem seinem Hause hinausgewiesen hätte.
107 1380 299 1443 Herbst zur
348 1394 1219 1461 nung mißglückten Wurf auszudrücken „Und so
1275 1405 2140 1472 hätte so zeitgemäß gewirkt und so folgerecht zur
100 1428 302 1476 unter der
350 1428 1219 1508 weiter!", wie Gerhart Hauptmann gewichtig sagen
1275 1453 2138 1518 Gegenwart gepaßt, wenn der Dichter aus dem
90 1468 297 1528 Schillers, die
350 1482 1219 1537 würde. O heiliger Brahm, du warst zwar kein
1271 1491 2131 1560 Bühnenhaus vertrieben und verbannt worden
132 1512 293 1572 Seelenge¬
345 1516 1219 1595 Gemütsriese, aber mit welcher Zartheit würdest du
1263 1547 2142 1618 wäre. Jedenfalls hätte es mir auch mehr Achtung
121 1560 299 1616 hat, zur
345 1564 1221 1633 die Situation erhellt und beseelt haben! Herr
1269 1587 2138 1662 vor Herrn Jeßner eingeflößt, wenn er so rein sach¬
144 1602 295 1660 verstan-
352 1608 1221 1681 Jeßner gibt kein Wort von sich, sondern weidet
1275 1627 2136 1702 lich und kalt gegen mich vorgegangen wäre, als
159 1648 293 1704 a mich
343 1656 1223 1725 sich nur kalt lächelnd an meiner Zwangslage. Da
1263 1677 2138 1746 daß er sich hinterher wieder heimlich hinter die
197 1696 293 1750 konnte
341 1706 1221 1773 reißt mir die Geduld angesichts dieser seiner glei¬
1273 1719 2142 1790 Presse machte, soweit er ihrer habhaft werden
188 1740 289 1796 gen.
343 1740 1219 1809 ßenden Miene. „Sie haben sich erbärmlich be¬
1263 1769 2131 1838 konnte, um sie erneut gegen mich und mein Stück
165 1784 291 1840 te, so
343 1799 1219 1859 nommen!" brüll ich ihn auf der Bühne an.
1263 1811 2123 1880 nach Kräften einzunehmen. „Exoriare aliquis
161 1828 285 1884 unange¬
348 1842 1219 1905 „Wer hat sich erbärmlich benommen?" fragt er
1267 1853 2131 1920 habe ich ihm noch auf der Bühne zugedonnert.
170 1876 289 1930 unter
345 1882 1219 1951 noch, weil er gar nicht ahnt, daß sich so etwas wie
1260 1901 2134 1970 Hoffentlich hat er's nicht für hebräisch gehalten.
197 1920 289 1972 tück in
343 1924 1212 1987 ein Dichter einmal gegen einen allgewaltigen In¬
1260 1949 2131 2012 Aber statt müßig auf meinen Rächer zu warten,
341 1966 1212 2039 tendanten erheben kann. „Sie!“ wiederhole ich
1260 1989 2131 2060 will ich lieber schon selber heute meinen Aerger
209 2004 291 2064 kostet
333 2014 1212 2083 laut, und zeige mit meinem Hut in die Rich¬
1258 2029 2127 2104 über diese Entwürdigung in Tinte und Drucker¬
337 2056 1208 2127 tung, wo er steht. Das Gesicht Nasos, seines
1265 2075 2129 2144 schwärze wegschwemmen. Handelt es sich ja doch
341 2100 1210 2173 Dramaturgen, der neben ihm auf der Bühne seines
1258 2127 2129 2188 bei diesem Fall nicht allein um mich, sondern auch
343 2146 1206 2213 Spielleiteramtes waltet, wird bleich. Nasos Nase
1258 2175 2129 2238 um meine ganze Gilde, die sich heute fortgesetzt
337 2188 1206 2255 wird länger. Er sieht aus, wie ein vornehmes
1260 2213 2129 2284 lakaienhaft behandelt und vor die Theatertüre ge¬
341 2234 1206 2309 Rassepferd, das seinen Herrn betrauert. „Aber,
1265 2253 2123 2322 setzt sieht. Und handelt es sich doch hierbei auch
339 2282 1208 2351 Herr Doktor!" beschwichtigt er mich: „Machen Sie
1263 2305 2123 2364 darum, mit wie wenig Entgegenkommen man von
333 2324 1202 2397 doch hier auf der Bühne keine Scene! Vor dem
1260 2345 2123 2404 seiten der Theaterintendanz bei uns auf den sel¬
335 2370 1206 2452 Personal! „Ich denke, es gibt kein Personal
1260 2395 2129 2458 tenen Entschluß eines unserer Ministerien, einmal
329 2422 1208 2485 mehr in der Republik", erwidere ich. „Bitten Sie
1254 2437 2123 2504 etwas für die Kunst auszuwerfen, antwortet und
333 2464 1202 2531 doch Herrn Intendanten um eine Unterredung
1256 2477 2119 2544 sich rührt. Das preußische Ministerium des In¬
335 2508 1202 2569 allein und unter vier Augen!“ redet mir Naso
1246 2523 2115 2594 nern wird jedenfalls nach diesen Erfahrungen mit
329 2554 1202 2613 gut zu. „Nun wohl! Ich bitte um diese Unter¬
1256 2569 2119 2638 Herrn Jeßner so bald nicht wieder Lust verspüren.
331 2592 636 2661 redung. Sofort!“
1248 2619 2125 2680 einem Künstler eine Festdichtung in Auftrag zu
383 2630 1204 2716 Daraufhin erklärt Jeßner dem Vermittler:
1252 2670 2119 2732 geben. Und wer könnte es ihm nach solchem Hin¬
329 2686 1198 2757 „Nein! Sagen Sie Herrn Doktor Eulenberg, er
1246 2709 1912 2762 tertreppenspiel auch weiter verdenken?
329 2743 1198 2797 würde mir mit Recht gleichfalls eine Aussprache
1304 2755 2119 2822 Es bleibt ein Jammer, daß durch den rohen,
329 2778 1198 2841 verweigern, wenn ich mich so in seinem Hause
1242 2808 2117 2873 bildungslosen Betrieb unserer heutigen Schau¬
329 2820 1185 2883 benommen hätte, wie er soeben in meinem Hause.
1242 2856 2115 2906 bühnen schließlich noch die letzten Poeten von
331 2871 1200 2938 Damit eilt er fort. Und ich kann ihm nur noch
1246 2894 2115 2961 diesen Stätten gedrängt werden, an denen bald
325 2917 1191 2973 nachrufen: „Wenn Sie sich in meiner Lage be¬
1248 2942 2119 2996 nur noch Macher und Schieber gedeihen. Es kann
329 2967 1198 3019 fänden, so dürften Sie sich gegen mich in meinem
1252 2984 2110 3046 leicht sein, daß die für das nächste Jahr geplante
329 3007 1191 3061 Hause ebenso aufführen, wie ich hier. So viel
1248 3028 2104 3092 große und umfassende Theaterausstellung in Mag¬
325 3048 1103 3118 Temperament wie mir gestehe ich Ihnen zu.
1242 3080 2119 3126 deburg zugleich Ruhmes- wie Grabeshalle der
379 3095 1198 3176 Aber er zieht sich scheu zurück. Und mir bleibt
1242 3122 2110 3180 Schaubühne, wie sie Schiller und die seines Stre¬
320 3134 1189 3210 nichts übrig, als ihm durch seinen Dramaturgen,
1244 3162 2113 3226 bens sahen und sehen, werden kann, und daß vor
322 3185 1196 3252 Dr. Naso, noch bestellen zu lassen, daß ich als
1242 3203 2110 3264 ihrem Eingangstor, unsichtbar für die Menge, aber
322 3231 1191 3296 deutscher Dichter jedes Theater, wenigstens vom
1242 3252 2110 3312 sichtbar jedem Dichter, die Worte prangen: „Hier
316 3268 1185 3346 Vorhang an bis zur letzten Bühnenwand, auch als
1244 3304 2108 3360 ruht das deutsche Theater. Es starb an Roheit,
316 3319 1189 3386 mein Haus betrachte. „In meinem
1248 3342 2110 3407 Sachlichkeit, Dichterhaß, Politisiererei und anderen
329 3367 1189 3461 Hause!" Diesem Wort Jeßners mußte ich wäh¬
1235 3392 1690 3461 zeitgenössischen Gebrechen.“
381 3442 2064 3662 Erwiderung an Herrn Dr. Herbert Eulenberg
961 3603 1470 3735 Von Leopold Feßner
1206 3675 2104 3790 beteiligt war, hat seine Kräfte bis zum letzten in
362 3731 1179 3819 Herr Dr. Herbert Eulenberg hält mich —
1233 3765 2110 3821 den Dienst einer Sache gestellt, die sicherlich nicht
312 3796 1183 3863 warum nur - für seinen Feind und für einen
1229 3811 2104 3863 dem eigenen Lorbeer — wohl aber einer festlichen
312 3838 1181 3909 Intriganten dazu. Der Gedanke ist frei. Ich
1233 3855 2102 3909 Veranstaltung von allgemeinem Interesse galt. Des
308 3886 1179 3951 kann daran — trotzdem ich weder des einen noch
1227 3899 2104 3947 Autors Wünsche, selbst wenn sie der (künstleri¬
306 3924 1170 3997 des anderen mir bewußt bin — leider nichts an¬
1240 3943 2108 3993 schen Meinung der Leitung und Regie zuwider¬
310 3974 1170 4039 dern. Aber sachlich muß ich einiges richtig¬
1229 3991 2096 4039 liefen, wurden im Sinne des besonderen Charak¬
314 4016 421 4077 stellen
1223 4030 2104 4093 ters der Aufführung erfüllt. Und wenn der „hohe
362 4051 1179 4131 i inne — as Dr. Kleben — ein Bo=
1219 4077 2102 4141 Herr Intendant dem Dialog einige schärfere
304 4095 1177 4183 spiel „Die beste Polizeit ablehnen Anderenfalls
1227 4120 2098 4167 Schlaglichter aufgesetzt wünschte, so wollte er da¬
377 4162 1177 4234 an ihn daher nach
1221 4164 2083 4211 mit gewiß nicht „Rembrandt" und „Kokoschka
2198 1009 3067 1068 macht: auch nur in einem Stück verrissen zu
2192 1066 3061 1139 werden, das auf der eigenen Bühne gespielt wurde?
2244 1149 3069 1244 Es gefällt Herrn Dr. Eulenberg weiterhin, der
2190 1219 3069 1300 Oeffentlichkeit mitzuteilen, daß er mich auf der
2192 1279 3067 1338 Bühne des mir anvertrauten Hauses — „meines
2192 1321 3069 1384 Hauses" — mit Worten angriff. Er schildert diese
2198 1365 3069 1422 Szene mit aller Genauigkeit und einem erstaun¬
2192 1411 3069 1470 lichen Vergnügen am „Milien“. Aber eine meiner
2194 1451 3067 1510 Antworten ist ihm doch entfallen — und ich möchte
2201 1497 3067 1556 sie ihm ins Gedächtnis zurückrufen. Als er sich
2192 1545 3072 1610 nämlich auf sein „Temperament" berief, habe ich
2190 1598 3074 1652 erwidert: das sei ja keine Sache des Tempera¬
2192 1635 3063 1692 mentes — sondern der Kinderstube. Und wenn ich
2196 1685 3067 1744 kaltlächelnd geschwiegen habe, so war es wohl
2188 1725 3063 1784 mehr die Ruhe des Kapitäns bei Windstärke 11
2236 1765 3067 1817 eine Ruhe, zu der ich mich als Theaterleiter
2192 1811 3061 1878 erzogen habe. Wenn Herr Dr. Eulenberg schließ¬
2188 1851 3067 1926 lich rekapituliert: er habe mir „Exoriare ali¬
2192 1899 3061 1956 quis..." „zugedonnert und hofft: „ich hätte es
2186 1943 3063 2006 nicht für hebräisch gehalten" — so kann ich ihm
2188 1985 3055 2041 hierzu nur sagen: ich würde die Sprache Virgils
2194 2033 3057 2094 sicherlich niemals mit der hebräischen verwechseln,
2188 2077 3057 2152 da ich als orthodox-religiöser Jude ein zu guter
2180 2121 2835 2194 Kenner der hebräischen Sprache bin.
2230 2226 3057 2316 Doch ich möchte mich nicht ebenfalls in Pri¬
2178 2286 3063 2347 vates verlieren. Dinge größerer Wichtigkeit stehen
2186 2337 3055 2402 hier auf dem Spiel. Denn wenn Sie ehrlich sind,
2182 2387 3053 2443 Herr Herbert Eulenberg, so kämpfen Sie ja nicht
2180 2437 3057 2487 um einen Abend und um eine Aufführung — nicht
2175 2469 3055 2540 um das Festspiel und seine erste oder zweite Be¬
2180 2517 3048 2567 setzung. Sie kämpfen um ein Prinzip das Prin¬
2173 2567 3048 2611 zip der Vergangenheit gegen das Prinzip der Ge¬
2182 2609 3040 2661 genwart. Sie rennen erbittert, und mit einem
2173 2651 3048 2705 durch Jahre aufgespeicherten Grimm, Sturm gegen
2178 2690 3055 2747 den Geist des „Heute", der nach dem Gesetz der
2175 2737 3046 2804 Wandlung stärker ist als der Geist von „Gestern",
2173 2780 3042 2852 Wie aber kann ein Dichter eine Zeit erfüllen,
2173 2824 3042 2881 wenn er sie in ihrem Wesen und in ihren Erschei¬
2165 2866 3036 2935 nungsformen so blindlings ablehnt, wie Sie es
2167 2908 3040 2969 tun, statt daß er versuchte: auch sie zu begreifen und
2171 2967 3040 3021 zu erfüllen, wie er einstmals seine eigene Zeit be¬
2167 3009 3046 3063 griffen hat. Unsere heutige Schaubühne ist ja
2161 3051 3040 3103 wirklich nicht so „roh und bildungslos"... sie
2167 3101 3036 3149 „verdrängt nicht die letzten Poeten von diesen
2173 3134 3034 3191 Stätten". Im Gegenteil: sie sucht Poeten — wie
2171 3178 3034 3241 kaum eine andere! Und vielleicht ist gerade ihre
2171 3231 3034 3316 „Sachlichkeit", die Sie ihr vorwerfen, ihre stärkste
2165 3268 2469 3342 Waffe und Kraft.
2213 3373 3038 3455 Genug der Worte sind gewechselt! Und wie
2152 3440 3036 3509 wenig versteht man sich doch — gerade durch
2154 3488 3032 3547 Worte! Vielleicht aber erinnert sich Herr Dr.
2159 3534 3036 3595 Eulenberg einer Zeit, da er mich noch nicht für
2165 3572 3034 3635 seinen Feind hielt und überzeugt war, daß ich ihn
2150 3624 3032 3679 verstand. Meine Königsberger Eulenberg-Auffüh¬
2157 3658 3036 3735 rungen haben es ihm bewiesen. Glaubt Herr Dr.
2157 3708 3028 3773 Eulenberg, daß ich aufgehört habe, ihn zu ver¬
2152 3750 3021 3829 stehen, nur weil ich jetzt in Berlin Theater leite?
2213 3794 3034 3869 Aber immer verstand ich nur den Poeten Eu¬
2152 3844 3015 3911 lenberg. Ueber persönliche Verstimmung und
2152 3892 3030 3951 „seinen Streit mit mir hinaus hoffe ich, daß der
2152 3936 3019 4003 Tag kommen wird, an dem Herr Dr. Eulenberg
2146 3982 3013 4039 wieder als „Poet" (und nicht mehr als erzürn¬
2144 4024 3011 4077 ter Festspielautor) zu mir sprechen wird — mit
2142 4077 3011 4137 einem neuen Werk des alten Eulenberg
2144 4112 2990 4164 Mögen inzwischen auch die „Schattenbilder üb
2146 4162 2793 4208 meinem Schattenriß zu Gericht sitzen.
