3392 4320
182 270 259 355 1
1178 276 1609 371 box 42/3
327 283 1000 365 Miscellaneous
422 715 1422 802 ROUS SUISSE ET INTERNATIONAL
649 777 1195 833 DE LA PRESSE S. A.
563 808 1287 880 23, rue du Rhône Genève
437 860 1421 936 Adr. télégr.: Coupures-Genève — Tél. Stand 40.05
427 962 1418 1033 Bureau International de coupures de journaux
558 1005 1292 1061 Traductions de et en toutes langues
471 1116 1379 1183 Correspondants dans toutes les grandes villes
428 1245 835 1322 Extrait du Journal:
427 1328 611 1421 Adresse:
773 1313 1056 1449 -
1078 1404 1229 1495 1918
431 1447 555 1508 Date:
786 1463 980 1579 2
726 1682 1135 1772 Nuestro tiempo
1404 1697 2296 1777 exclama: «Amar! Es vivir para otro.
1407 1760 2298 1826 Hemos nosotros nunca consentido algún
1402 1810 2288 1868 sacrificio como no sea a nuestro sensua¬
1401 1836 2292 1904 lismo y a nuestra vanidad. El amor en
1398 1889 2290 1955 ellos es más bien físico que picológico;
444 1856 1360 2002 Freud a través de Schnitzler
1398 1930 2296 2002 más que de sentimentalidad se reviste de
1402 1967 2288 2049 bestialidad. Se queda en los sentidos, sin
508 1972 1361 2079 Ya parece que no están tan de moda
1398 2012 2290 2107 llegar nunca a las profundidades y a las
499 2048 1353 2120 Freud y su teoria de los sueños. Mo¬
1399 2057 1855 2121 intimidades del alma.
459 2090 1346 2168 mentos hubo en que no se hablaba más
1431 2103 2280 2169 De ahí que sean siempre, en la vida so¬
457 2138 1352 2211 que del Inconsciente freudiano. Pero su
1391 2151 2282 2212 cial, unos irregulares estos Don Juanes de
454 2171 1352 2252 biología de la sexualidad llegó un poco
1399 2196 2285 2258 pacotilla. No sienten el anhelo de vivir la
451 2215 1340 2286 tarde a la literatura. El naturalisme, le
1392 2239 2277 2301 paz del hogar ni de normalizar la existen¬
457 2262 1345 2333 vado a su extrema exageración con Zola,
1391 2285 2275 2346 cia en una unión legal, como exigen tanto
454 2298 1347 2380 había cerrado su cielo literario, había dado
1386 2318 2275 2379 los deberes religiosos como las convenien¬
451 2344 1337 2424 casi por cumplida su época. Otras corrien¬
1383 2367 2280 2439 cias sociales. El hogar y la familia no les
451 2384 1338 2455 tes han venido a empujar por bien distin¬
1384 2398 2275 2475 causa más que preocupación y hastio.»
444 2436 1337 2510 tos rumbos la literatura contemporanea.
1386 2453 2270 2519 Así, uno de esos personajes dice sin el me¬
448 2476 1340 2551 Se ha producido en ella, en nuestros días,
1379 2485 2275 2552 nor escrupulo : « Cuando pienso que he
448 2529 1340 2587 una profunda reacción idealista. Mas que
1383 2534 2270 2598 podido convertirme en un padre de fami¬
441 2558 1335 2639 los casos patológicos, en la novela, intere¬
1379 2577 2273 2648 lia ordenado, sentado bajo una lámpara
436 2614 1337 2684 san hoy a los escritores y en cierto
1381 2626 2258 2684 colgante, con una criada para servirnos
435 2661 1337 2725 modo al públicolas crisis espirituales.
1383 2667 2268 2735 Qué dicha haber escapado a todo eso! »
476 2704 1331 2769 Pero de la patologia literaria queda aún
1413 2714 2263 2770 Los personajes femeninos son de otra ca¬
433 2745 1335 2802 un campeón irreductible. Es el dramatur¬
1371 2740 2262 2817 tadura. Ellas, al decir de Koerner, perte¬
427 2778 1330 2861 go y novelista austríaco Arturo Schnitz¬
1365 2804 2260 2862 necen a la categoría de las buenas mu¬
437 2830 1325 2895 ler. Ya hace años le consagré un largo es
1374 2841 2260 2913 chachas o de las demoníacas. Al con¬
428 2880 1322 2936 tudio, destacando lo que había en ese es¬
1374 2878 2270 2943 trario de sus amantes, ellas son capaces
428 2917 1325 2987 critor de original y de nuevo. Si lo traigo
1365 2934 2256 2999 de sacrificio y son propensas a la ternura.
427 2964 1325 3027 otra vez a cuento es por el libro que, a
1374 2967 2263 3043 Lo que no son es virtuosas, porque, según
428 3013 1321 3079 estudiarlo, le ha consagrado el ilustre cri¬
1368 3013 2252 3089 Schnitzler, las virtuosas son ridiculas
430 3048 1320 3116 tico Koerner. Estudia lo que él llama del
1365 3055 2256 3122 Sucumben por afan de placeres, por in¬
427 3090 1316 3156 fenómeno Schnitzler. Hace un estudio
1365 3104 2250 3165 consciencia, por sentimentalismo no satis¬
416 3140 1322 3207 metodico y sistematico. Comienza por
1365 3139 2258 3213 fecho. Lo que no las arrastra nunca a la
423 3176 1318 3251 apuntar su ascendencia semitica, igual
1360 3187 2250 3266 caída es la codicia, el ansia de lucro. Pero
421 3228 1315 3286 que la de sus contemporaneos y, según
1353 3238 2250 3303 aunque sean impelidas por otros móviles,
420 3269 1307 3338 él, sus inspiradores — Weininger, el filo
1356 3264 2241 3347 de ningún modo honestos, pero sí desinte¬
420 3309 1304 3375 sofo de la sexualidad, y Freud, el biolo
1356 3322 2251 3390 resados, sucumben siempre. Y hay que
416 3364 1310 3419 gista de la misma. Schnitzler ha narrado,
1353 3364 2246 3442 añadir que, si bien son pecadoras, no son
418 3401 1320 3459 como literato, con verdadero talento de
1355 3396 2251 3486 cortesanas. Tienen más de la «Mimi», de
408 3445 1305 3515 artista, aquellos casos picológicos y pato¬
1350 3439 2113 3507 Musset, que de la «Naná, de Zola.
415 3480 1307 3548 lógicos que Weininger y Freud han tra¬
1398 3486 2236 3552 Esos personajes no tienen nada de sim¬
413 3527 1310 3598 tado de explicar como sabios. Y, según
1347 3532 2242 3604 páticos ni ese mundo en que se mueven
410 3568 1307 3634 Koerner, el parentesco intelectual entre
1348 3581 2240 3654 es recomendable. Hay, por el contrario,
408 3618 1305 3680 Schnitzler Freud en particular, es pro¬
1347 3629 2236 3688 que evitar el contagio, que es fatal para
405 3672 1304 3724 ximo, de una identidad innegable.
1350 3668 2243 3740 una sociedad que se defienda contra la
412 3704 1307 3765 Schnitzler es médico, y ya en el curso de
1350 3706 2143 3782 descomposición y la rápida disolución.
405 3762 1307 3822 sus estudios académicos sentia, como el
406 3798 1300 3860 creador de la psicoanálisis, una marcada
1816 3797 2170 3869 JOSE BETANCORT
412 3841 1299 3898 predilección por las experiencias psicolo¬
400 3877 530 3933 gicas.
446 3921 1305 3986 Aun cuando el campo de actuación de
401 3954 1300 4040 ambos es tan diverso, existe entre ellos
406 4018 1305 4094 una indudable analogia de espiritu. Antes
406 4050 1296 4121 que el sabio, el escritor parece haber pre¬
398 4091 1295 4170 sentido el papel que desempeña el Incons¬
396 4138 1301 4193 ciente, cuando por boca de uno de sus
