<?xml version="1.0" encoding="UTF-8" standalone="yes"?>
<PcGts xmlns="http://schema.primaresearch.org/PAGE/gts/pagecontent/2013-07-15" xmlns:xsi="http://www.w3.org/2001/XMLSchema-instance" xsi:schemaLocation="http://schema.primaresearch.org/PAGE/gts/pagecontent/2013-07-15 http://schema.primaresearch.org/PAGE/gts/pagecontent/2013-07-15/pagecontent.xsd">
    <Metadata>
        <Creator>prov=READ-COOP:name=PyLaia@TranskribusPlatform:version=2.12.1:model_id=39995:lm=provided:date=28_03_2024_22:49</Creator>
        <Created>2019-10-07T20:37:18.519+02:00</Created>
        <LastChange>2024-03-28T22:49:44.347+01:00</LastChange>
        <TranskribusMetadata docId="224457" pageId="9578784" pageNr="57" tsid="156410766" status="IN_PROGRESS" userId="40391" imgUrl="https://files.transkribus.eu/Get?id=WQZKPVARERRLQIPSLPAHCIEZ&amp;fileType=view" xmlUrl="https://files.transkribus.eu/Get?id=WVITHGWTGAQBUSVZYACBVMHV" imageId="6208186"/>
    </Metadata>
    <Page imageFilename="224457_0057.jpeg" imageWidth="3248" imageHeight="4320">
        <ReadingOrder>
            <OrderedGroup id="ro_1712662140500" caption="Regions reading order">
                <RegionRefIndexed index="0" regionRef="tr_1"/>
            </OrderedGroup>
        </ReadingOrder>
        <TextRegion orientation="0.0" id="tr_1" custom="readingOrder {index:0;}">
            <Coords points="340,233 340,4132 2752,4132 2752,233"/>
            <TextLine id="tr_1_tl_1" custom="readingOrder {index:0;}">
                <Coords points="325,280 993,296 993,215 941,194 841,215 792,191 765,210 661,191 325,204"/>
                <Baseline points="340,257 373,258 406,259 439,259 472,259 505,259 538,259 571,260 604,264 637,265 670,265 703,265 736,265 769,263 802,262 835,262 868,262 901,262 934,263 967,265 1000,271"/>
                <TextEquiv>
                    <Unicode>Miscellaneous</Unicode>
                </TextEquiv>
            </TextLine>
            <TextLine id="tr_1_tl_2" custom="readingOrder {index:1;}">
                <Coords points="1180,280 1237,294 1305,275 1329,294 1392,296 1491,270 1575,283 1615,267 1615,212 1578,199 1497,212 1423,199 1368,225 1334,199 1245,215 1180,202"/>
                <Baseline points="1194,265 1219,265 1244,265 1269,265 1294,265 1319,265 1344,265 1369,265 1394,266 1420,268 1445,268 1470,268 1495,268 1520,267 1545,265 1570,265 1595,265 1621,268"/>
                <TextEquiv>
                    <Unicode>box 42/3</Unicode>
                </TextEquiv>
            </TextLine>
            <TextLine id="tr_1_tl_3" custom="readingOrder {index:2;}">
                <Coords points="642,1119 1248,1127 1303,1166 2131,1111 2194,1151 2708,1161 2744,1151 2742,1012 2215,1043 2100,993 1895,1028 1667,975 1235,1038 1114,988 640,986"/>
                <Baseline points="656,1116 760,1116 865,1119 970,1119 1075,1119 1180,1121 1284,1128 1389,1122 1494,1119 1599,1119 1704,1122 1808,1119 1913,1122 2018,1123 2123,1130 2228,1128 2332,1128 2437,1128 2542,1128 2647,1131 2752,1128"/>
                <TextEquiv>
                    <Unicode>ix distinguished foreign writers</Unicode>
                </TextEquiv>
            </TextLine>
            <TextLine id="tr_1_tl_4" custom="readingOrder {index:3;}">
                <Coords points="674,1313 2076,1300 2055,1174 1974,1224 1819,1177 1720,1219 941,1190 674,1227"/>
                <Baseline points="689,1277 758,1277 828,1277 898,1277 967,1281 1037,1281 1107,1280 1176,1283 1246,1282 1316,1280 1386,1281 1455,1280 1525,1277 1595,1279 1664,1277 1734,1280 1804,1280 1873,1281 1943,1283 2013,1283 2083,1286"/>
                <TextEquiv>
                    <Unicode>serve as an international</Unicode>
                </TextEquiv>
            </TextLine>
            <TextLine id="tr_1_tl_5" custom="readingOrder {index:4;}">
                <Coords points="702,1439 2068,1460 2068,1332 1678,1371 1347,1339 1180,1379 1119,1326 889,1347 844,1305 702,1374"/>
                <Baseline points="716,1430 783,1430 851,1430 919,1430 987,1433 1055,1430 1123,1430 1191,1433 1259,1433 1327,1433 1395,1436 1462,1433 1530,1433 1598,1433 1666,1433 1734,1433 1802,1436 1870,1436 1938,1436 2006,1436 2074,1436"/>
                <TextEquiv>
                    <Unicode>advisory committee to the</Unicode>
                </TextEquiv>
            </TextLine>
            <TextLine id="tr_1_tl_6" custom="readingOrder {index:5;}">
                <Coords points="705,1612 1995,1620 2079,1599 2076,1512 1887,1547 1835,1505 702,1541"/>
                <Baseline points="719,1579 787,1579 855,1582 924,1580 992,1582 1060,1582 1129,1582 1197,1582 1265,1582 1334,1584 1402,1585 1470,1583 1539,1585 1607,1585 1675,1585 1744,1588 1812,1588 1880,1591 1949,1592 2017,1591 2086,1594"/>
                <TextEquiv>
                    <Unicode>DOOK OF THE MONTH CLUB</Unicode>
                </TextEquiv>
            </TextLine>
            <TextLine id="tr_1_tl_7" custom="readingOrder {index:6;}">
                <Coords points="1282,1699 1303,1701 1316,1688 1342,1701 1371,1685 1392,1701 1410,1701 1408,1620 1384,1620 1366,1628 1350,1623 1329,1638 1324,1633 1305,1636 1292,1623 1279,1623"/>
                <Baseline points="1295,1668 1325,1670 1356,1671 1387,1671 1418,1671"/>
                <TextEquiv>
                    <Unicode></Unicode>
                </TextEquiv>
            </TextLine>
            <TextLine id="tr_1_tl_8" custom="readingOrder {index:7;}">
                <Coords points="1172,1777 1222,1777 1269,1796 1376,1796 1436,1775 1499,1793 1528,1780 1528,1712 1491,1706 1389,1699 1355,1720 1313,1709 1269,1725 1172,1727"/>
                <Baseline points="1185,1764 1211,1764 1238,1764 1265,1764 1292,1764 1319,1764 1346,1764 1372,1765 1399,1766 1426,1767 1453,1767 1480,1767 1507,1767 1534,1767"/>
                <TextEquiv>
                    <Unicode>FOR ENGLAND.</Unicode>
                </TextEquiv>
            </TextLine>
            <TextLine id="tr_1_tl_9" custom="readingOrder {index:8;}">
                <Coords points="2218,1832 2249,1822 2267,1832 2280,1827 2299,1843 2343,1822 2351,1830 2362,1824 2438,1835 2438,1782 2372,1788 2328,1754 2273,1754 2241,1780 2218,1780"/>
                <Baseline points="2233,1809 2259,1811 2285,1812 2311,1812 2337,1812 2363,1812 2389,1812 2415,1812 2442,1809"/>
                <TextEquiv>
                    <Unicode>H. G. WALIS</Unicode>
                </TextEquiv>
            </TextLine>
            <TextLine id="tr_1_tl_10" custom="readingOrder {index:9;}">
                <Coords points="970,1848 1009,1858 1069,1830 1101,1830 1125,1843 1153,1835 1166,1848 1185,1832 1203,1843 1237,1837 1237,1782 1203,1782 1166,1764 1143,1782 1098,1767 1080,1780 1064,1769 1041,1785 996,1772 970,1782"/>
                <Baseline points="985,1821 1010,1819 1036,1818 1062,1820 1088,1820 1114,1818 1140,1818 1166,1818 1192,1820 1218,1822 1244,1824"/>
                <TextEquiv>
                    <Unicode>H. G. Wells</Unicode>
                </TextEquiv>
            </TextLine>
            <TextLine id="tr_1_tl_11" custom="readingOrder {index:10;}">
                <Coords points="1402,1830 1518,1832 1565,1851 1596,1837 1662,1853 1714,1845 1714,1785 1685,1775 1646,1790 1630,1775 1602,1785 1554,1769 1502,1793 1402,1775"/>
                <Baseline points="1418,1824 1443,1822 1468,1821 1494,1821 1519,1821 1544,1821 1570,1821 1595,1821 1620,1823 1646,1824 1671,1824 1696,1823 1722,1821"/>
                <TextEquiv>
                    <Unicode>Arnold Bennett</Unicode>
                </TextEquiv>
            </TextLine>
            <TextLine id="tr_1_tl_12" custom="readingOrder {index:11;}">
                <Coords points="1187,1903 1229,1898 1256,1911 1287,1895 1308,1906 1400,1900 1418,1911 1450,1895 1460,1906 1505,1895 1505,1830 1418,1835 1397,1822 1363,1851 1305,1832 1248,1851 1187,1837"/>
                <Baseline points="1203,1883 1228,1883 1254,1883 1279,1883 1305,1883 1330,1883 1356,1884 1382,1886 1407,1884 1433,1883 1458,1885 1484,1885 1510,1883"/>
                <TextEquiv>
                    <Unicode>FOR FRANCE</Unicode>
                </TextEquiv>
            </TextLine>
            <TextLine id="tr_1_tl_13" custom="readingOrder {index:12;}">
                <Coords points="1203,1971 1235,1963 1261,1974 1287,1958 1311,1974 1389,1953 1423,1969 1494,1974 1494,1903 1439,1898 1418,1911 1402,1900 1298,1906 1287,1895 1245,1911 1203,1898"/>
                <Baseline points="1218,1940 1243,1942 1269,1943 1295,1941 1320,1940 1346,1940 1372,1941 1398,1943 1423,1943 1449,1942 1475,1941 1501,1940"/>
                <TextEquiv>
                    <Unicode>André Maurois</Unicode>
                </TextEquiv>
            </TextLine>
            <TextLine id="tr_1_tl_14" custom="readingOrder {index:13;}">
                <Coords points="1004,2021 1683,2018 1683,1976 1633,1953 1219,1974 1004,1945"/>
                <Baseline points="1018,2003 1051,2001 1084,2001 1118,2003 1151,2003 1185,2005 1218,2006 1251,2006 1285,2006 1318,2006 1352,2006 1385,2006 1418,2006 1452,2006 1485,2006 1519,2006 1552,2006 1585,2006 1619,2007 1652,2008 1686,2006"/>
                <TextEquiv>
                    <Unicode>FOR GERMANY AND AUSTRIA:</Unicode>
                </TextEquiv>
            </TextLine>
            <TextLine id="tr_1_tl_15" custom="readingOrder {index:14;}">
                <Coords points="980,2084 1371,2071 1439,2094 1523,2071 1704,2092 1704,2026 1670,2016 1644,2037 1156,2034 980,2003"/>
                <Baseline points="994,2059 1029,2059 1065,2061 1101,2062 1137,2062 1173,2062 1208,2062 1244,2062 1280,2062 1316,2062 1352,2062 1387,2062 1423,2062 1459,2062 1495,2062 1531,2062 1566,2062 1602,2062 1638,2062 1674,2062 1710,2062"/>
                <TextEquiv>
                    <Unicode>Thoma Mann und Arthur Schnitzler</Unicode>
                </TextEquiv>
            </TextLine>
            <TextLine id="tr_1_tl_16" custom="readingOrder {index:15;}">
                <Coords points="1125,2157 1266,2136 1568,2155 1568,2071 1505,2092 1463,2076 1439,2094 1376,2076 1125,2092"/>
                <Baseline points="1140,2125 1165,2123 1190,2122 1216,2124 1241,2125 1267,2125 1292,2125 1318,2125 1343,2125 1369,2125 1394,2125 1420,2126 1445,2127 1471,2127 1496,2125 1522,2125 1547,2125 1573,2125"/>
                <TextEquiv>
                    <Unicode>FOR SCANDINAVIA:</Unicode>
                </TextEquiv>
            </TextLine>
            <TextLine id="tr_1_tl_17" custom="readingOrder {index:16;}">
                <Coords points="1203,2202 1242,2191 1253,2204 1284,2197 1300,2215 1329,2220 1392,2197 1426,2210 1455,2191 1486,2197 1486,2142 1473,2139 1442,2149 1426,2136 1405,2152 1389,2136 1206,2144"/>
                <Baseline points="1221,2185 1248,2184 1275,2185 1302,2185 1329,2185 1356,2185 1383,2185 1410,2185 1437,2183 1464,2181 1492,2179"/>
                <TextEquiv>
                    <Unicode>Sigrid Undset</Unicode>
                </TextEquiv>
            </TextLine>
            <TextLine id="tr_1_tl_18" custom="readingOrder {index:17;}">
                <Coords points="1284,2286 1303,2286 1318,2296 1339,2294 1353,2304 1376,2294 1387,2301 1402,2301 1400,2244 1387,2246 1381,2241 1374,2244 1358,2239 1345,2252 1334,2246 1313,2249 1308,2244 1300,2254 1282,2252"/>
                <Baseline points="1295,2277 1323,2279 1352,2281 1380,2283 1409,2283"/>
                <TextEquiv>
                    <Unicode></Unicode>
                </TextEquiv>
            </TextLine>
            <TextLine id="tr_1_tl_19" custom="readingOrder {index:18;}">
                <Coords points="1229,2383 1704,2396 1704,2341 1604,2317 1523,2341 1450,2304 1342,2346 1229,2338"/>
                <Baseline points="1244,2373 1269,2373 1295,2373 1321,2375 1347,2376 1373,2376 1399,2376 1425,2376 1451,2376 1477,2376 1502,2376 1528,2376 1554,2376 1580,2376 1606,2376 1632,2376 1658,2377 1684,2378 1710,2376"/>
                <TextEquiv>
                    <Unicode>S International Advisory</Unicode>
                </TextEquiv>
            </TextLine>
            <TextLine id="tr_1_tl_20" custom="readingOrder {index:19;}">
                <Coords points="1942,2388 1982,2391 1997,2406 2089,2385 2241,2393 2241,2349 1942,2349"/>
                <Baseline points="1958,2376 1984,2378 2010,2379 2037,2377 2063,2376 2089,2376 2116,2376 2142,2376 2168,2376 2195,2376 2221,2376 2248,2376"/>
                <TextEquiv>
                    <Unicode>ANOLD BENNETT</Unicode>
                </TextEquiv>
            </TextLine>
            <TextLine id="tr_1_tl_21" custom="readingOrder {index:20;}">
                <Coords points="1222,2433 1706,2435 1706,2393 1680,2388 1222,2383"/>
                <Baseline points="1235,2415 1260,2417 1285,2418 1310,2418 1335,2418 1360,2418 1385,2418 1411,2418 1436,2418 1461,2418 1486,2418 1511,2418 1536,2418 1562,2418 1587,2418 1612,2418 1637,2418 1662,2420 1687,2421 1713,2421"/>
                <TextEquiv>
                    <Unicode>Committee was formed to en-</Unicode>
                </TextEquiv>
            </TextLine>
            <TextLine id="tr_1_tl_22" custom="readingOrder {index:21;}">
                <Coords points="1216,2467 1704,2474 1704,2438 1672,2427 1216,2433"/>
                <Baseline points="1230,2460 1255,2460 1280,2460 1305,2460 1331,2460 1356,2460 1381,2460 1406,2460 1432,2460 1457,2460 1482,2460 1507,2460 1533,2460 1558,2460 1583,2460 1608,2460 1634,2460 1659,2460 1684,2460 1710,2460"/>
                <TextEquiv>
                    <Unicode>able our judges to cover the</Unicode>
                </TextEquiv>
            </TextLine>
            <TextLine id="tr_1_tl_23" custom="readingOrder {index:22;}">
                <Coords points="1777,2503 2498,2498 2498,2453 2440,2427 2291,2461 2058,2422 1979,2467 1777,2448"/>
                <Baseline points="1791,2489 1826,2489 1862,2489 1897,2489 1933,2489 1969,2489 2004,2489 2040,2489 2076,2488 2111,2487 2147,2489 2183,2487 2218,2486 2254,2485 2290,2483 2325,2483 2361,2483 2397,2483 2432,2483 2468,2483 2504,2483"/>
                <TextEquiv>
                    <Unicode>It was with this in mind that we asked these</Unicode>
                </TextEquiv>
            </TextLine>
            <TextLine id="tr_1_tl_24" custom="readingOrder {index:23;}">
                <Coords points="1208,2511 1704,2519 1704,2480 1646,2467 1463,2480 1208,2467"/>
                <Baseline points="1224,2498 1249,2500 1275,2501 1300,2501 1326,2501 1351,2501 1377,2501 1403,2501 1428,2499 1454,2498 1479,2500 1505,2501 1530,2501 1556,2501 1582,2501 1607,2501 1633,2501 1658,2501 1684,2500 1710,2498"/>
                <TextEquiv>
                    <Unicode>foreign fields of publication</Unicode>
                </TextEquiv>
            </TextLine>
            <TextLine id="tr_1_tl_25" custom="readingOrder {index:24;}">
                <Coords points="1775,2543 2501,2553 2501,2501 2453,2495 1775,2501"/>
                <Baseline points="1788,2534 1825,2532 1863,2531 1901,2531 1939,2531 1977,2531 2015,2531 2052,2528 2090,2528 2128,2528 2166,2528 2204,2528 2242,2528 2279,2525 2317,2527 2355,2526 2393,2525 2431,2526 2469,2528 2507,2531"/>
                <TextEquiv>
                    <Unicode>distinguished authors to cooperate with us.</Unicode>
                </TextEquiv>
            </TextLine>
            <TextLine id="tr_1_tl_26" custom="readingOrder {index:25;}">
                <Coords points="1208,2556 1358,2550 1384,2564 1518,2545 1586,2566 1704,2553 1704,2519 1685,2514 1468,2524 1274,2506 1208,2522"/>
                <Baseline points="1224,2543 1249,2543 1275,2543 1300,2543 1326,2542 1351,2540 1377,2542 1403,2543 1428,2541 1454,2540 1479,2540 1505,2540 1530,2540 1556,2540 1582,2540 1607,2542 1633,2543 1658,2543 1684,2542 1710,2540"/>
                <TextEquiv>
                    <Unicode>as thoroughly as they cover</Unicode>
                </TextEquiv>
            </TextLine>
            <TextLine id="tr_1_tl_27" custom="readingOrder {index:26;}">
                <Coords points="986,2577 1017,2574 1035,2585 1051,2577 1062,2582 1077,2577 1101,2582 1098,2514 1083,2514 1067,2506 1059,2511 1038,2511 1007,2488 999,2498 983,2495"/>
                <Baseline points="1000,2549 1026,2545 1052,2545 1078,2550 1104,2552"/>
                <TextEquiv>
                    <Unicode></Unicode>
                </TextEquiv>
            </TextLine>
            <TextLine id="tr_1_tl_28" custom="readingOrder {index:27;}">
                <Coords points="1780,2592 1916,2611 1958,2590 2034,2603 2155,2582 2267,2606 2309,2590 2312,2543 1782,2543"/>
                <Baseline points="1794,2579 1820,2576 1846,2576 1872,2576 1898,2574 1924,2573 1950,2573 1976,2573 2002,2573 2028,2573 2055,2573 2081,2571 2107,2570 2133,2570 2159,2570 2185,2570 2211,2570 2237,2570 2263,2570 2289,2569 2316,2567"/>
                <TextEquiv>
                    <Unicode>All at once consented to do so.</Unicode>
                </TextEquiv>
            </TextLine>
            <TextLine id="tr_1_tl_29" custom="readingOrder {index:28;}">
                <Coords points="1214,2592 1709,2598 1709,2553 1688,2550 1594,2566 1515,2543 1471,2564 1214,2553"/>
                <Baseline points="1227,2585 1252,2583 1278,2582 1303,2582 1329,2582 1354,2582 1380,2583 1406,2585 1431,2583 1457,2582 1482,2582 1508,2582 1533,2582 1559,2582 1585,2582 1610,2584 1636,2585 1661,2585 1687,2585 1713,2585"/>
                <TextEquiv>
                    <Unicode>the American field. Each</Unicode>
                </TextEquiv>
            </TextLine>
            <TextLine id="tr_1_tl_30" custom="readingOrder {index:29;}">
                <Coords points="970,2634 1696,2642 1693,2600 1602,2587 1539,2608 1232,2598 1206,2577 1132,2603 1075,2579 970,2590"/>
                <Baseline points="985,2621 1020,2621 1056,2621 1092,2621 1128,2622 1164,2624 1199,2624 1235,2624 1271,2624 1307,2624 1343,2624 1378,2624 1414,2624 1450,2624 1486,2624 1522,2624 1557,2624 1593,2626 1629,2627 1665,2627 1701,2627"/>
                <TextEquiv>
                    <Unicode>member on this foreign group will keep</Unicode>
                </TextEquiv>
            </TextLine>
            <TextLine id="tr_1_tl_31" custom="readingOrder {index:30;}">
                <Coords points="1803,2655 2503,2640 2503,2595 2482,2592 2422,2613 2349,2587 2149,2613 2087,2592 2037,2613 1984,2587 1911,2613 1806,2590"/>
                <Baseline points="1821,2639 1855,2639 1889,2639 1924,2639 1958,2639 1993,2638 2027,2636 2062,2636 2096,2636 2131,2636 2165,2635 2199,2633 2234,2635 2268,2634 2303,2634 2337,2636 2372,2633 2406,2633 2441,2633 2475,2633 2510,2633"/>
                <TextEquiv>
                    <Unicode>It is hardly necessary to point out to</Unicode>
                </TextEquiv>
            </TextLine>
            <TextLine id="tr_1_tl_32" custom="readingOrder {index:31;}">
                <Coords points="970,2684 1709,2676 1709,2637 1662,2634 970,2632"/>
                <Baseline points="985,2663 1021,2661 1058,2662 1094,2663 1131,2663 1167,2663 1204,2663 1240,2663 1277,2663 1313,2663 1350,2663 1387,2663 1423,2663 1460,2663 1496,2663 1533,2663 1569,2663 1606,2666 1642,2666 1679,2668 1716,2669"/>
                <TextEquiv>
                    <Unicode>creditorial board informed as to the</Unicode>
                </TextEquiv>
            </TextLine>
            <TextLine id="tr_1_tl_33" custom="readingOrder {index:32;}">
                <Coords points="1780,2692 2503,2689 2503,2640 2467,2634 2435,2655 2372,2632 2181,2658 1780,2637"/>
                <Baseline points="1794,2677 1829,2677 1865,2677 1901,2677 1937,2677 1973,2677 2008,2677 2044,2677 2080,2676 2116,2674 2152,2674 2187,2674 2223,2673 2259,2673 2295,2674 2331,2672 2366,2674 2402,2674 2438,2674 2474,2674 2510,2672"/>
                <TextEquiv>
                    <Unicode>American book readers that they can rely</Unicode>
                </TextEquiv>
            </TextLine>
            <TextLine id="tr_1_tl_34" custom="readingOrder {index:33;}">
                <Coords points="972,2716 1704,2721 1704,2676 1675,2674 972,2682"/>
                <Baseline points="988,2701 1024,2703 1060,2704 1096,2704 1132,2704 1168,2704 1204,2704 1240,2704 1276,2704 1312,2704 1349,2704 1385,2704 1421,2704 1457,2704 1493,2703 1529,2701 1565,2704 1601,2704 1637,2706 1673,2708 1710,2707"/>
                <TextEquiv>
                    <Unicode>significant new books that appear each in bis</Unicode>
                </TextEquiv>
            </TextLine>
            <TextLine id="tr_1_tl_35" custom="readingOrder {index:34;}">
                <Coords points="1777,2731 2501,2731 2501,2687 2435,2676 1777,2700"/>
                <Baseline points="1791,2722 1826,2720 1862,2719 1898,2719 1934,2719 1970,2719 2005,2719 2041,2717 2077,2716 2113,2716 2149,2716 2184,2716 2220,2716 2256,2716 2292,2715 2328,2713 2363,2715 2399,2716 2435,2715 2471,2713 2507,2713"/>
                <TextEquiv>
                    <Unicode>upon the literary judgment of the individuals</Unicode>
                </TextEquiv>
            </TextLine>
            <TextLine id="tr_1_tl_36" custom="readingOrder {index:35;}">
                <Coords points="970,2763 1701,2768 1678,2716 970,2708"/>
                <Baseline points="985,2746 1022,2746 1060,2744 1098,2745 1136,2746 1174,2746 1212,2746 1249,2746 1287,2746 1325,2746 1363,2746 1401,2746 1439,2746 1476,2746 1514,2746 1552,2746 1590,2746 1628,2747 1666,2750 1704,2749"/>
                <TextEquiv>
                    <Unicode>ou country. They have no voice, however, in</Unicode>
                </TextEquiv>
            </TextLine>
            <TextLine id="tr_1_tl_37" custom="readingOrder {index:36;}">
                <Coords points="1780,2771 2503,2763 2480,2723 1780,2731"/>
                <Baseline points="1794,2761 1829,2761 1865,2759 1901,2758 1937,2759 1973,2761 2008,2759 2044,2758 2080,2758 2116,2758 2152,2758 2187,2758 2223,2758 2259,2757 2295,2755 2331,2755 2366,2753 2402,2754 2438,2755 2474,2756 2510,2758"/>
                <TextEquiv>
                    <Unicode>in this foreign advisory group. Mr. Wells,</Unicode>
                </TextEquiv>
            </TextLine>
            <TextLine id="tr_1_tl_38" custom="readingOrder {index:37;}">
                <Coords points="980,2797 1691,2807 1691,2760 980,2755"/>
                <Baseline points="994,2788 1029,2786 1064,2787 1099,2788 1134,2788 1170,2788 1205,2788 1240,2788 1275,2788 1310,2788 1346,2788 1381,2788 1416,2788 1451,2788 1486,2788 1522,2788 1557,2788 1592,2788 1627,2788 1662,2791 1698,2791"/>
                <TextEquiv>
                    <Unicode>the actual choice of books for our subscribers</Unicode>
                </TextEquiv>
            </TextLine>
            <TextLine id="tr_1_tl_39" custom="readingOrder {index:38;}">
                <Coords points="1782,2823 2495,2813 2495,2768 2459,2765 1782,2773"/>
                <Baseline points="1797,2800 1832,2800 1867,2800 1902,2800 1937,2800 1973,2800 2008,2800 2043,2800 2078,2799 2113,2797 2149,2800 2184,2798 2219,2797 2254,2797 2289,2797 2325,2797 2360,2797 2395,2797 2430,2797 2465,2797 2501,2800"/>
                <TextEquiv>
                    <Unicode>Mr. Bennett and M. Maurois are, of course</Unicode>
                </TextEquiv>
            </TextLine>
            <TextLine id="tr_1_tl_40" custom="readingOrder {index:39;}">
                <Coords points="611,2823 647,2813 687,2834 713,2823 744,2828 773,2810 889,2813 889,2771 873,2768 823,2776 794,2763 752,2773 611,2765"/>
                <Baseline points="626,2800 652,2800 679,2800 706,2800 733,2801 760,2803 787,2803 814,2803 841,2803 868,2802 895,2800"/>
                <TextEquiv>
                    <Unicode>AND MAURIS</Unicode>
                </TextEquiv>
            </TextLine>
            <TextLine id="tr_1_tl_41" custom="readingOrder {index:40;}">
                <Coords points="983,2839 1704,2841 1704,2807 1649,2799 983,2797"/>
                <Baseline points="997,2830 1032,2828 1068,2827 1103,2828 1139,2830 1175,2830 1210,2830 1246,2830 1282,2830 1317,2830 1353,2830 1389,2832 1424,2831 1460,2829 1496,2827 1531,2830 1567,2832 1603,2833 1638,2833 1674,2833 1710,2833"/>
                <TextEquiv>
                    <Unicode>That responsibility remains in the hands of</Unicode>
                </TextEquiv>
            </TextLine>
            <TextLine id="tr_1_tl_42" custom="readingOrder {index:41;}">
                <Coords points="1777,2855 2498,2847 2498,2813 2472,2805 1777,2815"/>
                <Baseline points="1791,2845 1826,2842 1862,2842 1897,2842 1933,2842 1969,2842 2004,2842 2040,2842 2076,2842 2111,2841 2147,2839 2183,2839 2218,2839 2254,2839 2290,2839 2325,2839 2361,2839 2397,2839 2432,2839 2468,2839 2504,2839"/>
                <TextEquiv>
                    <Unicode>as well known here as any American authors.</Unicode>
                </TextEquiv>
            </TextLine>
            <TextLine id="tr_1_tl_43" custom="readingOrder {index:42;}">
                <Coords points="972,2878 1704,2883 1704,2841 1664,2836 972,2834"/>
                <Baseline points="988,2869 1025,2869 1063,2869 1101,2869 1139,2870 1177,2872 1215,2872 1252,2872 1290,2872 1328,2872 1366,2872 1404,2872 1442,2872 1479,2872 1517,2872 1555,2872 1593,2872 1631,2873 1669,2876 1707,2875"/>
                <TextEquiv>
                    <Unicode>the five American judges, Dorothy Canfield,</Unicode>
                </TextEquiv>
            </TextLine>
            <TextLine id="tr_1_tl_44" custom="readingOrder {index:43;}">
                <Coords points="1769,2891 2503,2891 2503,2852 2477,2847 1769,2857"/>
                <Baseline points="1785,2886 1821,2886 1857,2885 1893,2884 1930,2886 1966,2883 2002,2883 2038,2883 2075,2882 2111,2880 2147,2883 2183,2881 2220,2880 2256,2880 2292,2880 2328,2880 2365,2880 2401,2880 2437,2880 2473,2880 2510,2878"/>
                <TextEquiv>
                    <Unicode>So, too, perhaps is Dr. Schnitzler. Sigrid</Unicode>
                </TextEquiv>
            </TextLine>
            <TextLine id="tr_1_tl_45" custom="readingOrder {index:44;}">
                <Coords points="978,2920 1701,2928 1701,2883 1675,2881 978,2878"/>
                <Baseline points="991,2910 1026,2910 1062,2910 1098,2911 1134,2913 1170,2913 1205,2913 1241,2913 1277,2913 1313,2913 1349,2913 1384,2913 1420,2913 1456,2913 1492,2913 1528,2913 1563,2913 1599,2911 1635,2911 1671,2913 1707,2913"/>
                <TextEquiv>
                    <Unicode>Hywood Brun, Christopher Morley, Wil¬</Unicode>
                </TextEquiv>
            </TextLine>
            <TextLine id="tr_1_tl_46" custom="readingOrder {index:45;}">
                <Coords points="1775,2936 2506,2933 2506,2889 1775,2896"/>
                <Baseline points="1788,2928 1824,2928 1860,2927 1896,2925 1932,2925 1968,2925 2004,2925 2040,2924 2076,2921 2112,2919 2149,2922 2185,2922 2221,2920 2257,2920 2293,2922 2329,2919 2365,2919 2401,2919 2437,2919 2473,2919 2510,2922"/>
                <TextEquiv>
                    <Unicode>Undset, the latest winner of the Nobel</Unicode>
                </TextEquiv>
            </TextLine>
            <TextLine id="tr_1_tl_47" custom="readingOrder {index:46;}">
                <Coords points="980,2965 1201,2996 1332,2967 1413,2993 1701,2980 1701,2933 1633,2920 980,2920"/>
                <Baseline points="994,2955 1029,2953 1065,2952 1100,2953 1136,2954 1172,2952 1207,2952 1243,2955 1279,2958 1314,2958 1350,2958 1386,2958 1421,2956 1457,2955 1493,2955 1528,2955 1564,2955 1600,2957 1635,2958 1671,2958 1707,2961"/>
                <TextEquiv>
                    <Unicode>liam Allen White, and Henry Seidel Canby,</Unicode>
                </TextEquiv>
            </TextLine>
            <TextLine id="tr_1_tl_48" custom="readingOrder {index:47;}">
                <Coords points="1775,2983 2128,2993 2257,2967 2469,2986 2495,2978 2498,2931 1777,2936"/>
                <Baseline points="1788,2970 1823,2968 1859,2967 1895,2967 1931,2967 1967,2967 2002,2967 2038,2967 2074,2967 2110,2966 2146,2964 2181,2964 2217,2964 2253,2963 2289,2961 2325,2961 2360,2961 2396,2961 2432,2962 2468,2963 2504,2961"/>
                <TextEquiv>
                    <Unicode>Prize, is just beginning to be widely appreci¬</Unicode>
                </TextEquiv>
            </TextLine>
            <TextLine id="tr_1_tl_49" custom="readingOrder {index:48;}">
                <Coords points="975,3012 996,3009 1028,3025 1051,3014 1075,3033 1090,3020 1125,3025 1135,3014 1148,3014 1145,2972 1119,2965 1077,2972 1054,2962 1017,2967 972,2962"/>
                <Baseline points="988,2991 1015,2993 1043,2995 1071,2997 1099,2997 1127,2997 1155,2997"/>
                <TextEquiv>
                    <Unicode>chairman.</Unicode>
                </TextEquiv>
            </TextLine>
            <TextLine id="tr_1_tl_50" custom="readingOrder {index:49;}">
                <Coords points="1769,3025 2480,3020 2482,2983 2448,2972 1772,2983"/>
                <Baseline points="1785,3009 1820,3012 1855,3009 1890,3009 1925,3009 1960,3009 1995,3009 2030,3009 2065,3009 2100,3008 2135,3006 2170,3006 2205,3006 2240,3006 2275,3005 2310,3003 2345,3000 2380,3002 2415,3003 2450,3002 2486,3000"/>
                <TextEquiv>
                    <Unicode>ated in this country, and Thomas Mann¬</Unicode>
                </TextEquiv>
            </TextLine>
            <TextLine id="tr_1_tl_51" custom="readingOrder {index:50;}">
                <Coords points="1780,3069 2396,3067 2501,3056 2503,3012 1782,3022"/>
                <Baseline points="1794,3054 1829,3052 1865,3049 1901,3048 1937,3049 1973,3051 2008,3051 2044,3049 2080,3048 2116,3048 2152,3048 2187,3048 2223,3048 2259,3047 2295,3045 2331,3045 2366,3045 2402,3045 2438,3045 2474,3044 2510,3042"/>
                <TextEquiv>
                    <Unicode>whose work is as yet too little known here</Unicode>
                </TextEquiv>
            </TextLine>
            <TextLine id="tr_1_tl_52" custom="readingOrder {index:51;}">
                <Coords points="1014,3069 1699,3077 1699,3014 1491,3009 1410,3035 1337,3014 1253,3028 1201,2996 1080,3038 1014,3017"/>
                <Baseline points="1029,3060 1062,3060 1096,3060 1130,3061 1164,3063 1197,3063 1231,3063 1265,3063 1299,3063 1332,3063 1366,3063 1400,3063 1434,3063 1467,3063 1501,3061 1535,3061 1569,3063 1602,3063 1636,3063 1670,3063 1704,3063"/>
                <TextEquiv>
                    <Unicode>Our own judges are, of course, thoroughly</Unicode>
                </TextEquiv>
            </TextLine>
            <TextLine id="tr_1_tl_53" custom="readingOrder {index:52;}">
                <Coords points="1780,3098 2498,3096 2498,3059 2474,3056 1780,3072"/>
                <Baseline points="1794,3089 1829,3094 1865,3093 1900,3092 1936,3092 1971,3092 2007,3089 2042,3089 2078,3089 2113,3089 2149,3089 2184,3086 2220,3086 2255,3086 2291,3086 2326,3086 2362,3086 2397,3086 2433,3086 2468,3086 2504,3086"/>
                <TextEquiv>
                    <Unicode>is generally accepted, we believe, as the</Unicode>
                </TextEquiv>
            </TextLine>
            <TextLine id="tr_1_tl_54" custom="readingOrder {index:53;}">
                <Coords points="978,3111 1699,3117 1699,3077 1659,3069 1219,3085 978,3064"/>
                <Baseline points="991,3101 1026,3101 1062,3101 1097,3101 1133,3101 1169,3101 1204,3101 1240,3103 1276,3104 1311,3104 1347,3104 1383,3104 1418,3104 1454,3104 1490,3104 1525,3104 1561,3102 1597,3103 1632,3104 1668,3104 1704,3104"/>
                <TextEquiv>
                    <Unicode>in touch with the books published in this</Unicode>
                </TextEquiv>
            </TextLine>
            <TextLine id="tr_1_tl_55" custom="readingOrder {index:54;}">
                <Coords points="1777,3156 2393,3153 2393,3106 2244,3090 2184,3109 1777,3098"/>
                <Baseline points="1791,3134 1821,3134 1851,3134 1882,3134 1912,3134 1943,3134 1973,3134 2004,3134 2034,3134 2065,3132 2095,3131 2125,3131 2156,3131 2186,3131 2217,3131 2247,3131 2278,3130 2308,3128 2339,3130 2369,3131 2400,3131"/>
                <TextEquiv>
                    <Unicode>foremost living novelist in Germany.</Unicode>
                </TextEquiv>
            </TextLine>
            <TextLine id="tr_1_tl_56" custom="readingOrder {index:55;}">
                <Coords points="970,3148 1701,3153 1701,3114 1664,3111 970,3109"/>
                <Baseline points="985,3140 1022,3143 1060,3143 1098,3143 1136,3143 1174,3143 1212,3143 1249,3146 1287,3146 1325,3146 1363,3146 1401,3146 1439,3146 1476,3146 1514,3144 1552,3143 1590,3145 1628,3146 1666,3146 1704,3146"/>
                <TextEquiv>
                    <Unicode>country. American publishers, authors, and</Unicode>
                </TextEquiv>
            </TextLine>
            <TextLine id="tr_1_tl_57" custom="readingOrder {index:56;}">
                <Coords points="972,3193 1699,3195 1699,3153 972,3151"/>
                <Baseline points="988,3182 1023,3184 1059,3185 1095,3186 1131,3188 1167,3188 1202,3186 1238,3185 1274,3186 1310,3188 1346,3188 1381,3188 1417,3188 1453,3187 1489,3185 1525,3185 1560,3185 1596,3185 1632,3185 1668,3186 1704,3188"/>
                <TextEquiv>
                    <Unicode>literary agents, keep them completely advised.</Unicode>
                </TextEquiv>
            </TextLine>
            <TextLine id="tr_1_tl_58" custom="readingOrder {index:57;}">
                <Coords points="1811,3208 2503,3208 2503,3156 2446,3138 2401,3166 2349,3140 2189,3148 2157,3174 2097,3148 1811,3164"/>
                <Baseline points="1827,3197 1861,3197 1895,3198 1929,3200 1963,3198 1997,3197 2031,3196 2066,3194 2100,3197 2134,3197 2168,3196 2202,3194 2236,3194 2270,3194 2305,3194 2339,3194 2373,3194 2407,3194 2441,3194 2475,3194 2510,3194"/>
                <TextEquiv>
                    <Unicode>This careful covering of the foreign field</Unicode>
                </TextEquiv>
            </TextLine>
            <TextLine id="tr_1_tl_59" custom="readingOrder {index:58;}">
                <Coords points="978,3240 1701,3240 1701,3203 1657,3195 978,3193"/>
                <Baseline points="991,3224 1026,3226 1062,3227 1098,3227 1134,3228 1170,3230 1205,3228 1241,3227 1277,3227 1313,3228 1349,3230 1384,3230 1420,3230 1456,3229 1492,3227 1528,3227 1563,3227 1599,3227 1635,3227 1671,3228 1707,3230"/>
                <TextEquiv>
                    <Unicode>Herefore, however, this has not been so</Unicode>
                </TextEquiv>
            </TextLine>
            <TextLine id="tr_1_tl_60" custom="readingOrder {index:59;}">
                <Coords points="1769,3253 2506,3245 2506,3211 2477,3203 1769,3206"/>
                <Baseline points="1785,3242 1821,3239 1857,3239 1894,3239 1930,3239 1967,3239 2003,3239 2039,3238 2076,3236 2112,3236 2149,3236 2185,3236 2221,3236 2258,3236 2294,3236 2331,3233 2367,3233 2403,3233 2440,3234 2476,3236 2513,3236"/>
                <TextEquiv>
                    <Unicode>of letters is only one of the features of the</Unicode>
                </TextEquiv>
            </TextLine>
            <TextLine id="tr_1_tl_61" custom="readingOrder {index:60;}">
                <Coords points="970,3282 1701,3279 1701,3240 1657,3232 970,3240"/>
                <Baseline points="985,3266 1021,3266 1057,3266 1093,3267 1129,3269 1165,3269 1201,3271 1237,3270 1273,3270 1309,3271 1346,3269 1382,3272 1418,3270 1454,3269 1490,3269 1526,3269 1562,3269 1598,3269 1634,3269 1670,3269 1707,3269"/>
                <TextEquiv>
                    <Unicode>true of foreign countries. In the past, it has</Unicode>
                </TextEquiv>
            </TextLine>
            <TextLine id="tr_1_tl_62" custom="readingOrder {index:61;}">
                <Coords points="1775,3295 2498,3284 2498,3242 1775,3250"/>
                <Baseline points="1788,3281 1823,3281 1859,3281 1895,3281 1931,3281 1967,3281 2002,3281 2038,3279 2074,3279 2110,3280 2146,3278 2181,3276 2217,3275 2253,3275 2289,3275 2325,3275 2360,3277 2396,3276 2432,3276 2468,3277 2504,3275"/>
                <TextEquiv>
                    <Unicode>service given by the Book of-the-Mont Club</Unicode>
                </TextEquiv>
            </TextLine>
            <TextLine id="tr_1_tl_63" custom="readingOrder {index:62;}">
                <Coords points="972,3319 1699,3329 1699,3279 972,3277"/>
                <Baseline points="988,3304 1023,3306 1059,3307 1095,3308 1131,3310 1167,3310 1202,3310 1238,3312 1274,3313 1310,3313 1346,3313 1381,3311 1417,3310 1453,3311 1489,3312 1525,3310 1560,3310 1596,3310 1632,3310 1668,3311 1704,3313"/>
                <TextEquiv>
                    <Unicode>often happened that books of great merit</Unicode>
                </TextEquiv>
            </TextLine>
            <TextLine id="tr_1_tl_64" custom="readingOrder {index:63;}">
                <Coords points="1777,3334 2498,3329 2482,3284 1777,3295"/>
                <Baseline points="1791,3325 1826,3322 1862,3322 1897,3322 1933,3322 1969,3322 2004,3320 2040,3319 2076,3319 2111,3319 2147,3319 2183,3319 2218,3319 2254,3318 2290,3316 2325,3316 2361,3316 2397,3318 2432,3318 2468,3316 2504,3316"/>
                <TextEquiv>
                    <Unicode>to its subscribers. Do you know all that it</Unicode>
                </TextEquiv>
            </TextLine>
            <TextLine id="tr_1_tl_65" custom="readingOrder {index:64;}">
                <Coords points="970,3358 1701,3360 1701,3329 1649,3319 970,3319"/>
                <Baseline points="985,3349 1021,3349 1057,3349 1093,3350 1129,3352 1165,3352 1201,3352 1237,3352 1273,3353 1309,3354 1346,3352 1382,3355 1418,3353 1454,3352 1490,3351 1526,3349 1562,3352 1598,3352 1634,3352 1670,3352 1707,3352"/>
                <TextEquiv>
                    <Unicode>have not been introduced to American</Unicode>
                </TextEquiv>
            </TextLine>
            <TextLine id="tr_1_tl_66" custom="readingOrder {index:65;}">
                <Coords points="1769,3371 2501,3371 2477,3324 1769,3339"/>
                <Baseline points="1785,3367 1822,3365 1860,3362 1898,3362 1936,3363 1974,3361 2012,3361 2049,3361 2087,3361 2125,3361 2163,3361 2201,3361 2239,3361 2276,3358 2314,3358 2352,3358 2390,3358 2428,3358 2466,3358 2504,3355"/>
                <TextEquiv>
                    <Unicode>does and that it cost you nothing to sub¬</Unicode>
                </TextEquiv>
            </TextLine>
            <TextLine id="tr_1_tl_67" custom="readingOrder {index:66;}">
                <Coords points="972,3415 1395,3402 1478,3423 1573,3402 1633,3429 1699,3408 1699,3363 972,3363"/>
                <Baseline points="988,3394 1023,3394 1059,3394 1095,3395 1131,3397 1167,3397 1202,3397 1238,3397 1274,3397 1310,3397 1346,3397 1381,3397 1417,3397 1453,3396 1489,3394 1525,3394 1560,3394 1596,3394 1632,3394 1668,3395 1704,3397"/>
                <TextEquiv>
                    <Unicode>readers until years after they were written</Unicode>
                </TextEquiv>
            </TextLine>
            <TextLine id="tr_1_tl_68" custom="readingOrder {index:67;}">
                <Coords points="1767,3418 2435,3418 2501,3410 2503,3371 1769,3374"/>
                <Baseline points="1782,3406 1818,3406 1854,3405 1890,3403 1927,3403 1963,3403 1999,3403 2035,3403 2072,3403 2108,3403 2144,3403 2180,3403 2217,3401 2253,3400 2289,3400 2325,3400 2362,3400 2398,3400 2434,3400 2470,3400 2507,3397"/>
                <TextEquiv>
                    <Unicode>scribe: There are no dues, no sees. All you</Unicode>
                </TextEquiv>
            </TextLine>
            <TextLine id="tr_1_tl_69" custom="readingOrder {index:68;}">
                <Coords points="529,3452 553,3452 564,3463 600,3447 642,3450 666,3465 684,3447 716,3463 763,3460 763,3397 739,3408 697,3395 626,3405 592,3400 582,3408 564,3397 529,3400"/>
                <Baseline points="543,3433 568,3433 593,3433 618,3433 643,3433 669,3433 694,3434 719,3436 744,3436 770,3436"/>
                <TextEquiv>
                    <Unicode>THOMAS MANN</Unicode>
                </TextEquiv>
            </TextLine>
            <TextLine id="tr_1_tl_70" custom="readingOrder {index:69;}">
                <Coords points="1769,3465 2485,3460 2503,3410 1769,3421"/>
                <Baseline points="1785,3448 1822,3449 1860,3448 1898,3447 1936,3446 1974,3448 2012,3445 2049,3445 2087,3445 2125,3445 2163,3445 2201,3445 2239,3445 2276,3442 2314,3442 2352,3442 2390,3442 2428,3442 2466,3442 2504,3439"/>
                <TextEquiv>
                    <Unicode>are obligated to do is to buy, at the regular</Unicode>
                </TextEquiv>
            </TextLine>
            <TextLine id="tr_1_tl_71" custom="readingOrder {index:70;}">
                <Coords points="1769,3499 2495,3497 2495,3457 2464,3450 1769,3463"/>
                <Baseline points="1785,3493 1820,3491 1856,3490 1892,3490 1928,3490 1964,3490 1999,3488 2035,3487 2071,3487 2107,3486 2143,3484 2178,3486 2214,3485 2250,3483 2286,3482 2322,3484 2357,3482 2393,3481 2429,3482 2465,3484 2501,3484"/>
                <TextEquiv>
                    <Unicode>retail price, a minimum of four books a year,</Unicode>
                </TextEquiv>
            </TextLine>
            <TextLine id="tr_1_tl_72" custom="readingOrder {index:71;}">
                <Coords points="1769,3549 2495,3552 2495,3497 2438,3492 1769,3499"/>
                <Baseline points="1785,3531 1820,3531 1856,3531 1892,3530 1928,3529 1964,3531 1999,3529 2035,3530 2071,3530 2107,3528 2143,3528 2178,3528 2214,3528 2250,3528 2286,3527 2322,3525 2357,3525 2393,3525 2429,3525 2465,3525 2501,3525"/>
                <TextEquiv>
                    <Unicode>out of 250 to 300 reported upon by our judges</Unicode>
                </TextEquiv>
            </TextLine>
            <TextLine id="tr_1_tl_73" custom="readingOrder {index:72;}">
                <Coords points="1809,3609 2506,3604 2506,3554 2364,3536 2325,3568 2181,3539 2024,3565 1809,3549"/>
                <Baseline points="1824,3597 1858,3596 1892,3594 1927,3594 1961,3594 1996,3594 2030,3594 2065,3594 2099,3594 2134,3594 2168,3594 2202,3594 2237,3592 2271,3591 2306,3591 2340,3591 2375,3591 2409,3589 2444,3589 2478,3590 2513,3588"/>
                <TextEquiv>
                    <Unicode>If you are interested in learning how this</Unicode>
                </TextEquiv>
            </TextLine>
            <TextLine id="tr_1_tl_74" custom="readingOrder {index:73;}">
                <Coords points="1769,3646 2063,3644 2089,3665 2115,3646 2173,3670 2236,3649 2288,3675 2333,3644 2375,3670 2446,3636 2506,3649 2509,3599 1769,3612"/>
                <Baseline points="1785,3639 1821,3639 1857,3638 1894,3637 1930,3639 1967,3639 2003,3637 2039,3636 2076,3636 2112,3636 2149,3636 2185,3636 2221,3636 2258,3635 2294,3633 2331,3633 2367,3633 2403,3633 2440,3633 2476,3632 2513,3630"/>
                <TextEquiv>
                    <Unicode>service operates, mail the coupon below for</Unicode>
                </TextEquiv>
            </TextLine>
            <TextLine id="tr_1_tl_75" custom="readingOrder {index:74;}">
                <Coords points="1772,3701 1809,3701 1835,3717 1882,3691 1958,3704 1971,3717 2005,3696 2052,3704 2055,3646 1775,3649"/>
                <Baseline points="1788,3684 1815,3681 1842,3681 1870,3681 1897,3681 1925,3681 1952,3681 1979,3681 2007,3679 2034,3677 2062,3675"/>
                <TextEquiv>
                    <Unicode>full information.</Unicode>
                </TextEquiv>
            </TextLine>
            <TextLine id="tr_1_tl_76" custom="readingOrder {index:75;}">
                <Coords points="1824,3809 2244,3793 2446,3817 2448,3725 1827,3722"/>
                <Baseline points="1839,3794 1869,3794 1900,3794 1930,3794 1961,3794 1992,3793 2022,3791 2053,3793 2083,3793 2114,3791 2145,3791 2175,3791 2206,3791 2236,3791 2267,3791 2298,3791 2328,3791 2359,3791 2389,3791 2420,3791 2451,3794"/>
                <TextEquiv>
                    <Unicode>BOOK OF THE MONTICUS, INC.</Unicode>
                </TextEquiv>
            </TextLine>
            <TextLine id="tr_1_tl_77" custom="readingOrder {index:76;}">
                <Coords points="1830,3835 1885,3851 1995,3835 2315,3835 2315,3798 2244,3793 2126,3809 1830,3806"/>
                <Baseline points="1845,3830 1870,3833 1895,3833 1920,3833 1945,3833 1970,3833 1995,3831 2020,3830 2045,3830 2070,3829 2096,3827 2121,3827 2146,3827 2171,3827 2196,3827 2221,3827 2246,3827 2271,3827 2296,3827 2322,3827"/>
                <TextEquiv>
                    <Unicode>love, New York, N.Y.</Unicode>
                </TextEquiv>
            </TextLine>
            <TextLine id="tr_1_tl_78" custom="readingOrder {index:77;}">
                <Coords points="1830,3877 2527,3877 2527,3838 2488,3830 1830,3843"/>
                <Baseline points="1845,3869 1879,3869 1913,3869 1948,3869 1982,3869 2017,3868 2051,3866 2086,3866 2120,3866 2155,3866 2189,3866 2223,3866 2258,3863 2292,3863 2327,3863 2361,3863 2396,3863 2430,3863 2465,3864 2499,3866 2534,3866"/>
                <TextEquiv>
                    <Unicode>Pless and booklet outlining how you operate.</Unicode>
                </TextEquiv>
            </TextLine>
            <TextLine id="tr_1_tl_79" custom="readingOrder {index:78;}">
                <Coords points="1824,3916 1906,3911 1937,3937 1995,3940 2147,3908 2204,3934 2301,3919 2412,3937 2414,3872 2398,3869 1827,3874"/>
                <Baseline points="1839,3905 1869,3905 1899,3905 1930,3905 1960,3903 1991,3902 2021,3902 2052,3902 2082,3902 2113,3902 2143,3902 2174,3900 2204,3899 2235,3899 2265,3899 2296,3899 2326,3899 2357,3897 2387,3897 2418,3899"/>
                <TextEquiv>
                    <Unicode>This request involves me in no obligation.</Unicode>
                </TextEquiv>
            </TextLine>
            <TextLine id="tr_1_tl_80" custom="readingOrder {index:79;}">
                <Coords points="1824,3987 1840,3987 1858,3971 1879,3992 1890,3992 1903,3984 1916,3990 1921,3984 1929,3987 1940,3979 1953,3979 1953,3937 1937,3937 1919,3921 1882,3916 1856,3919 1848,3914 1843,3919 1824,3919"/>
                <Baseline points="1839,3964 1868,3964 1898,3964 1928,3964 1958,3964"/>
                <TextEquiv>
                    <Unicode>Name</Unicode>
                </TextEquiv>
            </TextLine>
            <TextLine id="tr_1_tl_81" custom="readingOrder {index:80;}">
                <Coords points="1292,3984 1339,3976 1374,3987 1452,3984 1460,3992 1528,3997 1528,3937 1507,3929 1452,3934 1423,3924 1389,3940 1292,3934"/>
                <Baseline points="1307,3967 1332,3965 1357,3967 1382,3967 1407,3967 1433,3967 1458,3966 1483,3964 1508,3964 1534,3964"/>
                <TextEquiv>
                    <Unicode>SON</Unicode>
                </TextEquiv>
            </TextLine>
            <TextLine id="tr_1_tl_82" custom="readingOrder {index:81;}">
                <Coords points="1819,4031 1845,4031 1864,4042 1893,4029 1969,4034 1969,3990 1953,3992 1940,3982 1919,3984 1914,3990 1900,3982 1890,3982 1882,3990 1866,3984 1858,3992 1853,3987 1819,3997"/>
                <Baseline points="1833,4024 1861,4024 1890,4024 1918,4024 1947,4024 1976,4027"/>
                <TextEquiv>
                    <Unicode>des</Unicode>
                </TextEquiv>
            </TextLine>
            <TextLine id="tr_1_tl_83" custom="readingOrder {index:82;}">
                <Coords points="731,4076 750,4068 786,4073 810,4050 855,4073 865,4066 933,4068 933,4005 839,4000 810,4011 747,3990 731,3995"/>
                <Baseline points="746,4036 773,4036 801,4037 829,4039 856,4039 884,4039 912,4039 940,4039"/>
                <TextEquiv>
                    <Unicode>Dr. Arne</Unicode>
                </TextEquiv>
            </TextLine>
            <TextLine id="tr_1_tl_84" custom="readingOrder {index:83;}">
                <Coords points="967,4076 1012,4073 1038,4050 1062,4052 1069,4060 1090,4060 1114,4047 1138,4050 1138,4005 1104,4003 1083,4013 1075,4005 1062,4011 967,4005"/>
                <Baseline points="982,4039 1008,4041 1035,4041 1062,4040 1089,4040 1116,4042 1143,4042"/>
                <TextEquiv>
                    <Unicode>HNITZEN</Unicode>
                </TextEquiv>
            </TextLine>
            <TextLine id="tr_1_tl_85" custom="readingOrder {index:84;}">
                <Coords points="2186,4081 2204,4081 2207,4084 2223,4081 2233,4087 2236,4084 2275,4084 2275,4039 2257,4039 2241,4050 2233,4042 2220,4047 2215,4042 2210,4045 2204,4039 2199,4045 2186,4045"/>
                <Baseline points="2200,4075 2227,4077 2255,4077 2283,4075"/>
                <TextEquiv>
                    <Unicode>State</Unicode>
                </TextEquiv>
            </TextLine>
            <TextLine id="tr_1_tl_86" custom="readingOrder {index:85;}">
                <Coords points="1822,4115 1835,4115 1843,4121 1858,4113 1869,4115 1879,4105 1906,4105 1903,4031 1887,4031 1866,4045 1856,4042 1851,4047 1819,4047"/>
                <Baseline points="1836,4087 1861,4087 1887,4088 1913,4090"/>
                <TextEquiv>
                    <Unicode>Chr.</Unicode>
                </TextEquiv>
            </TextLine>
            <TextLine id="tr_1_tl_87" custom="readingOrder {index:86;}">
                <Coords points="1919,4123 2291,4123 2291,4081 2204,4084 2181,4060 2155,4055 2060,4068 2026,4050 1955,4071 1919,4058"/>
                <Baseline points="1934,4119 1960,4122 1986,4122 2012,4122 2038,4122 2064,4122 2090,4122 2116,4122 2142,4122 2168,4120 2194,4119 2220,4119 2246,4119 2272,4119 2298,4122"/>
                <TextEquiv>
                    <Unicode>nen</Unicode>
                </TextEquiv>
            </TextLine>
            <TextEquiv>
                <Unicode></Unicode>
            </TextEquiv>
        </TextRegion>
    </Page>
</PcGts>
