3436 4320
372 306 1044 405 Miscellaneous
1228 300 1653 394 box 42/3
1069 1128 1225 1190 No
716 1137 931 1197 .
419 1238 809 1312 ne nieco of our
364 1232 1252 1340 que des et fond de la Presse . .
518 1311 1097 1389 23, Rue du Rhône GENEVE
309 1358 1314 1442 Adr. télégr.: Coupares-Genère — Tel. Stand 40.05
346 1442 1277 1529 Bureau International de coupures de journaux.
461 1515 1192 1564 Traductions de et en toutes langues.
366 1626 1258 1683 Correspondants dans toutes les grandes villes.
300 1731 716 1822 Extrait du Journal
309 1837 496 1909 Adresse:
843 1886 962 2009 .
306 1925 441 2006 Date:
869 2082 1074 2157 Ungarn.
725 2139 1198 2209 Lord Rothermere
495 2184 1411 2263 und die Hatvany=Angelegenheit.
469 2240 1473 2312 ) Wien, 12. Febr. (Europapreß.) Wie das Un¬
429 2290 1468 2361 garische Telegraphische Korrespondenzbureau aus
464 2329 1467 2395 London meldet, hat der Herausgeber der „Daily
460 2373 1463 2442 Mail“, Lord Rothermere, an die österreichischen
463 2420 1466 2498 Schriftsteller Arthur Schnitzler und Felix
465 2457 1457 2527 Salten, die ihn im Interesse des zu sieben Jah¬
454 2511 1459 2580 ren Zuchthaus verurteilten Botons Hatvany
454 2542 1457 2620 telegraphisch um Intervention ersucht hatten,
458 2590 1457 2682 ein Antworttelegramm gerichtet, indem er das
454 2633 1450 2714 Urteil gegen Baron Hatvany billigt. Das Tele¬
447 2674 1453 2754 gramm schließt mit den Worten: „Wie ich die un¬
452 2732 1449 2793 garische Jurisdiktion kenne, habe ich keinen Grund
447 2769 1445 2833 zu bezweifeln, daß in diesem Falle ein der Wahr¬
451 2810 1453 2881 heit entsprechendes Urteil gefällt wurde. Arthur
451 2853 1454 2924 Schnitzler erklärt zu dieser von dem Ungarischen
447 2895 1450 2974 Telegraphischen Korrespondenzbureau in Budapest
443 2937 1453 3008 veröffentlichten Depesche des englischen Zeitungs¬
445 2993 1448 3050 magnaten, daß er das Telegramm des Lord Rother¬
436 3033 1442 3112 mere bisher nicht erhalten habe. Auch Felix Sal¬
442 3071 1277 3134 ten hat keine Kenntnis von der Depesche,
480 3129 1436 3181 Die „Neue Freie Presse“ bemerkt zu der Erklä¬
438 3150 1437 3242 rung Lord Rothermeres über den Fall Hatany
438 3204 1448 3273 Es ist höchst merkwürdig, daß ein Engländer diesen
438 3249 1436 3322 Standpunkt einnimmt, da doch Großbritannien tra¬
430 3295 1445 3373 ditionell seit Jahrhunderten für volle Meinungs¬
439 3340 1441 3403 freiheit eingetreten ist. Die „Wiener Allgemeine
434 3389 1436 3456 Zeitung" gibt ihrer Ueberraschung Ausdruck, daß
434 3425 1437 3495 Lord Rothermere es für notwendig gehalten hat,
433 3469 1435 3547 die ungarische Regierung früher als die Wiener
434 3510 1437 3585 Schriftsteller, die sich an ihn gewandt hatten, von
430 3553 1280 3660 seinem Antworttelegramm zu verständigen.
1755 1066 2082 1144 M.
2507 1068 2763 1145 No
1963 1174 2317 1243 in ali¬
1826 1180 2710 1278 Aus dieser Memorial de la Presse .A.
1981 1263 2551 1326 23, Rue du Rhône GENEVE
1788 1296 2743 1378 Adr. télégr.: Coupures-Genève — Tél. Stand 40.05
1799 1379 2725 1453 Bureau International de coupures de journaux.
1912 1449 2644 1507 Traductions de et en toutes langues.
1817 1543 2704 1618 Correspondants dans toutes les grandes villes.
1750 1666 2164 1742 Extrait du Journal:
1751 1764 1952 1834 Adresse:
1754 1859 1892 1928 Date:
2139 1915 2466 2019 4.
2162 2100 2382 2186 HONGRIE
1891 2152 2651 2244 gement des revolutionnaires
1812 2205 2330 2283 télégraphie de Vienn.
1789 2221 2763 2339 Les journaux vienne duisent une dépê¬
1760 2294 2758 2378 che de Budapest de sure officieuse annonçant
1777 2339 2752 2418 que lord Rothermere, épondant au télégramme
1782 2389 2763 2457 par lequel les écrivains autrichiens Schnitzler et
1786 2425 2762 2497 Salten sollicitèrent son intervention en faveur de
1777 2453 2763 2519 Hatany, déclare ne pas voir de différence intrin¬
1775 2498 2763 2563 sèque entre la lutte par le fer et la lutte par la
1775 2541 2757 2602 plume. Lord Rothermere estime que si Havany
1777 2580 2761 2648 avait été pris en flagrant délit dans une action à
1775 2612 2421 2665 main armée, il aurait été fusillé.
1817 2643 2754 2719 Il ajoute qu'il est partisan des peines les plus
1769 2677 2758 2758 sévères contre les écrivains qui envoient les au¬
1763 2726 2756 2794 tres au danger et attisent consciemment la dis¬
1762 2753 2266 2816 corde, voir la révolution.
1803 2789 2749 2864 Lord Rothermere conclut en recommandant aux
1775 2834 2750 2896 écrivains, par ces temps difficiles, le maximum de
1768 2877 2752 2940 réserve et de prudence dans leurs ouvrages et en
1757 2926 2754 2992 exprimant sa conviction que les juges hongrois
1757 2961 2268 3004 ont jugé selon la vérité.
1811 2995 2749 3058 La Nouvelle Presse libre s'étonne qu'un Anglais
1763 3035 2745 3089 adopte un tel point de vue, l'Angleterre ayant tra¬
1755 3074 2752 3151 ditionnellement défendu depuis des siècles la li¬
1762 3105 2078 3159 berté d'opinion.
1803 3129 2749 3207 La Wiener Allgemeine Abendzeitung prétend
1769 3183 2748 3249 que M. Schnitzler n'a pas encore connaissance de
1769 3221 2743 3275 la réponse de lord Rothermere et s'étonne que le
1766 3264 2749 3311 publiciste anglais ait cru devoir communiquer
1766 3304 2745 3379 préalablement cette réponse au gouvernement
1762 3336 1944 3388 hongrois.
1791 3354 2496 3450 D'autre part, on mande de Budapest :
1802 3425 2745 3485 La police a arrêté et mis au régime de la dé¬
1757 3472 2743 3526 tention préventive un journaliste, M. Bela Lan¬
1757 3507 2745 3562 der, et trois autres personnes, sous l'inculpation
1750 3547 2753 3628 de tentatives subversives dirigées contre l'ordre
1745 3576 2134 3635 social et politique.
1799 3605 2756 3680 M. Bela Lander a joué un rôle de premier plan¬
1750 3644 2734 3717 dans certaines organisations communistes, en
1754 3698 2736 3766 1925. Il s'était enfui, puis avait reparu en lon¬
1747 3743 2674 3803 grie, où il était porteur de faux passeports.
