3344 4320
281 214 953 349 Miscellaneous
1133 225 1572 330 box 42/3
199 683 386 773 Sonntag
1065 686 1516 777 Neues Wiener Journal
1947 698 2273 795 22. April 1928
2851 705 3057 814 Seite 11
109 746 679 852 Erklärung; bei einer Festlichkeit
1906 769 3102 874 kontatt wieder ein. Allen Stürmen, welchen Girardis Leben
105 833 683 912 hatte ein Herr, nennen wir ihn
1039 833 1542 938 Tuchhandlung
1906 859 3102 915 später ausgesetzt war, wich unsere so schöne wahre Zusammen¬
143 878 675 949 während ich tanzte, auf der
1902 912 3102 960 gehörigkeit aus. Und als das Alter nahte, als uns nur mehr die
105 923 683 987 och das war noch nicht das
1906 957 3102 1013 Erinnerung an eine herrliche Jugendzeit blieb, als nur mehr
116 983 679 1035 und wollte verschwinden, als
1902 1002 3099 1058 Girardi und ich zurückgeblieben waren, da suchte er mich oft und
720 870 1084 1103 A
1429 844 1748 1110 are
105 1020 679 1099 twas vergißt man nicht, das
1894 1047 3102 1107 oft und immer wieder auf. Mit mir besprach er die Möglichkeit
1133 1065 1440 1140 „Zur Schäferin“
128 1065 518 1137 der Kleine lacht mit
1906 1095 3102 1155 seines Burgtheaterengagements. Möglichkeit, vor der er in
109 1088 686 1208 schäftlich: „Ueber welche Städte
822 1107 1756 1230 Wien, I., Freisingergasse 1
1902 1140 3099 1200 ehrfurchtsvollen Staunen stand. Er, der Bescheidenste, das
1103 1185 1478 1257 (Ecke Bauernmarkt.)
1894 1189 3102 1257 lauterste, das echteste Genie österreichischer Edelart. Es nutzte
98 1185 675 1283 nmal wieder reden: „Potsdam,
1898 1238 3102 1302 auch nichts, daß sein erstes Auftreten im Burgtheater zu
1017 1219 1557 1335 Original englische
98 1257 679 1324 r usw. Ueberall müssen wir
1894 1287 3099 1347 einer Ovation wurde, die Volk, Gesellschaft, Staatsmänner
94 1309 671 1392 n, damit genaue Kontrolle vor¬
1902 1335 3024 1403 und Hof einen Augenblick lang, gerade in dem Jahre,
731 1257 1842 1448 Damenmäntelstoffe
1906 1380 3095 1440 das alte Oesterreich unterging, zu einer ideellen Einheit ver¬
94 1377 668 1467 de Straße, die von Menschen
1906 1429 3102 1493 schmolz. Girardi zitterte noch mehr für sein zweites Auftreten in
101 1459 668 1519 sige müssen warten. Es komm¬
1898 1482 3102 1534 Schnitzlers „Liebelei" als alter Weiring. Eines Tages saß er
754 1429 1819 1553 Herrenmodestoffe
94 1504 675 1594 Berliner Kellner, Verzeihung:
1906 1527 3102 1587 stundenlang bei mir, so verzweifelt, so mutlos, daß er beschloß,
98 1549 191 1613 liseen.
1898 1572 3099 1632 die Rolle zurückzuschicken. Ich rief Artur Schnitzler an und erzählte
139 1572 3099 1677 setzten sie sich nun heute in Willkommen Fitzmaurice, Willkommen Hünfeld. Ueber jedem ist die ihm von Girardis Depression. Er schlug vor, daß Girardi ihm
113 1636 3095 1748 dem Sturm der Photographen deutsche, die irische, die amerikanische und die New-Yorker Flagge bei mir die Rolle vorspielen möge. Dankbar nahm er, der nach
683 1692 1872 1756 angebracht. Die ganze Fish-Avenue wird mit Girlanden geschmückt
94 1696 660 1748 rika besonders stark vertreter
1906 1714 2896 1797 so hohem Aufstieg noch immer an sich Zweifelnde, an
683 1741 1883 1801 Die Flieger werden vom Hotel aus, das im Zentrum liegt, von
109 1744 656 1801 durch die Straßen der Reichs
2011 1737 3099 1823 Ich sehe die Szene noch vor mir. Schnitzler nahm in einem
120 1793 3102 1891 begleitet von Kinooperateuren den städtischen Ehreneskorten nach dem Hafen geleitet und von Fauteuil Platz, Girardi hatte seinen Fauteuil weiter weggerückt.
679 1834 1876 1902 dort mit einem städtischen Dampfer zum Battery-Park gebracht
94 1831 656 1898 sen wollten. Passanten blieben
1898 1861 3099 1932 Er hob die strahlenden, abgrundtiesen Augen, sank ein wenig
90 1883 1868 1947 fürdigen Zug und jubelten den wo zehntausend Soldaten Ausstellung nehmen werden. Im Parade
1902 1906 2866 1984 zusammen und dann sprach Weiring zu Christine . .
679 1936 1876 1996 zug marschiert das Militär voran, dann folgen die Automobil¬
2003 1932 3106 2018 Niemand hat jemals dieses Erlebnis gehabt. Denn was
86 1977 1876 2041 Brandenburger Tores ging's mit den Fliegern und Ehrenausschüssen. Vor der City-Hall wird
1894 1988 3099 2078 Girardi in der lähmenden Angst, die ihn bei der Aufführung
94 2029 3099 2116 um Marsch für die Ehre der eine Tribüne errichtet, die einige tausend Menschen fassen umfing und bereits geschwächt vom herannahenden Todesübel auf
94 2067 401 2157 zu Ehre machen.
675 2078 3102 2168 kann. Hier begrüßt Oberbürgermeister Walker die Flieger, der Bühne bot, war nur ein Schatten der Gestalt des alten
679 2119 3099 2213 die dann den Triumphzug, der den Lindberghs weit Weiring, die er, ohne alle Beihilfe der Bühnenatmosphäre, nun
683 2168 1872 2232 in den Schatten stellen wird, fortsetzen werden. An
1894 2191 3102 2255 erblühen ließ. Es gibt kein anderes Wort, das diese quellende
686 2209 1876 2273 schließend werden Kohl, v. Hünefeld und Fitzmaurice Kränz¬
1898 2239 3099 2300 Innigkeit, das diesem Leuchten einer selbstvergessenen Liebe irgend¬
679 2262 1868 2326 für den unbekannten Soldaten niederlegen. Der Zug begibt sich
86 2153 593 2348 in New=York.
1887 2292 3106 2356 wie nahe käme. Gleich nach der ersten Szene, als Weiring, einen
679 2311 1864 2367 später zum Zentralpark, wo das Militär regimentweise Aufstellun¬
1898 2333 3095 2393 Fliederzweig in der Hand, eintritt: „Eine Luft ist heute draußen,
86 2318 626 2420 um für die „Bremen.
675 2367 1861 2423 nehmen wird. Die Flieger werden dann begleitet von Ober
1887 2390 3106 2438 was, Frau Binder? Ich bin jetzt durch den Garten bei der Linie
90 2386 398 2465 sen Wiener Journals.
675 2412 1876 2476 bürgermeister Walker und den einzelnen Truppenkommandanten die
1898 2435 3076 2487 gegangen — da blüht der Flieder. — Es ist eine Pracht!
86 2420 619 2528 New-York, 21. April.
686 2457 1872 2513 Front abschreiten. Auf den Stufen des Bibliothekgebäudes in der
1898 2480 3087 2555 sprang Schnitzler auf, Tränen in den Augen, und rief: „Herrlich
679 2502 1876 2581 42. Straße werden die Flieger von zehntausend New-Yorker
94 2498 653 2570 Absicht, mit der „Bremen
1891 2525 3024 2596 Herrlich! Zum erstenmal sehe ich den alten Weiring vor mir!
86 2543 1227 2615 es in Amerika ungeheures Auf-Schulkindern begrüßt werden.
2003 2551 3095 2637 „Herr Doktor, ist das wirklich wahr? Glauben Se.
105 2603 664 2675 Besatzung gelingt, ihre Absicht
1879 2637 3091 2690 es wird gehen?" Und nun spielte Girardi die große Szene des
750 2588 1804 2705 Auch Exkronprinz Wilhelm gratuliert.
94 2652 660 2712 Berlin — New-York Berlin die
1883 2675 3091 2738 letzten Aktes. Spielte sie göttlich. Sein Schrei: „Sie kommt nicht
945 2686 1602 2753 Privattelegramm des „Neuen Wiener Journals"
116 2701 660 2761 die bisher vollbracht wurde.
1887 2716 3087 2791 wieder! Sie kommt nicht wieder!" war mehr eine Gott zu¬
1467 2712 1838 2810 Rom, 21. April.
75 2735 656 2806 Empfang der deutschen Fliegen
1891 2765 2843 2832 geschleuderte, sich gegen Gott aufbäumende Anklage.
75 2798 656 2866 Herden vorgenommen, damit die
780 2768 1868 2858 Exkronprinz Wilhelm, der sich zurzeit in Italien auf
1996 2787 3087 2873 Tiefes Schweigen. Dann reichte Schnitzler Girardi die Hand
79 2847 656 2926 behindert wird. Ein große
679 2832 3095 2922 hält, sandte an Freiherrn v. Hünefeld, der früher sein und sagte: „Sie hätten wahrscheinlich meinen Weg anders ent¬
101 2903 3080 2963 wird für Ruhe und Ordnung Adjutant war, folgenden Glückwunsch: „In herzlicher Freude und schieden. Wenn mir dieses unsagbare Erlebnis Ihres Weiring
79 2941 3087 3042 Verkehrs sorgen, da man mit Bewunderung über den siegreichen Ozeanflug, grüße ich mit Ihnen geworden wäre, als ich die „Liebelei" vor 24 Jahren auf¬
83 2997 2108 3061 net. In New-York befestigen meinen alten, treuen Freund, den tapferen Flugzeugführer Koehl führen ließ.
128 3042 1868 3117 Laternenpfahl der Fifth= und den mutigen irischen Begleiter mit treuesten und aufrichtigsten
2011 3020 3087 3114 „Aber, Herr Doktor (erwiderte Girardi mit vor Freude
79 3072 882 3170 schriften: Willkommen Kohl, Wünschen.
1883 3080 3087 3170 zitternder Stimme), jetzt müssen S' mir wieder so eine Roll¬
1887 3147 3009 3222 schreiben. Wenn's wirklich wahr is, daß Sie zufrieden sind.
1984 3185 3084 3297 Artur Schnitzler versprach es. Und Girardi starb vie¬
1883 3219 2164 3324 Wochen später.
109 3132 1853 3380 pielt vor Artur Schnitzler
2112 3267 2858 3481 Kinderstube für alle.
86 3342 1287 3556 seine letzte Rolle.
1981 3455 2960 3564 Eine neue Berliner Einrichtung.
2438 3530 2532 3590 Von
2315 3556 2630 3665 Hella Rohm.
165 3564 1155 3676 Persönliche Erinnerungen.
2611 3624 3027 3714 Berlin, im April.
604 3650 698 3740 Von
1988 3669 3076 3744 Ein eher kleiner als großer Raum, der doch so viel der
1876 3729 3076 3789 Wunder birgt: manchem armen reichen, manchem armen elenden
300 3717 1009 3834 Berta Zuckerkandl=Szeps.
1872 3774 3076 3838 Kinde wird er ein Paradies, manchem Erwachsenen ein Zauberland
1876 3830 3076 3883 sein, darin er alle Köstlichkeiten des Lebens schöpft. Denn dieser
71 3838 1853 3943 Girardi gestorben ist, dieser Muritaten" (Girardi pflegte meinen Namen stets Berta aus
1879 3875 3076 3928 Raum, kaum fertig noch, erst halb möbliert, in rotem Schleiflack
75 3924 1095 3999 isvollste, kindlichste und tiefste zusprechen) vorzutragen.
1876 3928 3076 3984 hell und lustig ausgestattet, birgt Herrlichkeiten, die Kinder und
94 3965 645 4040 Welt gekannt hat. Seit dem
780 3931 3001 4036 Es waren der Sünden viele, die ich, allerdings immer Erwachsene sich bis dahin nicht träumen ließen. Zunächst —
98 4006 641 4070 seine grenzenlose Popularitä
660 4010 3080 4093 unterstützt von meinen Anklägern, begangen hatte. So die was soll man an erste Stelle setzen? Die Spielzeugschränke, die
64 4048 3069 4123 Szeps und meine Mutter Amalie, betrübende Tat, geschehen im Verlauf einer großen politischen rings um das Zimmer laufen, mit Glasscheiben selbstverständlich,
105 4111 3069 4179 in Gesellschaft sehr schüchternen Soiree, die mein Vater Abgeordneten und Ministern gab und durch die man wählen kann, was einem gerade das Begehrens¬
