3436 4320
194 250 305 337 11
372 245 1042 324 Miscellaneous
584 1996 1204 2066 Dr. Max Goldschmidt
584 2071 1204 2156 Büro für Zeitungsausschnitte
402 2132 665 2207 BERLINNA
949 2138 1362 2214 Telefon: Norden 305
676 2345 1164 2445 Prager Presse, Prag.
779 2472 1121 2577 19. Feb. 1927
548 2564 1332 2644 Zur Weihe Beethovens widmet Arthur
434 2612 1330 2676 Schnitzler der Wiener „Concordia“ folgendes
437 2647 1330 2735 Evidem: „Laßt Nachsicht walten, wenn ich auf
430 2709 1282 2769 Geheiß / Den Göttlichen nicht mitzufeiern weiß.
434 2741 1332 2842 In Tempel tret' ich gerne schweigend ein, und
476 2795 1269 2894 wenn Ihr mir's vergönnen wollt — allein.
1218 251 1646 346 box 42/2
2065 516 2672 590 Dr. Max Goldschmidt
2071 596 2679 684 Büro für Zeitungsausschnitte
2433 660 2840 733 Telefon: Norden 3051
1901 665 2158 739 BERLIN N4
2219 763 2519 829 Ausschnitt aus:
2029 818 2718 901 B.-Z. am Mittag, Berlin
2301 944 2731 1056 25. Feb. 1927
2035 1097 2813 1209 Schnitzler an Schönherr
2200 1190 2646 1287 Eigene Drahtung
2444 1272 2815 1348 Wien, 25. Februar
2032 1331 2840 1387 Karl Schönherr wurden zu seinem 60. Geburts¬
1991 1383 2840 1425 tag viele Glückwünsche, Blumenspenden und Ge¬
1991 1424 2836 1473 schenke dargebracht. Bundespräsident Dr. Hai¬
1991 1470 2840 1514 nisch gratulierte mit sehr herzlichen und ehren¬
1991 1508 2219 1559 den Worten.
2053 1539 2842 1599 Artur Schnitzler richtete an Schönherr
1994 1596 2836 1651 ein launiges Schreiben, in dem er erzählt: „Vor
1991 1642 2840 1690 ein paar Jahren fuhr ich nach Deutschland. Paß¬
1997 1687 2845 1729 visitation. Der Beamte, verständnis= und hoch¬
1994 1730 2840 1779 achtungsvoll: Ah! „Glaube und Heimat“! — Ich:
1991 1767 2842 1814 Leider nein. „Glaube und Heimat“ ist von
1991 1806 2840 1863 Schönherr. Ich heiße Artur Schnitzler. — Der
1994 1851 2840 1910 Beamte, etwas unmutig, dann wieder gefaßt:
1991 1902 2836 1978 Also doch! — Dies konnte ich freilich nicht leug¬
2367 2957 2803 3034 Gezeichnet von Dolbin.
2242 3014 2585 3098 Karl Schönherr
1979 3089 2833 3160 nen." Und eine zweite berichtet Schnitzler. Als
1984 3159 2827 3215 er vor einigen Wochen in Berlin war, kam der
1979 3199 2833 3258 Sekretär eines größeren Theaters zu ihm und bat
1979 3239 2831 3294 um Ueberlassung des „Reigen". Als er ihm ant¬
1988 3288 2833 3339 wortete, daß er ihm dieses Stück nicht geben
1981 3325 2833 3370 könne, dat der Sekretär, ihm „Volk in Not“ zu
1980 3368 2833 3436 überlassen. Und als er ihm antwortete, daß
1979 3409 2840 3454 dies Stück von Schönherr sei, meinte der Ge¬
1988 3451 2840 3511 kretär: „Nun, dann geben Sie mir ein anderes
1988 3501 2833 3548 Stück aus Ihrem Zyklus!“ Schnitzler fügt hinzu:
1985 3544 2831 3587 „Nachdem diese beiden wörtlich wahren Ge¬
1984 3587 2831 3641 schichten mehr zu Ihrer Biographie gehören,
1979 3625 2822 3681 lieber Freund, als zu meiner, fühle ich mich
1981 3668 2831 3741 angenehm verpflichtet, sie Ihnen mitzuteilen bei
1981 3708 2624 3768 Gelegenheit Ihres 60. Geburtstages.
2033 3737 2833 3800 Die Stadt Innsbruck teilt mit, daß eine
1975 3792 2833 3841 Straße der Landeshauptstadt Tirols nach Karl
1981 3836 2831 3893 Schönherr benannt werden wird, und Max
1981 3878 2837 3928 Liebermann drahtete namens der Preu¬
1980 3917 2836 3973 ßischen Akademie der verehrten Mitgliede¬
1981 3960 2234 4023 Glückwünsche.
