3436 4320
997 61 2175 132 Wien.) Der Gemeinderatsausschuß für allgemeine Verwaltung
868 82 962 136 un
878 108 2177 182 zahl hat beschlossen, den zwischen der Hohen Warte und der Heiligen¬
991 161 2175 221 städterstraße gelegenen Teil der Dionysius=Andrassy-Straße in
988 211 2175 278 Döbling in Gallmayergasse umzubenennen. Die Erläuterungstafel
873 218 957 281 un
994 258 2172 320 wird lauten: „Josefine Gallmeyer, 1838—1881, Schauspielerin,
868 269 957 328 ge=
994 305 2172 363 Wirkte als eine der bedeutendsten Volksschauspielerinnen am
870 316 955 376 der
992 350 2148 412 Strampfer=Theater, Theater an der Wien und am Carl-Theater.
988 394 2174 473 Der zwischen der Heiligenstädterstraße und der Gunoldstraße
878 408 960 471 ihren
986 447 2166 521 gelegene Teil der Dionysius=Andrassy-Straße wird in Geistinger¬
983 505 2172 563 gasse umbenannt. Dort wird die Erläuterungstafel lauten: „Marie
984 549 2172 605 Geistinger, 1833—1903, Schauspielerin und Operettensängerin.
986 587 2172 657 Sie gehörte durch ihre geniale Darstellungsgabe auf dem Gebiete
980 631 2172 723 der Operette wie des Dramas zu den besten Vertreterinnen öster¬
981 676 1449 758 reichischer Schauspielkunst.
1096 720 2169 818 (Der gewesene Erzherzog Max in London.)
980 796 2170 871 Aus London wird uns telegraphiert: Der gewesene Erzherzog
976 847 2170 909 Max Habsburg von Oesterreich weilte in den letzten Tagen hier
973 900 2166 962 unter dem Inkognito eines Grafen Wernsdorf. Angeblich
988 946 2169 1004 soll der Zweck seiner Reise hieher der gewesen sein, mit dem
973 991 2175 1047 Maharadscha von Patuala in Verbindung zu treten. Der
973 1033 2169 1101 Maharadscha war aber unmittelbar vor der Ankunft des gewesenen
967 1086 2172 1157 Erzherzogs nach Madrid abgereist. Gestern ist der Habsburgerprinz
965 1131 1352 1196 nach Paris abgereist.
1080 1184 2162 1246 (Eröffnung der Grabmalausstellung am Zentralfriedhof.)
967 1217 2167 1275 Gestern eröffnete Bundespräsident Dr. Hainisch die Grabmal¬
976 1272 2161 1318 ausstellung am Haupteingang des Zentralfriedhofes, die vom Verband
976 1307 2161 1359 österreichischer Bildhauer veranstaltet wurde. Verbandsobmann Bildhauer
973 1349 2162 1398 Stund begrüßte den erschienenen Gast und dankte Staat und Gemeinde
970 1380 2154 1438 für die bisher erwiesene werktätige Förderung. Der Bundespräsident
970 1427 2158 1475 erklärte mit dem Ausdruck seiner Anerkennung für dieses glückliche
968 1462 2154 1522 Beginnen der Wiener Bildhauerschaft die Ausstellung für eröffnet.
965 1496 2159 1557 Bürgermeister Seitz betonte, daß die Gemeinde auch weiterhin stets
968 1540 2158 1596 bereit sein werde, den Künstlern zu helfen, auf die Wien stolz sei. Die
962 1583 2158 1636 Gäste besichtigten hierauf die sehr geschmackvoll angelegte Ausstellung.
970 1611 2158 1675 Vor einer von Architekten Pollak=Hellwig entworfenen Halle sind die
962 1651 2159 1703 in echt künstlerischem Geiste gehaltenen Grabmale auf einer freien Rasen¬
973 1686 2154 1738 fläche sehr günstig verteilt. Ein besonderes Verdienst um das Zustande¬
962 1730 2151 1788 kommen der eigenartigen und eindrucksvollen Exposition erwarb sich
970 1761 1477 1825 Bildhauer C. A. Zinsler.
1076 1819 2151 1888 (Die Rede Painlevés im Penklub.) Wie wie
962 1867 2153 1940 berichteten, hielt Painley gelegentlich des Empfanges im Pen¬
955 1917 2151 1985 klub auf die Ansprache Felix Saltens eine längere Rede,
963 1962 2151 2027 deren Inhalt nunmehr im umfangreichen Wortlaut vorliegt und
959 2017 2154 2077 einige bedeutsame Details enthält, die es verdienen nachgetragen
965 2069 2150 2129 zu werden. „Ich habe“, führte Painlevé in Erinnerung an das
959 2117 2151 2172 Wien der Vorkriegszeit aus, „in meinem im Kulturbund gehaltenen
955 2161 2150 2229 Vortrag des Genies Hofmannshals bereits Erwähnung
962 2211 2151 2271 getan. Präsident Felix Salten, einer der interessantesten
959 2259 2146 2313 Schriftsteller, war der Führer jener Kritiker, die durch ihr groß¬
963 2300 2143 2366 zügiges Verständnis und die Streiflichter, die sie gleicherweise auf
962 2354 2148 2424 die Traditionen der Vergangenheit wie auf die Pfade der Zukunft
959 2400 2143 2463 warfen, der jungen literarischen Generation den Weg wiesen.
954 2446 2141 2519 Artur Schnitzler eröffnete jene lebendigen und tief¬
963 2492 2150 2558 schürfenden psychologischen Untersuchungen, jene innere Kine¬
955 2551 2141 2603 matographie, die in die Kunst des Theaters und des Romans, ja
959 2588 2138 2651 selbst bis in die Psychiatrie eine Umwälzung hineintrug, die nur jener
949 2635 2138 2697 vergleichbar ist, die wir Ibsen verdanken. In den Wissen¬
962 2680 2138 2742 schaften schritt Bolzmann der neuen Bewegung revolutio¬
959 2735 2138 2800 nierender mathematischer und physikalischer Grundsätze voran.
947 2777 2138 2856 Emil Zuckerkandl zeichnete den Atlas der menschlichen
952 2824 2138 2890 Histologie. Im Reiche der Töne übte Gustav Mahler in der
949 2872 2137 2940 Oper jenen genialen Despotismus aus, der unvergeßliche Tradi¬
941 2932 2143 2994 tionen schaffen sollte. Seither hat sich eine europäische Katastrophe
942 2979 2138 3032 zugetragen. Unsere Generationen haben Ungeheures vernichtet.
947 3023 2138 3089 Nicht bloß materielle Güter und Menschenleben. Auch im
942 3065 2130 3131 moralischen Leben hat der Krieg die Einheitlichkeit intelle¬
947 3113 2129 3195 tueller und künstlerischer Zielstrebungen zerstört. Eine Ein¬
942 3169 2137 3232 heitlichkeit, die der Beginn des 19. Jahrhunderts noch
942 3207 2129 3269 kannte, wenn sie auch bereits an der allzu imperia¬
946 3258 2135 3321 listischen Einstellung des Nationalismus litt. Ein tiefes
941 3299 2130 3378 Unbehagen, eine Seelenzerrüttung aller und jedes Einzelnen.
942 3350 2130 3418 Und sicherlich gab einer der Ihren dieser Stimmung den
938 3400 2127 3470 erschütterndsten Ausdruck, einer der größten unter den lebenden
938 3453 2127 3523 Dichtern, nicht nur der deutschen, sondern aller Sprachen: Franz
931 3508 2127 3573 Werfel. In ergreifender Weise entwirft er das Bild des mehr
871 3539 2130 3615 en denn je zwischen Vätern und Söhnen bestehenden Antagonista,
941 3600 2124 3658 aus dem die Gefahr eines schwierigen und durchaus notwendigen
939 3644 2120 3712 vermittelnden Ueberganges entspringt, den zu erleichtern die Auf¬
920 3675 2130 3783 gabe unserer Generation ist. Das Verschwinden einer
1247 3952 1507 4122 .
