3392 4320
341 266 1030 386 Miscellaneous
1202 266 1625 382 box 42/4
363 958 1307 1037 Die republikanischen Blätter des Westens sind da¬
1471 1003 1606 1093 an
303 1007 1430 1086 rüstet, daß die Industrie einen weitgehenden Schutz erhält,
1475 1041 1872 1131 die Oberhano,
288 1074 1426 1131 während den Landwirten jegliche Hilfe verweigert werde
1468 1089 2063 1191 größerem Nutzen sind.
300 1119 1430 1176 Sie drohen mit einer Revolte der Landwirtschaf¬
296 1172 1426 1228 treibenden Bevölkerung, wenn die Lebens¬
1561 1157 2606 1243 Und noch eins: Industrielle und Finanzleute haben die
2636 1161 3119 1254 tionen in Form von
288 1217 1426 1277 haltung durch weitere Tariferhöhungen noch mehr ver¬
1468 1224 2606 1288 hohen Zölle durchgesetzt, weil sie besser organisiert waren
2636 1209 3328 1284 barmachung der Wasserkräfte nu.
292 1265 741 1340 teuert werden sollte.
2647 1277 3336 1337 Verdienstmöglichkeiten für die Masse¬
1471 1280 2598 1337 als die Agrarier, denen aber mit niedrigeren Zöllen geholfen
2647 1329 3339 1393 lichen Gefahren der ersten Jahre be
1464 1329 2609 1393 wäre Es ist die bessere Organisation, welche auch
2639 1366 3336 1434 Kommission hätte nach dem Muste
1460 1363 2411 1430 in Zukunft den Abbau der Zölle herbeiführen wird.
296 1464 1423 1520 Schnitzler beisammen. Nur der enge Kreis von Freunden
2639 1471 3306 1542 gewühlte Scholle des Alltags. Oh,
1460 1471 2591 1527 legte er ab, wie man Masken, einst zum Karnevalsscher
303 1512 1423 1561 Doch bei dem Worte Freund stocke ich schon. Denn Richard
2636 1505 3306 1565 nur einer. Alle Strömungen, alle
1464 1527 2602 1576 vorgebunden, wegwirft, wenn der wirkliche Ernst beginnt.
300 1561 1430 1614 Beer=Hofmann hat ja einmal gesagt: „Freunde? Wir
2643 1557 3317 1636 sprüche, alle zu erkämpfenden Ziele,
1471 1569 2598 1632 Er war lange schon berühmt, als er, kaum zwanzigjährig,
296 1602 1434 1655 machen einander nur nicht nervös." Ich glaube, er täuschte
2643 1606 3321 1666 zu Form noch zu Gestalt in seinen
1464 1617 2594 1681 Dragonerfreiwilliger wurde. Er wurde das mit Begeisterung,
296 1655 1426 1711 sich, sowohl mit dem Nervösmachen, wie mit seinem Zweifel
2647 1658 3317 1711 Er kannte zugleich wie kein anderer
1460 1662 2598 1718 in die sich wieder ein Quentchen Snobbismus mengte. Nie¬
300 1692 1426 1748 an der Freundschaft. Aber, vielleicht ... vielleicht hatte er
2639 1696 3332 1756 das historisch Gewordene und Gewach
1464 1715 2602 1767 mals hat er von der Schule, niemals von den
292 1741 1430 1801 trotzdem Recht. Eine geistige Zuneigung hat uns jedenfalls
2636 1745 3328 1804 war er mit allen großen, interessan
1464 1748 2594 1808 Universitätsstudien gesprochen. Aber so ausführlich, wie er
300 1782 1426 1846 ulle miteinander verbunden. Von jenen Anfängen her bis
2639 1793 3313 1846 Geschichte vertraut, mit den ganzen
1456 1804 2598 1872 vorher das symbolische Rituale der Messe, die Großartigkeit
288 1834 1430 1913 auf den heutigen Tag. Hugo v. Hofmannsthal ist der erste
2639 1838 3328 1894 Menschen, mit den tugendreichen un
1464 1849 2594 1906 der Sakramente geschildert hatte, so ausführlich erzählte er
288 1883 1426 1943 von uns, der ins ewige Dunkel sinkt, wie er der erste war,
2636 1883 3328 1939 so nah vertraut, so heimisch in ihre
1464 1898 2594 1962 nun vom Dienst, von der Armee, vom Kameradschaftsgeist
2643 1924 3332 1999 sie Menschen unserer Tage. Wie kei¬
288 1924 801 2010 der zum Licht emporstieg.
1464 1950 2591 2003 des Offizierskorps. Wir waren nicht gerade militärisch ge¬
378 1939 1426 2025 Wenn diese Zusammenkünfte für Sonntag vormittag
2639 1969 3328 2029 turen aller Zeiten und aller Länd
1471 1995 2594 2052 sinnt. Doch wie wir ein paar Jahre vorher von dem poetisch
2639 2025 3328 2078 anderer beherrschte er die großen
288 2010 1426 2078 vereinbart wurden, erklärte er fast regelmäßig: „Aber erst
1464 2044 2587 2100 entflammten Knaben hingerissen waren, dem die magische
2643 2070 3332 2134 gangenheit und der Gegenwart. Er
303 2063 1423 2134 gehe ich zur Mess." Noch habe ich den Klang seiner
1468 2089 2587 2149 Schönheit der katholischen Kirche wunderbar erblühte
2632 2111 3324 2164 mit Plato in griechischer Sprache,
292 2111 1430 2171 Stimme im Ohr, mit der er das sagte. Eine helle Stimme
1471 2130 2591 2194 fühlten wir uns jetzt von dem Dichter=Jüngling bezwungen,
2632 2153 3321 2209 unterhalten, wie er in London dur¬
288 2164 1426 2216 war es, in der ein Krähen könte und ein Trompeten, Hoch¬
1464 2179 2594 2239 der die heroische Tradition, die einigende Kraft und das
2632 2201 3302 2257 lisch verblüffte, in Paris durch sein
288 2201 1430 2272 mut sprühte aus dieser Stimme, jener österreichische
1471 2228 2591 2291 stolze Herrentum der österreichischen Armee als ein hohes
2632 2243 3306 2302 und in Rom durch sein klassisches
288 2257 1426 2310 Aristokratenhochmut, der sich hinter lächelnder Einfachheit
1464 2272 2587 2336 Gu: so stark empfand. Er befand sich nach seiner Geburt
2636 2295 3324 2362 regte. Er hat mit seinen ersten Dich
288 2306 1426 2362 verbergen will und doch so deutlich bemerkbar bleibt. In
1460 2329 2591 2385 wie nach seinem Blut in einer besonderen Stellung. Hugo
2636 2344 3309 2396 Traditionen angeknüpft, denen er
288 2351 1426 2407 dieser Stimme schwang ein elastischer, aber stählern harter
1464 2366 2594 2422 v. Hofmannsthal. Als Stämmling früh geadelter In¬
2632 2381 3294 2456 wurzelt war und verwurzelt blieb,
292 2392 1423 2456 Wille. Er unterstrich ganz wenig, nur so viel, als nötig war
1464 2422 2591 2482 dustrieller und urwüchsig katholischer Wiener Patrizier, so
2632 2430 3321 2490 Reim und Rhythmus seiner und
292 2437 1430 2501 um es hörbar zu machen, nur so viel, als seine eigene
1475 2463 2583 2520 stand er, gerade um die Zeit der dümmsten rassentheoreti¬
2639 2475 3321 2531 Goethe erinnert und war dennoch,
292 2490 1430 2557 gebändigte Lust daran es verlangte, unterstrich er, daß er
1475 2508 2594 2564 sierenden Gehässigkeit, an einer haarscharfen Grenzlinie.
2636 2523 3317 2576 ganz und gar ein Eigener. Denn das
288 2535 1419 2598 „zur Messe ging". Mit den anderen Schülern seiner Klasse
1468 2561 2587 2617 Sie bedeutete gar nichts für den, der sich zur Masse
2636 2568 3306 2628 hatte er erworben. Also besaß er es
288 2591 1426 2643 nach der Vorschrift von damals. Er legte Wert darauf, und
1464 2606 2587 2658 kehrte, ins Breite, nach unten. Diese Position an der
2624 2617 3313 2681 wohnte mit dem Helden seiner er¬
285 2628 1423 2688 es war ein bißchen Snobbismus dabei, daß er solchen Wer¬
1464 2658 2591 2718 gesellschaftlichen Grenzlinie wurde aber dem Mann ge¬
2632 2654 3321 2722 zu Imola in einem Schloß. Er hat
292 2681 1430 2740 darauf legte. Er verstand es so ausgezeichnet, mitten in der
1475 2696 2579 2759 fährlich, der nach oben strebte. Gesellschaftlich nach oben. Und
2636 2707 3306 2763 gewohnt. Er war mit seinem Tor in
300 2725 1419 2789 heißesten geistigen Gemeinschaft kühle persönliche Distanz
1464 2752 2583 2804 Hofmannsthal drängte nach oben. Er wurde nach oben
2628 2752 3321 2808 des Wienerwaldes einsamen Patri
311 2770 1430 2838 zu halten. Es gab damals gar keine und auch später nur
1464 2793 2583 2868 getrieben, gejagt, gehetzt. Von einer leidenschaftlichen
2632 2797 3313 2868 hat zeitlos in dem Fürstenschloß sein
303 2819 1426 2879 sehr selten, nur ganz wenige und ganz flüchtige Möglichkeit
1460 2845 2583 2905 Energie, von seinem glühenden Ehrgeiz, von dem, was wie
2628 2845 3302 2913 die kostbarsten Güter aller Zeiten
303 2871 1423 2924 zu Gesprächen über private Dinge. Er hatte als Knabe
1464 2894 1853 2961 Snobbismus aussah.
2624 2886 3317 2958 klärlich, daß sein Schönheitsdurst,
303 2920 1423 2969 schon, hatte nachher als junger Mann die Alliren eines
2624 2931 3313 2999 Harmonie ihn zu den Menschen zu
1565 2913 2591 2991 Längst weiß ich, daß es bei diesem herrlichen Menschen
303 2961 1423 3025 Prinzen. Er hatte diese wahrhaft königliche Art, Gespräch
2624 2976 3306 3040 Gemächern lebten. Erklärlich, wenn
1468 2980 2587 3036 kein Snobbismus gewesen ist. Mindestens keiner in einem
300 3014 1423 3066 und Umgang zu beherrschen, zu regulieren, bis zuletzt bei¬
2624 3032 3294 3089 wie der Schwung seiner Phantasie
1464 3032 2587 3081 niedrigen, alltäglichen Sinn. Er trat ja auch in einer Epoche
288 3062 1363 3115 behalten. Und erweckte damit oft den Glauben, er
2624 3074 3298 3126 den Glauben trieb, das Geschick
1471 3074 2579 3130 hervor, die vom konsequenten, sozial gefärbten Naturalis
288 3107 1426 3160 herzenskalt. Nur in Briefen wurde er warm, wurde er
2624 3122 3294 3190 von oben her zu überschauen und zu
1471 3126 2583 3182 mus beherrscht wurde. Nach einer umfänglichen Pause
300 3152 1426 3216 herzlich. Dann, als seine Kinder und mit ihnen, wie das
1464 3163 2583 3220 während welcher armselige Epigonen ihre Röllchen spielten,
2714 3171 3313 3238 Jetzt werden seine unsterbliche
296 3197 1426 3261 immer ist, seine Sorgen herangewachsen waren, schloß er
1464 3212 2583 3272 hatten neue, führende Männer mit allen Ueberlieferungen
2617 3205 3306 3280 wach, die keiner vergessen wird, de
292 3250 872 3328 hie und da sein Inneres auf.
1468 3265 2587 3317 gebrochen, um diese gründlich veränderte Gegenwart, die
2617 3261 3306 3324 wachen auf und sangen sich übe
386 3272 1310 3366 Es kam die Zeit, da er zur Universität ging.
1464 3306 2576 3362 noch größeren Veränderungen entgegenatmete, dichterisch
2624 3309 3306 3366 Sommertag sehe ich vor mir, der da
296 3328 1426 3403 frühen Decknamen, Loris und Theophil Morren, die den
1471 3358 2583 3399 zu gestalten. Hofmannsthal fand sich auch hier auf einer
2624 3358 3313 3414 und Ungewitter löste. Wir saßen beid
303 3377 3306 3485 Gymnasiasten vor professionalen Strafen geschützt hatten, haarscharf gezogenen Grenzlinie. Er betrat nicht die auf¬
