3344 4320
614 101 1695 171 they have made life to short, remarked Arthur
420 150 1300 232 Schnitzler, the great Austrian playwright.
520 203 1696 262 Although Schnitzler has advanced several steps over the
420 262 1698 344 threshold of his six decade, neither his bronze face nor his
428 321 1698 387 eager eyes eyes that have looked deeply into the heart of
427 371 929 443 woman-betray his age.
526 419 1699 499 Life," said the playright, whose fame, more enduring
428 484 1695 553 than the empire of Francis Joseph, has outlived a world War,
150 534 345 609 War¬
427 540 1698 600 would be too hort, even if we were all Steinached or if
134 585 329 665 panying
417 585 1695 670 Shaw Creative Evolution prolonged our span by several
137 644 325 715 ein em¬
427 647 652 724 centuries."
137 692 240 758 ress.
513 684 1516 774 Do you want to live as long as Methusalem:
552 734 1696 833 What, Schnitzler exclaimed shrugging his shoulders,
435 804 1426 865 are a thousand years, compared with eternity!
540 843 1685 913 Do you think mankind will be able to correct the error
414 891 1696 951 of Providence in making human life so brief? Do you believe
427 943 1696 1014 that your compatriot, Steinach, is on the road to discover the
420 988 795 1058 Elixir of Youth
695 1079 1408 1148 The Mysteries of the Soul
516 1183 1695 1263 Schnitzler is not only a poet. He is also a student of
411 1226 622 1303 medicine.
528 1249 1688 1343 Steinach, Schnitzler replied, is moving undoubtedly
411 1325 1688 1378 in the right direction. He is on the threshold of the work¬
411 1375 1691 1431 shop where the World Spirit weaves the wool of life. The
408 1421 1688 1479 wonder world of our internal secretions holds the key to the
411 1464 763 1543 riddle of all life.
528 1487 1685 1573 In that world, we must be prepared for surprises.
411 1564 1688 1620 Columbus, seeking a new way to the East Indies, discovered
403 1612 1685 1667 America. Steinach, in search of rejuvenation, may have
408 1658 1309 1714 stumbled upon an extraordinary discovery.
528 1679 1682 1754 The Steinach operatio seems to be deterrent of can¬
403 1751 1672 1807 cer. It would be cruel to hold out hopes that may be illusory
96 1770 329 1858 lot of an
403 1799 1682 1853 until we have before us the authentic records of a thousand
110 1827 329 1909 by the
404 1847 1682 1898 cases. Nevertheless, it seems to me that it would be advisable
403 1891 1680 1949 to try the Steinach operation in all hopeless cases where the
120 1891 318 1968 of cotton
400 1938 1679 1994 slight surgical interference involved can do no possible harm.
520 1986 1677 2046 I am, as you see, interested in the mysteries of the body.
1065 2030 1671 2104 I am even more interested in
1071 2082 1677 2146 the mysteries of the soul.
1071 2118 1672 2177 Even if we solve all the
1065 2174 1671 2240 secrets of our physical func¬
1065 2217 1675 2273 tions, the secret of life will
1065 2264 1671 2320 elude us still. We can dissect
1065 2315 1667 2374 the optic nerve. We can re¬
1065 2368 1672 2417 produce the mechanism of the
1068 2408 1671 2467 human eye. But this does not
1068 2446 1652 2520 explain the miracle of sight.
1188 2545 1548 2624 Riddle of Life
1122 2651 1672 2721 Even if we guessed all
1062 2711 1671 2788 the riddles of the universe to¬
1062 2764 1664 2830 day, other riddles would face
1062 2815 1677 2900 us tomorrow. Life always
1060 2881 1669 2948 create new wonder. Every¬
1062 2929 1661 2999 thing changes. Every hour
1065 2975 1634 3050 gives birth to a new world.
1126 3026 1664 3087 Boredom is an affecta¬
1068 3060 1666 3135 tion, when it is not a disease.
1110 3122 1661 3177 am sometimes bored by
1062 3169 1661 3236 others. I am ever bored
1065 3217 1416 3279 when I am alone
165 3247 972 3306 fliers, all but one of whom Capt.
1119 3253 1640 3329 I would not be bored,
365 3306 975 3372 Left to right they are: Lt.
150 3306 329 3365 pursuits.
1065 3305 1520 3370 Schnitzler continue,
1065 3351 1663 3409 were the last man alive in the
152 3353 969 3412 well Smith and St. John Harding, J.
1054 3402 1664 3453 icy solitude of the North Pole.
392 3447 1640 3503 One can always think. Thinking is the healthiest exercise.
107 3442 326 3525 opment for
496 3498 1351 3576 Is that how you keep of young
489 3544 1658 3616 I always write at least two plays at the same time.
98 3548 336 3629 substantial
403 3599 1666 3687 When my mind grows a little tired of one I turn to the other.
98 3613 328 3687 ovided for
400 3671 1648 3727 and as a matter of mental gymnasties I always read severa
145 3668 328 3738 properly
404 3722 1661 3783 books simultaneously. I dip into one, now into the other, to
93 3717 328 3797 commercial
392 3775 868 3839 keep my brain fresh.
496 3802 1661 3877 To the world at large Schnitzler is the dramatist of
93 3808 328 3890 tions that
396 3858 1647 3919 love. His chronicles of amorous dalliance from "Anatol¬
94 3864 334 3943 there are a
388 3896 1666 3978 to sanova Hoecoming proclaim him one of
1877 1316 2053 1393 Geone
1893 1378 2059 1458 Kiele
2737 1413 2830 1501 .
1839 1517 2980 1583 NEW and striking portrait study of Arthur Schnitz¬
1837 1573 2996 1631 ler, the celebrated Austrian playright and philoso¬
1768 1629 2999 1701 pher, drawn by George Kienzle, of the Sunday American
1767 1667 1998 1733 Art Staff,
2400 1762 3023 1829 ments, held grand fetes drove a
1739 1759 2345 1829 the most astute interpreters
2406 1815 3020 1871 carriage with six horses and main¬
1743 1819 2345 1887 of feminine psychology in
2403 1845 3033 1903 tainen the ceremonial of a gre¬
1743 1866 2342 1928 the world of the theatre.
2400 1888 3028 1954 court. He remained every in a
1752 1911 2339 1965 With a skill no less amaz-
2400 1920 2851 1970 king even in St. Helena.
2436 1938 2946 2021 "You are not a monarchist
1739 1958 2345 2018 ing he makes a human heart
2433 2000 3017 2050 on neither a monarchiet no¬
1739 2005 2259 2080 tick for us in his novels.
2397 2046 3020 2090 a republican. I am interested in
2400 2078 3017 2130 human phenomena. I am inter¬
2400 2118 3022 2165 ested in Napoleon because he is
1789 2106 2299 2184 Freude Psychic Twin
2400 2152 3025 2219 the most perfect examplar of the
2406 2195 2820 2245 exceptional individual."
1779 2209 2345 2267 "We Americans," I remarked,
2430 2229 2978 2304 "What," I ventured, are yo
1739 2251 2349 2310 look upon you as the master in¬
2400 2257 2673 2326 pet aversions?"
2425 2288 3017 2358 "My pet aversions," came
1728 2301 2352 2358 terpreter of modern eroticism, to
2398 2328 3007 2398 Schnitzlers reply with the prompt¬
1738 2347 2341 2414 whom woman's soul is a stringed
2397 2376 3010 2427 ness of three shot from a ma¬
1728 2389 2267 2444 Instrument on which he playa.
2397 2425 3015 2475 chine gun, are Wilson, Poincar¬
1762 2422 2345 2499 "You flatter me." Schnitzler said
2393 2457 3001 2504 and Lenin. These men were three
1731 2470 2342 2529 with a smile, and you do me an
2397 2497 3006 2566 great minfortunes, finsters, cata¬
1725 2512 2347 2576 injustice. I deal with all problema.
2397 2531 2819 2590 trophes, for the world."
1722 2558 2333 2612 cannot ignore love, the main
2444 2553 3006 2651 You do not include Clemen¬
1731 2595 2345 2636 spring of all human actions. But
2395 2587 2515 2646 ceau?
1728 2628 2339 2675 I am not an erotic author, I am
2430 2622 3002 2695 No. Clemenceau was only
1728 2672 2336 2711 far more interested in social prob¬
2393 2673 3010 2739 minoris fortune. But Len
1728 2708 2342 2772 lems and in the probleme of the
2395 2723 3002 2775 stands for the dissolution of evi¬
1731 2743 2162 2803 family than in erotesam.
2397 2751 3009 2814 lization. Wilson destroyed al¬
1770 2766 2336 2831 Most people seem to ignore my
2395 2791 3007 2854 lam, his failure made de con¬
1725 2815 2318 2870 unique achievement of writing a
2392 2828 3010 2884 temptible. Policare represents the
1722 2857 2333 2905 entire play in which there is not a
2395 2879 3007 2934 unbending legal mind which in all
1725 2894 2333 2940 female character, I refer to my
2392 2907 3007 2990 ges has been the band of huma¬
1735 2926 2333 2982 Dr. Bernhard, which deals pri¬
2385 2943 2472 2994 ity."
1728 2970 2339 3017 marily with the problem of medi¬
2421 2978 3004 3041 "Are you not, perhaps, a little
1722 3009 1899 3062 cal ethics
2392 3009 3009 3098 too severe on Wilson? His am
1770 3025 2339 3092 In some respects I am the
2393 3060 2585 3122 was high."
1728 3073 2334 3127 double of Professor Freud. Freud
1722 3119 2333 3167 himself once called me his pay¬
1728 3162 2336 3207 tin. I tread in literature the me
2435 3143 2958 3231 Wilson an Ignoramus
1722 3196 2344 3242 path which Freud explores with
1725 3226 2246 3276 amazing audacity in science."
2424 3253 3002 3319 Wilson.“ Schnitzler remarked,
1773 3268 2339 3311 Do you accept the tenets of the
1719 3303 2329 3364 Behavioris, who deny completely
2385 3309 3006 3369 getting up excitedly from the table,
1722 3338 2154 3394 the freedom of the will?
2392 3351 3002 3420 was an ignoramus. Ignorance, too
1767 3361 2341 3426 "How can anyone doubt the
2387 3396 2996 3460 is a sin. In spite of his profes¬
1725 3420 2333 3471 potency of who nad the
2385 3450 3009 3509 sions as the arbiter of the world,
1725 3458 2336 3504 story of Napoleon Napoleon
2385 3488 3002 3554 he did not have the most element¬
1728 3495 2336 3538 willed to be a ruler Arduously he
1728 3536 2334 3581 prepared himself to ale task.
2382 3536 3006 3596 ay notions of geography. He
1728 3572 2329 3616 He actually engaged a great actor,
2385 3586 2996 3637 know less of European geography
1731 3604 2329 3655 Talma, for the purpose of len¬
2389 3629 3002 3696 and history than any Austrian
1728 3648 2329 3693 ing the real manner of walking.
2392 3668 2564 3727 schoolby.
1731 3687 2329 3728 He needed to such von Napo-
2421 3685 3001 3754 was given incredible instances
1722 3722 2333 3765 leon would have been a ruler even
2389 3739 3002 3792 of Wilson's ignorance by a mem¬
1731 3760 2333 3807 there had been no French
2387 3784 2998 3835 ber of the American Mission in
1722 3797 1928 3850 Revolution.
2387 3823 2996 3871 Vienna. The entire leuce Trenty,
1762 3829 2333 3887 When Bonaparte lost his om¬
2384 3856 2986 3919 especially his treatment of my
1722 3871 2329 3920 pire and lived in Elbe, he still ruled
1728 3912 2334 3978 ke an empero, made improve¬
2452 3899 2940 3981 Continued on Next Page.
