3344 4320
126 133 1004 288 respondants dans toutes les grandes villes
813 245 961 342 BER
115 270 497 396 fit du Journal
119 381 205 457 se:
500 399 946 504 29.AVR. 1927
705 569 1666 644 hengenommen werden, wende man sich direkt an die expedition
1180 659 3088 752 hältnisse, da dabei ja auch alle möglichen mit der recht einseitigen Gesichtspunkten leiten lassen
1173 738 3081 792 Eheschließung in Verbindung stehenden Fragen könne. Auch wird behauptet — wohl nur zum
327 716 1036 803 Oesterreichische Chronik
1170 781 3088 842 des Erbrechts, der Alimentation, der Pensions=Teil mit Recht — daß der unmittelbare Anlaß
655 795 1123 857 L. Wien, 25. April.
1180 828 2062 889 ansprüche — nicht zu vergessen die Kinder.
2148 828 3084 882 zu dieser Bewegung in Darbietungen liege, über
241 849 2127 921 Der österreichische Bundeskanzler Dr. Seipel berührt werden. Die Komplikation wurde um
2148 874 3088 925 die man sehr geteilter Ansicht sein könne, im
205 892 1148 957 eilt zum Kurgebrauch in Karlsbad. Das be¬
1188 907 2123 961 so größer, als die Rechtsprechung doch nicht ein
2148 910 3091 964 Auftreten der Negertänzerin Josephine Baker
212 939 1155 993 deutet einen Stillstand in der Behandlung der
1180 957 3106 1018 heitlich war, trotz allem immer mehr Dispens= und vielleicht sogar in der Jazzoper „Jonny
209 986 1159 1040 großen politischen Fragen. Aber der Streit der
1184 997 2372 1051 ehen geschlossen wurden und viele unangefochten spielt auf!“
205 1022 1159 1083 Meinungen über die vielen den Oesterreicher
1180 1040 2134 1098 blieben. Es wurde, in erster Linie von namhaf¬
2184 1022 3099 1116 Gewichtiger als diese letztern Gegenargumente
209 1076 1159 1144 unausgesetzt beschäftigenden ungelösten Pro¬
1184 1087 3088 1137 ten Juristen, ein Eherechtsreformverein gegrün=scheint aber der einmütige Protest des
212 1116 1162 1166 bleme geht auch in diesen Tagen weiter. Im
1180 1126 2123 1180 det, eine Eherechtsenquete veranstaltet, aber da
2148 1126 3088 1188 Schrifttums zu sein. Die gesamte österrei¬
212 1162 2123 1224 Vordergrund des Interesses steht augenblicklich mit vermochte man dem Chaos natürlich in kei¬
2148 1180 3091 1231 chische Schriftstellerschaft hat sich sehr scharf gegen
202 1206 2120 1270 wieder eine Frage, über die sich ungezählte seit ner Weise abzuhelfen. Da schien eine Klärung
2148 1224 3088 1274 das Gesetz ausgesprochen. Die führenden Män¬
209 1252 3102 1310 Jahr und Tag den Kopf zerbrechen, ohne daß sie einzutreten, als schließlich der Verfassungs=ner der Literatur erklärten einmütig, daß sie ge¬
194 1296 1148 1342 einer Lösung nähergekommen wäre: eine Ent
1173 1303 2123 1357 gerichtshof, die höchste Rechtsinstanz zum
2148 1303 3099 1364 willt seien, jeden Kampf gegen die Gefährdung
205 1328 2127 1396 scheidung des Obersten Gerichtshofes hat die Dis-Schutze der Staatsverfassung, mit der brennen¬
2148 1353 3091 1400 der Jugend durch Schmutz= und Schundschriften
202 1378 2123 1440 kussion über die Dispensehe wieder laut werden den Frage befaßt wurde. Dieser sprach nicht
2148 1393 3088 1447 ihre nachdrücklichste Unterstützung zu leihen, daß
209 1418 3088 1490 lassen, ein Problem, das eigentlich ins Gebiet mehr und nicht weniger als die Rechtsgül- man aber der bedenkenlosen Aufreizung unlau¬
202 1457 1155 1540 des Rechts gehört, aber doch ein Politikum ersten
1173 1479 3091 1537 tigkeit der Dispensehe aus, indem er judi¬ terer Triebe und der Vergiftung des guten Ge¬
205 1504 569 1562 Ordnung darstellt
1180 1522 3095 1576 zierte, die Gerichte seien nicht berechtigt, bin schmacks auf die in Aussicht genommene Weise
245 1526 1159 1605 Das bürgerliche Gesetzbuch des alten Oester¬
1180 1562 2123 1619 dende Akte der Verwaltungsbehörden auf ihre
2148 1573 3091 1619 nicht beikommen könne. Wolle man aber letzte¬
202 1573 2116 1659 reich, das auch heute noch in Geltung ist, sta¬ Gültigkeit zu untersuchen, d. h. im praktischen
2148 1616 3088 1663 res erreichen, so müsse man erst mit den Schrift¬
202 1637 1152 1695 tuiert bekanntlich die Unauflösbarkeit der katho¬
1184 1648 2127 1706 Fall: sie seien nicht befugt, das von den Ver¬
2156 1655 3095 1713 stellern eingehend zu Rate gehen. Es sei schlech¬
202 1681 1152 1735 lischen Ehe, d. h. die Unmöglichkeit der Wieder¬
1177 1699 3088 1756 waltungsbehörden durch Dispens beseitigte Hinterdings unmöglich, in die Domänen der Litera¬
198 1738 3088 1821 verehelichung von Katholiken. In der Republik dernis des bestehenden Ehebandes neuerdings tur und Kunst gesetzgeberisch einzugreifen, ohne
205 1774 1155 1828 wurde sehr bald der Wunsch laut, diese arge
1173 1781 1547 1853 geltend zu machen.
2134 1781 3088 1843 deren berufenen Vertreter gehört zu haben. In
202 1817 1159 1875 Härte zu beseitigen, an Stelle der Konkordatsche
1220 1799 3088 1882 Aber auch dieser verfassungsrechtlich ganz ein= der Versammlung, in der diese Anschauungen
202 1857 2123 1925 die Zivilehe treten zu lassen und es auch Ka=deutigen Entscheidung folgten seitens einzelnen
2148 1875 3088 1951 ihren Ausdruck fanden, ging es recht lebhaft,
202 1904 1152 1954 tholiken zu ermöglichen, nicht nur von Tisch und
1177 1915 3088 1969 Gerichtssenate wieder gegensätzliche Urteile, und Ein sehr bedeutender Schriftsteller nannte des
202 1951 1144 2005 Bett geschieden, sondern auch „dem Bande nach
1180 1954 3091 2015 so sah man denn mit Spannung einem unge¬ Entwurf ein „Attentat gegen den Gest, in
202 1997 3091 2058 getrennt zu werden. Diese Strömung wurde um kündigten Judikat des Obersten Gerichtshofes ent= anderer erklärte, die Kunst lasse sich weder regle¬
202 2037 1152 2091 so stärker, als die Kriegs= und Nachkriegszeit
1177 2051 3091 2105 gegen. Dieses liegt seit heute vor — und steigert mentieren noch domestigieren, Arthur Schnitzler
256 2091 2757 2148 nicht nur in Oesterreich — eine Ehenot gezei= das Chaos ins Unendliche, indem es dem Urteil schrieb, das Ganze sei zwecklos.
202 2120 1152 2199 tigt hat, die Zehntausende Familien in unleid¬
1173 2134 2123 2184 der andern höchsten Justizinstanz direkt zu¬
2184 2112 3106 2217 Der Niederschlag dieser Gegenaktion wird sich
202 2159 651 2231 liche Zustände stürzte.
1170 2184 2530 2238 widerläuft. Der Oberste Gerichtshof er= bald zeigen müssen.
238 2177 1152 2267 Der einfachste Weg, auf dem man zu einer
1173 2224 2123 2282 klärt mit dürren Worten, daß die Nachsicht vom
194 2253 2123 2318 grundsätzlichen Aenderung hätte gelangen kön= Hindernisses des Ehebandes keine geeignete
202 2310 2123 2361 nen, der gesetzgeberische, erwies sich — aus politi¬ Grundlage zum Eingehen einer neuen Ehe
202 2343 2112 2411 schen Gründen — leider als ungangbar. Und so darstelle. Das soll zwar nur eine „Richtschnur
198 2390 1148 2440 kam man denn in Wien auf den Gedanken, die
1184 2404 2120 2454 sein, und der Oberste Gerichtshof will es dem
202 2433 2123 2498 schon früher gelegentlich bewilligte Dispensehe Verfassungsgerichtshof überlassen, in jedem ein¬
202 2487 2116 2537 auf breiter Basis einzuführen, eine Ehe, die sich zelnen Fall doch die Ehegültigkeit auszusprechen
202 2523 2127 2584 auf eine durch die Verwaltungsbehör- aber es ist einleuchtend, daß die Dinge sich durch
202 2562 1144 2616 den erteilte „Nachsicht vom Ehehindernis de¬
1170 2573 2120 2627 dieses Judikat noch unendlich schwieriger gestal¬
198 2605 2120 2674 Bandes“. Solche Ehen sind seither von etwa tet haben. Und so ertönt denn lauter als je der
198 2652 2120 2717 50,000 Menschen eingegangen worden, die aber Schrei nach dem Parlament, nach der endlichen
198 2695 1148 2767 bis heute nicht wissen, ob ihre Ehe eigentlich zu
1170 2706 2112 2785 Revision der mehr als überlebten Gesetzesbe
202 2742 673 2789 Recht besteht oder nicht.
1170 2746 1411 2803 stimmungen
238 2757 1141 2836 Die Dispensehe — man nannte sie geraum
1206 2764 2109 2854 Ob dieser Ruf so bald Gehör finden wird, läß
205 2814 2112 2890 Zeit nach ihrem eifrigsten Verfechter, dem Lan= sich kaum sagen. Dagegen wird im Nationalrat
187 2868 2120 2933 deshauptmann Sever, „Severehen“ — wurden in der nächsten Zeit viel über eine andere
194 2922 2120 2980 nämlich sehr bald mannigfach angefochten. Man Rechtsfrage gesprochen werden, über den Gesetz¬
202 2962 2123 3016 erklärte auf Seite der grundsätzlichen Gegner, entwurf gegen Schmutz und Schund.
191 3001 1144 3059 die Dispens bedeute in Wahrheit keine gültige
1170 3012 2112 3063 Auch darüber sind die Ansichten einstweilen noch
194 3052 2120 3109 Beseitigung des im bürgerlichen Gesetzbuch ver= sehr geteilt. Unzweifelhaft steht fest, daß die
194 3091 1137 3145 ankerten Hindernisses des bestehenden Eheban
1170 3106 2123 3160 Lockerung der Sitten, die als traurige Kriegs¬
187 3135 2127 3196 des, und die auf Grund der Ermächtigung durch folge in breiten Schichten eingetreten ist, sich auf
194 3181 2120 3239 Verwaltungsbehörden eingegangene neue Ehe sei dem Gebiet einer gewissen „literarischen“ und
191 3232 1144 3286 als Bigamie zu werten. Die Meinungsver¬
1173 3235 2127 3300 künstlerischen“ Produktion in beängstigender
202 3268 1141 3314 schiedenheiten nahmen derart heftige Formen an
1166 3278 2116 3329 Weise breitmacht, daß eine bestimmte Art von
194 3311 1144 3365 daß im Jahre 1921 der damalige Bundeskanzler
1173 3318 2116 3372 Erzeugnissen einer schmutzigen Spekulation, die
194 3358 1144 3412 und jetzige Wiener Polizeipräsident Schober ein
1170 3365 2120 3415 man früher nur in Seitengassen heimlich zuge¬
198 3397 1137 3451 Gutachten des Obersten Gerichts¬
1159 3404 2112 3462 steckt erhielt, heute auf allen Plätzen lärmend
187 3440 2116 3502 hofes einholte. Dieses fiel aber so aus, daß es angeboten wird, und daß es sogar Leute gibt,
187 3487 2109 3545 dem Wirrwarr Tür und Tor öffnete. Es besagte die diesem schmierigen Geschäftsbetrieb mit
187 3527 1141 3581 nämlich, daß die neue Ehe zwar keine Nichtehe
1170 3538 2112 3592 Schlagworten wie „Neue Kultur“ die Mauer
187 3577 1137 3628 aber doch eine anfechtbare Institution sei. Werd¬
1162 3584 2112 3635 machen. Da hakt nun der Gesetzentwurf ein
187 3620 2109 3682 die Gültigkeit einer Dispensehe nicht durch eine der die Regierung ermächtigen soll, insbesondere
198 3664 2109 3721 Anzeige an eine Gerichtsbehörde bestritten, so zum Schutze der heranwachsenden Jugend eine
187 3707 1137 3764 bleibe sie aufrecht, werde sie aber (von dritten
1166 3714 2109 3768 Kommission mit dem Recht zu bekleiden, von ihr
187 3753 2109 3822 Seite) angefochten, so müsse das Gericht sie für als Schmutz und Schund qualifizierte Schriften
194 3797 1670 3851 nichtig erklären, da es sich um eine „unvollstän=Bilder usw. zu verbieten
187 3833 561 3901 dige Ehe handle.
1198 3811 2120 3901 Die Gegnerschaft gegen dieses Gesetz entspringt
238 3843 2112 3944 Es liegt auf der Hand, daß die Gerichtsurteile, verschiedenen Motiven. Einmal wird darauf hin¬
184 3915 1137 3980 die diesem Gutachten folgten, meistens die Un¬
1166 3937 2116 3984 gewiesen, daß man in Deutschland, das bei dem
187 3973 1141 4027 gültigkeit der Dispensehen aussprachen
1166 3977 2105 4031 Entwurf in mancher Hinsicht als Vorbild dient
191 4013 2112 4074 und so die alten Ehen wiederherstellten. Dar= bisher nur höchst bestrittene Erfolge erzielt habe,
184 4063 2127 4124 aus ergaben sich unglaublich verwickelte Ver= und daß der Beirat sich unter Umständen von
