3344 4320
115 2648 199 2728 an
115 2717 218 2808 des
115 2793 214 2889 ce¬
107 3310 203 3382 cies
1175 210 1611 325 box 42/3
325 195 995 341 Miscellaneous
1014 976 1473 1125 New¬
1672 968 2189 1129 Ameritan
1201 1144 1944 1274 SUNDAT, OCTOBER 28, 1928
3145 1178 3294 1293 Rusin
176 1661 3256 1932 Davis Tells of Valuable Service by U. S.
1699 2227 2931 2395 Lenin, Poincare
2965 2231 3268 2395 and
1909 2384 2831 2560 Tree Great
2900 2407 3298 2560 Wort
1645 2544 2851 2698 They Are Sons of Chaos,
1661 2694 2797 2858 Not Sons of God, Ex¬
1787 2847 2682 3004 claims Celebrated
1986 2984 2487 3145 Dramatist.
1607 3134 2843 3287 AN INTERVIE WITH ARTHUR SCHNITZLER,
1634 3264 2816 3359 Austria Greatest Playwright at His Villa Near Vienna.
1883 3325 2587 3428 By George Sylvester Viereck
1875 3390 1974 3459 a
1729 3444 2858 3516 AM on excellent terms with the universe. I am no
1764 3497 2862 3578 pessimist. My only grudge against the gods is that
1764 3562 2862 3666 they have made life to short, remarked Arthur
1580 3589 2468 3685 Schnitzler, the great Austrian playwright.
1672 3650 2858 3742 Although Schnitzler has advanced several steps over the
1588 3715 2870 3799 threshold of his six decade, neither his bronze face nor his
1584 3788 2862 3884 eager eyes eyes that have looked deeply into the heart of
1596 3842 2097 3910 woman-betray his age.
1680 3849 2862 3964 Life," said the playwright, whose same, more enduring
1580 3949 2858 4010 than the empire of Francis Joseph, has outlived a world War,
279 4006 1511 4106 WORDS INTO PLOWSKARES-Secretary War
1592 4010 2870 4094 would be too hort, even if we were all Steinached or it
344 4060 1488 4121 Dwight F. Davis, who tells in the accompanyin,
1580 4067 2862 4163 Shaw's Creative Evolution prolonged our span by several
386 4113 1492 4201 de how. Ungle Sam's tighting forces are eine em¬
1603 4121 1814 4209 n
