3436 4320
132 2349 257 2450 W.
146 2436 243 2512 in
149 2492 243 2568 em¬
122 3624 261 3697 of an
163 3684 257 3750 the
125 3739 257 3812 otton
160 118 2950 295 aluable Service by O. S. Fighting one
890 414 994 525 .
580 420 688 532 9
341 480 622 598 .
427 594 2606 744 Lenin, Poincaré and Wilson
1626 778 2790 879 Wort Disasters
636 782 1546 904 Tree Great
372 890 1574 1053 They Are Sons of Chaos,
382 1042 1522 1223 Not Sons of God, Ex¬
511 1199 1414 1355 claims Celebrated
719 1362 1220 1501 Dramatist.
348 1529 1581 1644 AN INTERVIE WITH ARTHUR SCHNITZNER,
365 1626 1557 1727 Austrias Greatest Playwright, at His Villa Near Vienna.
622 1675 1317 1769 By George Sylvester Viereck
337 1772 1605 1908 AM on excellent terms with the universe. I am no
507 1856 1605 1949 pessimist. My only grudge against the gods is that
511 1922 1609 2019 they have made life to short, remarked Arthur
323 1977 1220 2061 Schnitzler, the great Austrian playwright.
420 2012 1616 2102 Although Schnitzler has advanced several steps over the
334 2071 1619 2179 threshold of his six decade, neither his bronze face nor his
334 2144 1619 2238 eager eyes eyes that have looked deeply into the heart of
341 2217 848 2287 woman-betray his age.
424 2224 1623 2328 Life," said the playright, whose fame, more enduring
330 2304 1612 2380 than the empire of Francis Joseph, has outlived a world War
341 2366 1623 2426 would be too hort, even if we were all Steinached or if
337 2419 1623 2533 Shaw's Creative Evolution prolonged our span by several
341 2488 556 2575 centuries.
427 2492 1439 2596 Do you want to live as long as Methusalem:
424 2565 1623 2651 What, Schnitzler exclaimed shugging his shoulders,
354 2613 1380 2700 are a thousand years, compared with eternity?"
455 2651 1609 2749 Do you think and will be able to correct the erro
341 2721 1623 2794 of Providence in making human life so brief? Do you believe
341 2770 1623 2877 that your compatriot, Steinach, is on the road to discover the
341 2832 712 2898 Elixir of Youth
626 2912 1338 2995 The Mysteries of the Soul
431 3009 1623 3121 Schnitzler is not only a poet. He is also a student of
341 3065 539 3145 medicine
462 3082 1616 3180 Steinach, Schnitzler replied, is moving undoubtedly
1807 3134 1984 3207 conce
341 3162 1626 3228 in the right direction. Ile is on the threshold of the work¬
1810 3200 1984 3266 Kiele
337 3200 1623 3273 shop where the World Spirit weaves the wool of life. The
341 3242 1623 3353 wonder world of our internal secretions holds the key to the
327 3308 695 3388 riddle of all life.
1758 3326 2922 3402 NEW and striking portrait study of Arthur Schnitz¬
455 3322 1623 3416 In that world, we must be prepared for surprises.
1772 3381 2936 3451 ler, the celebrated Austrian playright and philoso¬
341 3385 1623 3458 Columbus, seeking a new way to the East Indies, discovered
1706 3426 2926 3531 pher, drawn by George Kienzle, of the Sunday American
334 3440 1626 3517 America. Steinach, in search of rejuvenation, may have
1699 3485 1932 3548 Art Staff.
341 3489 1244 3562 stumbled upon an extraordinary discovery
441 3496 1619 3590 The Steinach operation seems to be a deterrent of can¬
2335 3569 2957 3631 ments, held grand fetes drove a
341 3579 1616 3652 cer. It would be cruel to hold out hopes that may be illusory
1678 3572 2283 3649 the most astute interpreters
2335 3621 2961 3673 carriage with six horses and main¬
341 3621 1623 3701 until we have before us the authentic records of a thousand
1682 3628 2276 3687 of mine psychology in
2342 3652 2964 3701 tainen the ceremonial of a great
337 3670 1619 3743 cases. Nevertheless, it seems to me that it would be advisable
1682 3687 2276 3732 the world of the theatre
2339 3694 2961 3763 court. He remained every inch a
2335 3732 2787 3795 king even in St. Helena.
341 3718 1616 3791 to try the Steinach operation in all hopeless cases where the
1692 3725 2273 3774 With a skill no less ama¬
2377 3760 2881 3822 "You are not a monarchist
337 3763 1623 3854 slight surgical interference involved can do no possible harm.
1682 3770 2280 3833 ing he makes a human heart
2366 3784 2957 3861 Im neither a monar hint no¬
462 3812 1616 3889 I am, as you see, interested in the mysteries of the body
1678 3816 2203 3892 tick for us in his novels.
2335 3833 2957 3909 a republican. I am interested in
1008 3857 1619 3937 I am even more interested in
2339 3878 2954 3927 human phenomena I am inter¬
1008 3902 1619 3979 the mysteries of the soul.
2339 3923 2954 3962 ested in Napoleon because he la
1724 3920 2245 3996 Freude Psychic in
2342 3951 2954 4024 the most perfect examplar of the
1011 3944 1623 4010 Even if we solve all the
2342 4000 2738 4052 exceptional individual.
1008 3989 1616 4059 secrets of our physical fun¬
2373 4010 2961 4111 "What." I venturo, are your
1710 4028 2290 4087 W. Americans," I remarked.
1008 4038 1619 4111 tions, the secret of life will
2335 4048 2603 4128 pet aversions?
1675 4062 2287 4125 ook upon you as the master in
1022 4087 1619 4142 clude us still. We can disseet
2373 4076 2961 4149 "My pet aversions," came
