3344 4320
125 277 228 377 1
292 277 977 392 Miscellaneous
1150 295 1582 408 box 42/2
554 919 1174 998 ren nicht mehr gekauft als an
490 952 1619 1050 Während fast alle Branchen am Goldenen Sonntag höhere Ein¬
1655 974 2778 1065 etwas hinauszuschieben, und da war von vom ein
490 1037 1616 1092 nahmen erzielen als an den Wochentagen, ist dieser Tag für das
1655 1053 2778 1117 Auge zu. Aber offiziell, und bei den meisten auch in Wirklichkeit,
502 1077 1625 1135 feine Konfektionsgeschäft nur ein gewonnener
1649 1086 2185 1153 bleibt die Sperrstunde 6 Uhr.
490 1168 1622 1257 weitaus größeren Zeit des Jahres nur ungenügend
1746 1187 2781 1247 Der Alldeutsche Verband schlägt eine Rede an, die in
487 1214 788 1284 besetzt sehen!
1649 1208 2781 1296 einer völkischen Versammlung als Protest gegen die Wahl
575 1232 1622 1311 Die Durchführung dieses Planes der Oesterreichischen
1667 1281 2775 1342 Professor Hupkas zum Dekan der rechts- und staats¬
496 1269 1619 1351 Bundesbahnen ist berufen, darin Wandel schaffen und den
1658 1323 2781 1381 wissenschaftlichen Fakultät gehalten wurde. Hier heißt es:
487 1342 1619 1397 Semmering dem Mittelstand und auch den weniger Bemittelten
1655 1375 2787 1430 „Das Volk steht auf, der Sturm bricht los, wer legt die
487 1378 1619 1445 der Wiener Bevölkerung dauernd zugänglich zu machen
1661 1421 2778 1473 Hände feig in den Schoß? — wir haben zu wählen zwischen
496 1430 1619 1470 und zu erhalten. Es wäre nur zu wünschen, daß die Verhand¬
2808 1430 2896 1497 Nä
493 1460 1622 1521 lungen mit den Hotels und Pensionen des Semmerings möglichst
1655 1463 2781 1521 Freiheit und Sklaverei! Wir wollen nicht Frieden
2814 1491 2903 1536 mo
490 1506 1619 1564 rasch in günstiger Weise beendet würden, damit die Wochenend¬
1655 1515 2778 1573 und Ruhe in Schlamm und Schmutz fremder Beherr¬
2808 1521 2903 1603 Hier
499 1549 1503 1628 frage nun endlich auch für den Semmering gelöst würde.
1661 1552 2787 1606 schung. Es geht ums Ganze ! Die Schicksalsfrage ist, ob wir
1655 1600 2778 1646 Herren im Lande sein sollen oder Diener der Juden. Deutsch¬
2808 1597 2912 1689 Ar
1649 1643 2778 1698 land den Deutschen oder Deutschland den Juden. Wir
551 1625 1561 1716 Eine Kulturschande an der Universität.
1658 1689 2781 1740 deutsche Studenten entscheiden uns für die Kultur, die Arndt,
487 1692 1619 1780 Die antisemitischen Anschlagtafeln in der Anla.
1667 1737 2781 1813 Goethe und Fichte gegeben haben und nicht für die, die
809 1765 1308 1822 Von akademischer Seite.
1676 1783 2540 1835 Lassalle, Schnitzler und Korngold uns bringen.
599 1786 1622 1874 „Die Juden sind die minderwertigste Köterrasse, die
1743 1807 2784 1889 Außer Dekan Professor Hupka waren früher auch
493 1868 1609 1923 auf der Welt ihr Unwesen treibt"; sie sind „eine scheuß
1667 1871 2778 1926 schon andere Professoren und Behörden Gegenstand wüster
490 1908 1613 1962 liche Bastardrasse, die größte Promenadenrasse, welche, be¬
1655 1917 2778 1972 Angriffe. So sah man früher lange Zeit Plakate mit An¬
493 1956 1619 2014 haftet mit allen Lastern eines typischen Bastards, überall
1658 1965 2781 2020 griffen gegen den damaligen Rektor Gruntzel und gegen den
490 2002 1619 2057 Fäulnis und Morast verbreitet"! Sie wollen ihre Leichen
1658 2008 2781 2090 Bürgermeister von Wien wegen der von ihnen getroffenen
493 2051 1619 2099 nicht sezieren lassen, weil sonst herauskommen würde, daß
1655 2057 2102 2124 amtlichen Verfügungen.
2817 2072 2906 2133 sche
490 2093 1628 2148 „ihr Körper der Sitz aller Abnormitäten ist und daß ihr
1743 2096 2781 2157 Es besteht an der Universität ein sogenanntes
2817 2115 2900 2175 letz
493 2136 1616 2188 Gehirn andere Windungen hat als nichtjüdische Gehirne
1655 2154 2778 2200 „Kulturamt der deutschen Studenten¬
2820 2163 2924 2218 Han
490 2188 1616 2236 weshalb gerade der unsinnige Pazifismus nur in jüdischen
1661 2191 2778 2242 schaft“, das unter Leitung eines eigenen Agitators sich
2808 2209 2936 2267 Schrei¬
493 2233 1625 2288 Gehirnen geboren wurde." — Dies ist nicht etwa an den
1655 2239 2781 2291 ausschließlich der Judenhetze widmet und sich dabei eine Art
2817 2251 2951 2318 schwer
496 2273 1622 2328 Wänden einer Schnapsbude oder eines Irrenhauses zu lesen,
1649 2285 2778 2355 amtlicher Stellung anmaßt. Mit ihm wetteifern zahlreiche
2811 2303 2948 2361 ohne
502 2318 1625 2370 sondern an einer Anschlagtafel der Nationalsozialisten an
1658 2324 1978 2397 ähnliche Vereine.
2808 2346 2942 2401 der
487 2367 1616 2446 der Wiener Universität, gleich bei der Aula, wo täglich
1737 2343 2778 2425 Die Universitätsvorschriften des Rektorats über An¬
2820 2385 2933 2449 stunde
487 2416 1129 2489 tausende Studenten vorübergehen.
1664 2404 2778 2471 schläge bestimmen nun wörtlich in § 3: „Von der Ver¬
2805 2437 2933 2492 kam
584 2428 1616 2507 Wer einen Rundgang durch die Universität macht, findet
1646 2461 2781 2534 öffentlichung im Anschlagkasten sind ausgeschlossen: a)
2808 2489 2912 2537 war.
484 2504 1616 2559 auf Schritt und Tritt hakenkreuzgeschminkte Anschlagtafeln
1658 2507 2775 2562 Bücher und Broschüren, ferner Karikaturen und unanstän¬
2814 2528 2948 2586 nach
496 2550 1619 2598 mit den absurdesten und lächerlichsten Hetzereien gegen die
1649 2550 2766 2610 dige Zeichnungen oder andere bildliche Darstellungen;
2805 2574 2912 2650 keine
499 2595 1622 2659 Juden, die beschuldigt werden, alles Unglück und alle
1649 2598 2778 2656 alle Anschläge, welche Angriffe gegen die Behörden der
496 2638 1552 2702 Schmach über das deutsche Volk gebracht zu haben.
1655 2644 2778 2723 Hochschulen, deren Lehrversonen und Organe sowie gegen
2833 2641 2921 2732 Si
502 2693 1613 2747 jüngster Zeit waren da auch widerliche Karikaturen, voll¬
1649 2693 2787 2753 eine andere studentische Gruppe enthalten." Im Zweifel sind
493 2735 1226 2787 kommen unrichtige Statistiken und
1263 2735 1619 2796 Zitatensammlungen
1658 2738 2781 2787 alle Anschläge dem Rektor zur Bewilligung vorzulegen,
493 2781 1622 2833 antisemitischer Tendenz zu sehen, ferner große Plakate mit
1655 2784 2781 2845 Uebertretungen werden mit disziplinärer Bestrafung und
493 2823 1616 2875 der Ankündigung einer ganzen Reihe judenfeindlicher „Vor¬
1655 2830 2376 2903 Entziehung der Anschlagkasten bedroht.
496 2866 1619 2924 träge, gelegentlich auch solcher mit Lichtbildern. An der
1752 2839 2778 2924 Es ist ferner zu bemerken, daß viele dieser Anschläge
2808 2805 2906 2969 .
490 2921 1616 2988 eingangs erwähnten Tafel hängen Porträts Hitlers und
1664 2918 2772 2976 ganz offenkundig einen Verstoß gegen die §§ 302 und
2811 2957 2912 3009 Fab
487 2963 1187 3018 Bilder aus der Hitler=Bewegung.
1223 2960 1619 3024 An vielen Stellen
1655 2966 2778 3024 303 des Strafgesetzes darstellen. Ihre Duldung
2808 2997 2942 3052 20 A
502 3006 1609 3064 scheint sich die Universität überhaupt in eine hakenkreuz
1652 3012 2778 3064 oder Begünstigung verstößt ferner gegen Artikel 7 der
2811 3042 2930 3091 als er
490 3052 1488 3109 lerische Kolportageeinrichtung verwandelt zu haben.
1655 3052 2778 3116 Bundesverfassung und die Pflichten der Bundesbeamten.
2808 3082 2927 3134 Augen
490 3094 1616 3146 den Schaukästen zahlreicher Vereine sieht und sah man da
1664 3103 2778 3158 In Deutschland ist gewiß auch ein beträchtlicher Teil der
2805 3125 2924 3173 werke
493 3143 1616 3201 Schriften, wie: Das Judentum in Oesterreich; Jüdelach,
1661 3149 2778 3201 Studenten antisemitisch gesinnt, aber vergebens wird man
2805 3167 2930 3216 beamt
484 3192 2930 3249 Jüdelach hepp hepp hepp; Der völkische Ludendorf, Judas in der Aula der Berliner Universität einen einzigen Anschlag bereits
478 3243 1390 3316 Schuldbuch: und Dutzende ähnliche Produkte.
1652 3234 2921 3307 dieser Art, ja selbst nur ein Hakenkreuz suchen. Wiederholt gebra¬
