3436 4320
347 216 1025 315 Miscellaneous
1199 220 1628 315 box 42/2
377 591 573 664 NR. 103
1435 585 1770 706 in
393 732 1982 904 Das ist das süße Mädel.
1223 896 1996 979 Pariser „Midinette. Sie sind heute alle
420 916 1162 983 Das „süße Mädel“, jene zartverträumte
1219 971 1992 1021 sowohl äußerlich (allerdings ganz rei¬
393 983 1162 1029 Mädchengestalt, der Artur Schnitzler um
1215 1011 1986 1061 zend uniformiert, und was die Liebe be¬
389 1017 1160 1069 die Jahrhundertwende seine dichterische
1221 1049 1986 1094 trifft... nun, auch die hat sich inter¬
393 1061 1166 1128 Gloriole gab, jenes süße Mädel, das in
1219 1088 1990 1138 nationalisiert und auf jede bodenstän¬
1221 1130 1994 1176 dige Sentimentalität verzichtet. Man
1223 1168 1994 1213 liebt jetzt weder beim stimmungsvollen
1219 1209 1992 1259 Sonnenuntergang am Rhein noch in
1215 1243 1992 1293 Grinzing beim Wein“... man flirtet eben,
1213 1287 1947 1330 und das am besten beim Charleston.
1255 1324 1996 1376 Alles andere ist, wie gesagt, Literatur,
1219 1358 1986 1416 und daraus hat es „der Film geholt...
1215 1404 1996 1467 Besonders, ganz besonders das Wiener
684 1766 874 1836 Anny Ondra
398 1820 1172 1901 unzähligen weinfröhlichen Liedern be¬
400 1891 1174 1941 sungen wurde, jenes süße Mädel, das von
393 1935 1174 1998 ähnlichen Mädchentypen in anderen
400 1977 1168 2028 Ländern so sehr verschieden war wie
396 2004 1166 2062 etwa die Begriffe „Flirt“ und „Liebelei“,
400 2058 1166 2105 jene „sagen umwobene, echte wiene¬
398 2086 1172 2141 rische, zarte Mädchentype gehört heute
398 2129 1172 2177 wohl schon der Literatur an. Und aus
393 2167 1039 2222 dieser hat sie der Film geholt...
432 2193 1174 2256 In Wirklichkeit gibt es heute süße
400 2242 1172 2308 Mädels“ und Anatols in Wien ebenso-
398 2286 1174 2333 wenig wie etwa in Paris Mimi Pinsons...
400 2323 1172 2381 Wie unser ganzes Leben, haben sich auch
398 2359 1172 2425 die Liebe und die jungen Leute, die ihre
395 2399 1168 2460 „Opfer“ werden, gründlich amerikani¬
398 2442 1180 2492 siert und die Begriffe „Flapper und
396 2486 1172 2536 „Flirt haben alle verträumten, natio¬
402 2520 1180 2565 nalen Eigenheiten auf diesem Gebiete
402 2559 1174 2611 gründlich verdrängt. Daran hat das
400 2591 1178 2651 süße Mädel ebenso glauben müssen
1499 2597 1711 2684 Mary Philbin
398 2637 1170 2694 wie das „deutsche Gretchen“ oder die
1215 2694 1996 2762 süße Mädel. Man weiß, daß eine Welle
1223 2748 1984 2795 Wiener Filme die internationalen Film-
1219 2783 1994 2837 märkte überschwemmt hat und in jedem
1215 2823 1998 2877 dieser Filme dominierte natürlich das
1213 2863 1994 2926 süße Mädel“. Äußerlich stellt man sich
1215 2908 1992 2954 das Wiener Mädel im weiteren und fer¬
1221 2938 1994 3000 neren Ausland schlankweg als „blond
1219 2988 1996 3031 und blauaugig“ (womöglich mit Grüb¬
1223 3031 1996 3077 chen) vor. (Auf das „Mollete, was man
1223 3053 1988 3115 einstmal der Wienerin als besonderes
1221 3107 1994 3152 Charakteristikum unterschob, hat man
1215 3144 1996 3192 natürlich Verzicht geleistet.) Nun sind
1221 3184 2000 3233 aber zirka 50 Prozent aller Frauen blond
1221 3222 1994 3267 und blauangig, ohne deshalb dem Typ
1223 3257 1994 3323 des Wiener Mädels auch nur annähernd
1221 3303 1992 3346 zu entsprechen. Es war also für die
1221 3342 1998 3390 internationalen Regisseure schon etwas
1221 3378 1994 3428 schwieriger, für ihre „Mizzis, und
1223 3416 1994 3469 „Annas“ und „Franzis geeignete Dar¬
1227 3457 1998 3501 stellerinnen zu finden, und manche haben
1223 3495 1998 3543 in dieser Hinsicht auch schwer gesündigt.
1227 3537 1998 3584 Sogar ein genialer Regisseur wie Ernst
1227 3567 2000 3622 Lubitsch hat seine Wiener Filme von
1229 3612 1990 3660 Darstellerinnen spielen lassen, die aller¬
1221 3648 2002 3705 dings schauspielerisch wunderbar waren,
1227 3685 1998 3739 dem geforderten Typus aber nicht im
1227 3735 1994 3785 geringsten entsprachen. Man hat gesagt,
1223 3765 1994 3822 daß die Wienerin den Dreivierteltakt.
1229 3808 2000 3852 die Anmut des Wiener Walzers in ihrer
1229 3848 2000 3900 Bewegung hat, es mag vielleicht schon
1221 3888 1998 3935 deshalb furchtbar schwer gewesen sein,
1229 3927 2000 3977 in unserer synkopengehetzten Zeit ein
1233 3967 1998 4013 solches Mädel zu finden, aber die
1233 4007 2000 4062 Wienerin charakterisiert noch etwas
696 3997 886 4080 Dina Gralla
2629 587 2807 648 SEITE 5
2038 704 2809 775 ganz anderes, etwas, was sich in Worten
2040 765 2811 817 nicht ausdrücken, nicht beschreiben läßt.
2044 809 2809 854 es ist das Gewisse (was jedoch mit dem
2040 843 2811 894 amerikanischen „It“ nicht zu verwechseln
2044 888 2805 938 ist). Man mußte meinen, daß bei dieser
2046 920 2807 967 Hochkonjunktur in Wiener Filmen
2044 963 2807 1007 Wiener Darstellerinnen große Chancen
2044 999 2807 1055 in aller Welt gehabt haben. Das stimmt
2040 1043 2807 1090 jedoch nicht. Es hat sich der merkwür¬
2278 1800 2573 1875 mogene Robertson
2038 1871 2809 1939 dige Fall ergeben, daß sowohl in Berlin
2034 1931 2809 1973 wie in Amerika wirkliche Wienerinnen
2038 1973 2807 2018 von den Regisseuren nicht akzeptiert
2034 2010 2809 2054 wurden, weil sie eben dem geforderten
2046 2046 2809 2094 Typus tatsächlich nicht entsprachen, dem
2040 2084 2801 2135 Typus, den man dann bei einer Nord¬
2034 2125 2807 2171 deutschen, einer Amerikanerin, einer
2044 2161 2807 2209 Polin wiederfand. Ja sogar in Wien haben
2046 2203 2807 2248 ausländische Darstellerinnen in den Rollen
2044 2244 2809 2288 Wiener Mädels große Erfolge errungen
2038 2284 2809 2331 und man hat diese Darstellerinnen aus
2034 2322 2809 2379 dem Ausland hergebracht, weil man eben
2044 2363 2809 2407 in Wien den gewünschten Typus beim
2040 2399 2821 2446 besten Willen nicht finden konnte. So
2044 2433 2468 2498 selten ist er schon...!
2076 2474 2803 2524 Anny Ondra, die Tschechin, hat
2040 2512 2811 2561 bereits in zwei Wiener Filmen, „Prater¬
2044 2548 2805 2601 mizzi und „Seine Hoheit der Ein¬
2048 2595 2813 2637 tänzer, süße Mädels gespielt, und wer
2040 2633 2815 2694 die Filme gesehen hat, wird zugeben
2335 3999 2534 4056 Xenia Desni
