3436 4320
343 274 1021 385 Miscellaneous
1210 283 1630 380 box 42/3
1236 742 2126 876 Argus Suisse et International de la Presse .A.
1386 821 1958 919 23, Rue du Rhône - GENEVE
1174 850 2153 982 Adr. télégr.: Coupures-Genève — Tél. Stand 40.05
1199 945 2133 1065 Bureau International de coupures de journaux.
1312 999 2027 1100 Traductions de et en toutes langues,
1161 1009 1295 1091 -
1207 1122 2105 1221 Correspondants dans toutes les grandes villes,
1137 1201 1559 1304 Extrait du Journal:
1134 1307 1326 1388 Adresse:
1123 1409 1271 1479 Date:
1687 1444 2105 1581 1928
1139 1657 2028 1759 „alsworthy, Gerhart Hauptmann und
1224 1720 1940 1803 Schnitzler haben mich bestohlen!"
1719 1799 1970 1874 v. Budapest.
1144 1816 2068 1915 Fräulein Irma Schillinger ist eine Dame,
1081 1881 2068 1967 die bis vor kurzem ein ebenso biederes wie auch
1078 1927 2062 2009 unbekanntes Leben im Verborgenen der ungarischen
1078 1971 2063 2052 Hauptstadt fristete. Niemand hat gewußt, daß Irma
1081 2005 2065 2091 Schillinger, das sechzigjährige Jungfräulein, die be¬
1071 2052 2055 2127 deutendste Schriftstellerin der Gegenwart ist. Das
1071 2091 2093 2170 erfuhr man zum großen Staunen aller literarisch
1069 2135 2058 2208 interessierten Kreise erst anläßlich eines Pro¬
1070 2178 2056 2258 esses, bei dem Irma Schillinger die bekannten
1062 2209 2054 2284 Wiener Librettisten Brammer und Grünwald we¬
1064 2255 2045 2328 gen Plagiats vor Gericht zitierte. Aus einem In¬
1062 2299 2099 2379 terview, das die „Schriftstellerin“ einem ungari¬
1065 2325 2051 2413 schen Journalisten gab, geht hervor, daß es keinen
1066 2372 2084 2464 Schriftsteller in der ganzen Welt gibt, den Fräu¬
1056 2421 2045 2497 lein Irma nicht des geistigen Diebstahls an ihren,
1051 2461 2045 2535 in Theaterbureaus lagernden Dramen geziehen
1055 2489 1161 2546 hätte.
1110 2536 2043 2617 Die alte Dame gab wirklich schandererregende
1044 2573 2034 2659 Dinge zum besten. Sie berichtete mit schmerzbeben¬
1053 2613 2036 2692 der Stimme über eine regelrechte organisierte
1048 2659 2033 2738 Maffia, die mehr als sechzig ihrer Stücke (denn in
1044 2701 2033 2780 jedem Lenz hat sie eines geschrieben!) gestohlen
1039 2750 2033 2820 hätte. Ich muß Ihnen sagen, daß es besonders in
1042 2785 2032 2863 Ungarn fürchterlich ist. Es gibt da eine Dramen¬
1042 2828 2033 2906 und Librettifabrik, eine geheime literarische Groß¬
1039 2863 2037 2942 handlung, deren Organe mit sämtlichen Theatern
1039 2902 2031 2978 der Welt in Verbindung stehen und in den Direk¬
1035 2949 2029 3027 tionszimmern die Pointen der eingereichten Stücke
1026 2991 2029 3067 abschreiben. Alles, was irgendwie nett ist, geist¬
1026 3032 2024 3114 reiche Wortspiele, elegante Wendungen, liebenswür¬
1028 3076 2020 3143 dige Scherze — all das wird einfach gestohlen
1026 3123 2016 3194 und von Bühnenschriftstellern, die ihren Mangel
1028 3161 2019 3233 an Talent durch Geld ersetzen können, zu hohen
1030 3186 2018 3261 Preisen gekauft. Sämtliche französischen Schwank¬
1018 3233 2015 3319 dichter leben seit Jahren von meiner Produktion.
1033 3265 2019 3360 Dekobra hat vier Stücke von mir gestohlen. Von
1024 3309 2011 3398 Gerhart Hauptmann wie ich gar nicht erst reden.
1022 3355 2010 3437 Alle ungarischen Bühnendichter verdanken ihren
1017 3398 2002 3478 Ruhm meiner Leistung. In erster Reihe Franz
1021 3434 2007 3516 Molar, der seinen Weltruhm aus meinen Stücken
1016 3483 2005 3562 erschwindelt hat. — Und dabei ist es herzbrechend,
1016 3522 2028 3603 anzusehen, wie meine Sujets durch talentose
975 3724 2009 3799 J. Bühnenschriftsteller“ minderwertige Tröpfe wie
1025 3765 2007 3836 Pirandello, Galsworthy, Schnitzler und andere
969 3812 1777 3859 mehr einfach verhunzt worden sind.
1070 3836 2014 3909 Die alte Dame hat wirklich ein beklagenswertes
1017 3890 2012 3952 Los. Aber nach Ansicht des Journalisten, dem sie
1020 3938 2018 3991 all ihr vieles Leid geklagt hatte, ist diese verkannte
1024 3974 2014 4038 Dichteren ganz harmlos, und eine Ueberführung in
1017 4013 1941 4108 eine Irrenanstalt scheint vorläufig nicht nötig.
1260 4099 1338 4171 .
