3392 4320
162 264 1013 370 1. Miscellaneous
1198 265 1618 367 box 42/2
1124 3116 1732 3196 Dr. Max Goldschmidt
1125 3196 1734 3282 Büro für Zeitungsausschnitte
946 3262 1195 3332 BERLIN N4
1476 3266 1893 3338 Telefon: Norden 3051
1265 3372 1573 3432 Ausschnitt aus:
987 3433 1837 3496 Magdeburger Generalanzeiger
1533 3536 1795 3639 Dez. 192
1191 3653 1809 3736 Der Weihnachtsbaum.
1182 3726 1827 3792 Im Stile verschiedener Dichter.
1208 3779 1803 3843 Dargestellt von Ezard Lanins.
1201 3820 1579 3897 Goethe.
1101 3866 1952 3916 So laut wie die Spatzen unserer freien
1056 3904 1952 3956 Stadt waren, die mehr lärmten als ihre
1050 3948 1955 3995 Schwestern und Brüder in irgendeinem ge¬
1046 3986 1960 4034 drückten Landflecken oder Dörfchen — so laut
1046 4025 1950 4071 waren wir Kinder vor der verschlossenen Tür
1050 4063 1952 4110 der weihnachtlich zugerichteten Stube. Als wir
1052 4102 1952 4150 endlich in diese eintreten durften, brannte uns
1483 4139 1958 4180 mit zahlreichen Lichtern
1970 318 2875 381 ungewohnt, der uns in die Augen stach, lausch¬
1970 369 2875 419 ten wir den Klängen des Fortepianos, das, mit
1978 414 2872 457 zwei Kerzen freundlich bescheiden geziert, die
1970 451 2875 497 Weise des Christfestes erklingen ließ, wie aus
1978 490 2880 535 himmlischen Flöten fielen die Töne durch die
1978 526 2878 567 Weihnachtsnacht, festlich und mit einer unbe¬
1972 559 2761 618 kannten Freude unsere Seelen bewegend.
2354 604 2498 660 Raabe:
2029 637 2879 706 Es möchte recht närrisch anzusehen sein, wie
1970 694 2880 744 Wilhelmine, Paula und ich in die Stube sol¬
1978 738 2880 786 perten und holperten, ein bißchen betrunken von
1976 772 2883 818 unserem im Nebenzimmer vollführten Radau,
1978 814 2879 860 doch nun vor dem weiß gedeckten Tisch mit dem
1978 847 2883 891 Weihnachtsbaumchen recht verlegen. Die Er¬
1980 894 2878 939 wachsenen freilich wußten sich noch viel weniger
1976 929 2880 973 zu benehmen als wir; denn an diesem Tage
1978 962 2883 1002 regierten wir, und wenn wir drei Kinder plötz¬
1985 1002 2883 1043 lich etwas kleinlaut wurden, so nicht aus Furcht
1972 1039 2883 1083 vor den Großen, sondern in einer Art Schen
1982 1081 2883 1127 vor dem Bäumchen, das den langen Weg aus
1976 1117 2883 1162 unserem lieben schattigen Walde hier hinein in
1978 1155 2883 1203 die gute Stube gemacht hatte, recht eigentlich
1982 1190 2889 1244 nur, um uns eine Freude zu machen und mit
1987 1228 2880 1277 seinem von Lichtern und Lametta versteckten
1976 1273 2886 1331 Grün heimlich in Aug und Herz zu scheinen.
2360 1309 2507 1369 Storm:
2029 1344 2890 1414 Meine Mutter führt das Kleinste selbst an
1982 1401 2883 1446 der Hand. Wir zwei größeren Kinder schritten
1985 1441 2889 1484 allein, aber Hand in Hand im Schatten ihres
1985 1476 2898 1521 langen, bauschigen Rockes, bis dicht an den
1985 1519 2889 1564 Tisch mit dem brennenden Baum heran. Viel
1987 1556 2880 1600 gutwärmende Kleidungsstücke lagen da und
1987 1593 2893 1638 süße Näschereien. Ich faßte zuerst nach meinem
1982 1637 2894 1681 Taschenmesser, obwohl es gegenüber der Pup¬
1985 1671 2889 1718 penbühne, die mein Bruder sofort mit Ausrufen
1985 1707 2889 1756 begrüßte, das unscheinbarere Geschenk war. Als
1985 1748 2889 1793 wir uns satt gesehen hatten, ward das Fenster
1982 1785 2889 1833 geöffnet, und meine Mutter setzte sich, das
1985 1827 2893 1866 Kleinste auf dem Schoße, an das Klavier, um
1982 1861 2901 1905 die Weihnachtsweise zu spielen. Wir hatten
1987 1901 2893 1945 unser Verslein wohl gelernt, und wenn unsere
1985 1938 2887 1985 dünnen Stimmchen etwas vom geraden Wege
1985 1977 2889 2020 der Melodie abirrten, fiel mein Vater, der
1987 2014 2889 2066 hinter meiner Mutter stand und seine Hand
1982 2057 2908 2105 auf ihre Schulter legte, mit kräftiger Stimme ein.
2354 2099 2528 2160 Marlitt:
2038 2137 2900 2191 Seligkeit brannte in unseren kindlichen Ge¬
1987 2185 2895 2229 mütern, da die Tür ausging zur Stube mit
1982 2224 2893 2272 den herrlichen Weihnachtsgeschenken. Was war
1991 2261 2895 2310 der schöne Weihnachtsbaum aber gegen die
1987 2303 2898 2343 Freude, die an jenem Abend in unser Herz ge¬
1991 2340 2895 2382 langte, dort tiefe Wurzeln schlug und sich als
1996 2380 2895 2423 Funke der Tugend und später als weithin
1993 2418 2893 2459 leuchtende Flamme edler reiner Menschlichkeit
1991 2456 2898 2504 entfalten sollte. Ein Kind, das Weihnachten in
1987 2490 2908 2535 der Geborgenheit des Heimathauses und um¬
1987 2528 2901 2578 geben von der ebenso edlen wie zärtlichen
1967 2559 2895 2634 Liebe der Eltern in dieser Weise erlebt, wird
1993 2608 2901 2651 sicherlich sein ganzes Leben lang einen Weg ein¬
1993 2643 2901 2692 schlagen, auf welchem zu wandeln jeden Men¬
2002 2685 2901 2746 schen ziert, mag er im Grafenschloß oder im
1997 2721 2487 2787 Bettlerhaus geboren sein.
2352 2766 2548 2829 Schnitzler:
2052 2808 2903 2866 Der Weihnachtsbaum brannte, und unsere
1993 2856 2901 2901 Eltern reichten sich die Hände, wie nach einer
2006 2891 2904 2940 Versöhnung. Ich selbst habe meinen Vater
2000 2933 2908 2979 niemals so zärtlich zu unserer Mutter reden
1993 2971 2908 3021 hören wie an jenem Abend. Ich bekam ein
2000 3005 2908 3045 Paar Pumphosen und eine Eisenbahn, die frei¬
2002 3048 2908 3094 lich nach den ersten drei Fahrversuchen ein
2006 3085 2908 3128 Opfer ihrer schlechten Konstruktion wurde.
2008 3123 2904 3167 Mein Vater hob an jenem Tage jedes Kind
2015 3159 2908 3217 och in die Luft, drückte es an seine Wange,
2008 3203 2898 3258 die an diesem Abend glatt war wie nie zuvor,
2015 3240 2908 3286 und ließ gleichzeitig unsere Mutter an dieser
2008 3276 2910 3319 in der Luft vor sich gehenden Liebkosung teil¬
1999 3316 2904 3361 nehmen. Ein ungekanntes Gefühl durchrieselte
2002 3351 2904 3400 ich, — es möchte das erste seiner Art in
2006 3386 2908 3438 einem Leben sein — als ich das Glück hatte,
2000 3426 2910 3471 bei dieser Umarmung dem Hals meiner Mutter
2008 3469 2908 3514 so nahe zu kommen, daß ich mit meinem Atem
2000 3505 2913 3564 die kleinen, sonst nicht sichtbaren Härchen in
2008 3549 2597 3609 ihrem Nacken bewegen konnte.
2354 3591 2571 3651 Sternheim:
2059 3628 2910 3683 Weihnachtliche Freude, aus Lebkuchendust,
2008 3672 2910 3727 Nadelgeruch und Kerzen süß=verhängnisvoll
2006 3718 2910 3758 aufsteigend, uns Kindern stieg in Nase, Juste¬
2012 3755 2376 3806 Milien=Anschauung
2411 3757 2913 3805 hier im Keime gelegt
2008 3797 2913 3835 habend, verschwand Weihnachtsbaum zwar zu
2012 3832 2913 3879 Beginn neuen Jahres aus unserer Stube, doch
2008 3874 2910 3910 nicht aus Innerem der Kinder, in ihnen ge¬
2006 3908 2908 3963 fährlichen Hang zur Bürgerlichkeit zurücklassend.
2384 3955 2531 4006 Werfel:
2062 3996 2908 4050 Der langen, schmerzlichen Wartezeit, ver¬
2006 4037 2908 4086 bracht wie vor den Toren des Paradieses,
2015 4079 2911 4124 folgte ein Türöffnen, ein Choral von Weih¬
2015 4115 2913 4159 nachtskerzen, ein Aufschrei aus unseren Kehlen.
2239 4154 2910 4223 dern um den weißen Tisch herum
