3344 4320
139 196 231 292 1
306 196 971 299 Miscellaneous
1149 203 1583 299 box 42/3
2675 1035 2949 1167 E
1615 1042 2366 1146 OIRE
647 1096 1060 1170 HERAUSGEBER
1124 1117 1654 1167 FRANZ GODSTEIN
114 1099 1978 1277 CORRESPONDE
2113 1124 2963 1284 A 2
1202 1363 1398 1466 über
1128 1444 1451 1544 Uznach
270 1363 1025 1572 Heliane
1558 1405 1811 1583 zu
1907 1359 2526 1587 only.
1106 1526 1480 1626 Broadway
555 1601 2953 1697 Muse aus dem Dancing zu hören, ohne an das Wunder zu stisches Lügengestammel, sondern die Rückkehr zur commedia
107 1619 384 1718 paraître.
1768 1665 2825 1725 dell'arte, dem tänzerisch-schöpferisch Improvisatorischen.
555 1672 715 1743 glauben.
619 1679 1743 1757 Herrlich bleibt das einzigartige Orchester, der leuchtende
1836 1683 2946 1754 Im Mittelpunkt steht ein Tanzkomiker, von Harald
107 1690 512 1761 bei Jahreswechsel.
107 1733 2949 1814 Und es, deren Bekannt¬ Glanz der Streicher unter der hingebungsvollen Direktion Paulsen, eruptiv gestaltet. Harald Paulsen sollte das Stück
1765 1786 2956 1836 eigentlich heißen, denn mit welcher Intensität dieser Darsteller,
559 1789 1740 1836 Schalks. Die Chöre zeichneten sich nicht nur durch musika
107 1804 537 1846 Anlaß wurde, nach
107 1825 2956 1885 Korngold's „Wun-lischen, sondern auch in der Bewegung glücklichen Fluß aus, vom Rhythmus besessen, sich verströmt und alle mitreißt zu
555 1864 2953 1921 wie die Gesamtregie Dr. Lothar Wallersteins; Rollers Bühnen-orgiastischem Tanzrausch, das läßt sich schwerlich in Worte
110 1875 534 1932 aufgeführt, gleich den
117 1903 2949 1964 der Wiener Première bilder und Kostüme hatten vollendeten Geschmack. Das Werk fassen. Ich hatte auf den eigenartigen Typ Harald Paulsen vor
114 1942 2946 2003 gen, aber der Respekt stellt im Gegensatz zu anderen, neuzeitlichen Opern bühnen, zwei Jahren gelegentlich Nelsons Nacht der Nächte im Theater
1765 1989 2953 2035 am Kurfürstendamm hingewiesen. Dieser blau-blonde Junge
107 1985 1430 2046 Sehnsucht nach dem technisch und szenisch geringe Anforderungen.
623 1996 2949 2078 Im Theater in der Josefstadt, der Reinhardt hat etwas ganz Eigenartiges, man möchte fast vom norddeut¬
114 2031 530 2110 anntschaft mit Helan-
555 2063 2953 2120 Bühne, Wiens kultiviertestem Sprechtheater, sieht man eine schem Charme sprechen. Es ist etwas Herbes, Unberührtes
555 2102 2956 2159 französische Komödie, Desiré von Sascha Guitry, von von der Waterkant, extra trocken, aber erfüllt zum Zerspringen.
107 2095 530 2174 s, mit der Pantomime
1768 2152 2960 2199 Wie ein angekurbelter Motor spricht und springt Harald Paulsen,
555 2145 1576 2213 Berta Zuckerkandl vorzüglich ins Deutsche übersetzt.
107 2156 534 2209 Shakespeare's „Vie
623 2184 2953 2248 Sascha Guitry ist der Pariser Kurt Götz, oder eigentlich drillt seine Girls im Jazz (zu den Synkopen der Band hinter
107 2202 537 2270 gentlich sein sechstes
555 2223 2953 2295 müßte man sagen. Kurt Götz der Berliner Sascha Guitry, ein der Szene: Moonlight on the Ganges, So blue. Always ...) und
110 2263 2953 2323 Schneemann", mitspielender Dramatiker, voll entzückend elastischer Lustspiel- das wirkt ganz elementar, wie der Gegenpol zu Josefine Baker,
2501 2309 2949 2366 Es erscheint belanglos
1761 2316 2455 2362 prägt sich einem unvergeßlich ein.
107 2316 530 2380 Staatsoper uraufgeführt
555 2319 1743 2373 technik, mit charmantem Dialog, reizend pointierten Raketen
1761 2348 2949 2394 daneben, daß Paulsen eine reizende Partnerin hat, Fried¬
107 2359 1740 2408 die dieser Musik reißt gepflegt bis in die Fingerspitzen. In diesen petit riens geht es
1765 2380 2953 2433 Haerlin, die allerdings in allem eine Kopie Elisabeth Bergners
548 2398 1743 2451 um die wechselseitige Gefühls verwirrung infolge der Erkenntnis
103 2398 523 2469 tstandenen 7 Märchen
1772 2433 2946 2476 ist. Von den anderen Darstellern bleibt vor Allen das ent¬
551 2440 1747 2487 der Dame, daß auch der Kammerdiener gleichsam ein Mann
1765 2462 2953 2512 zückende Girl Trude Brionne's zu nennen, die glänzende, abge¬
555 2472 1743 2526 ist. Das reizendste Drum und Dran und die seiltänzerische
125 2448 530 2533 Ring des Poly.
1768 2501 2946 2554 tackelte Chansonnette von Emmy Schleinitz, der schwierige
559 2519 1747 2565 Sicherheit, das Gewagte nie ins Unmögliche purzeln zu lassen,
107 2515 534 2569 komischen Opern deut¬
1768 2547 2949 2590 Kneipenwirt Artur Peisers und der zynische Detektiv Theodor
100 2558 1750 2611 und fröhlichem Herzen bilden Sascha Guitry's Reiz. Wie kultiviert und graziös so
1768 2579 2956 2629 Griegs, der übrigens in Maske, Haltung und Organ eine frap¬
107 2593 1740 2661 Juwel etwa einmal in etwas in der Josefstadt gespielt wird, das kann man allenfalls
1765 2625 2949 2668 pierende Aehnlichkeit mit dem Schriftsteller Paul Cohen-Port¬
103 2640 1348 2697 von gehört hat, be¬ nur noch in der Berliner Komödie erleben.
1768 2661 2949 2707 heim besitzt. Diese Aufführung der Kammerspiele, über 100 Mal
89 2682 537 2746 er so wenig aufgeführt
1761 2700 2949 2761 gegeben, gehört zu den Sehenswürdigkeiten des Wiener
1757 2739 1939 2796 Theaters.
92 2732 534 2814 ht das Schwesterstück
1839 2746 2949 2821 Eine amerikanische Sensation anderer Art, der größte
100 2793 541 2857 ereits ein Meisterwurf,
1765 2789 2953 2867 Erfolg seit Jahren in U. S. A., der uns unbegreiflich erscheint,
103 2842 534 2889 ich erst in New-York
1761 2860 2949 2906 ist Dreimal Hochzeit (Abies Irish Rose, ein New¬
96 2878 544 2938 este, was Korngold bis
779 2853 1530 2946 Eine Morgenstunde
1765 2899 2953 2942 yorker Schwank in 3 Akten von Anna Nichois, deutsch von
100 2917 541 2978 k zu „Viel Lärm um
1761 2931 2956 2985 Felix Salten. Ein jüdisches Rührstück, weiß Gott kein Irish
103 2960 544 3010 gender Erfindung und
747 2938 1572 3031 bei Arthur Schnitzler.
1761 2971 2949 3020 Stew, mit sehr viel Gänseschmalz, Romeo und Julia in Wie¬
96 2995 537 3059 leiben, wie Mendelssohn
1772 3010 2949 3059 chapel, oder Samuel Levy und Rose Christine Abel lösen auf
964 3017 1334 3102 Kein Interview.
96 3042 537 3099 uß man noch von der
1768 3049 2942 3099 ihre Art das Rassenproblem, lassen sich erst standesamtlich
107 3077 537 3127 die Welt erobert, wie
633 3084 2949 3148 Sylvestermorgen, 10° unter Null, strahlende Sonne hernach jüdisch und schließlich noch katholisch trauen (Du mußt
92 3123 527 3177 y kein zweites, musi
1768 3127 2946 3180 es dreimal sagen), und die feindlichen, strenggläubigen Väter
89 3134 1743 3216 anft und scheint mir die und blauer Himmel über Wien. Von Hietzing schweift der
1772 3170 2953 3223 werden durch das Enkelzwillingspärchen unter liebenswürdiger
92 3191 1743 3266 langem angestrebt, aber Blick über hügelige Landschaft, man könnte wähnen, in
1779 3216 2942 3262 Assistenz von Pfarrer und Rabbiner mit ihren Kindern wieder
92 3244 527 3298 det ausgedrückt, zwi¬
555 3234 2650 3298 den Harz versetzt zu sein. Die Luft ist klar, wie in den zusammengeführt. Schließlich gemeinsames
2686 3252 2949 3305 Chanukah-
100 3280 1740 3337 sischen Melos, populär Bergen. Von der wunderschönen Villa des Dichters in
1765 3280 2953 3340 unterm Weihnachtsbaum (oder zumindest so etwas
96 3319 530 3387 und Puccini, bei selbst
1772 3326 2946 3380 Aehnliches). Dieser Schmarrn ist größtmöglicher Kitsch, fern
566 3326 1740 3390 Währinger Cottage, mitten im Park, aus, sieht das unbe
89 3369 530 3422 ter Beherrschung de
1768 3376 2946 3419 von Geschmack. Aber wie man sieht, wirkt er nicht nur auf
555 3373 1263 3447 wehrte Auge bis zum Semmering.
89 3401 537 3454 nicht an Gefühlsschen
1768 3408 2956 3458 amerikanische Gemüter, denn auch in Wien wird er zwar nicht
637 3397 1747 3479 In diesen Zeitläuften hat Arthur Schnitzler Sinn und
92 3444 537 3508 önlich zwingende Note
1775 3447 2949 3501 von mehreren Truppen seit Jahren, jedoch bereits über 100 mal
96 3451 1740 3536 riterium des Genies ist Bild des Dichters zu wahren gewußt, wie kaum ein an
1765 3493 2953 3543 gespiet, und die versöhnliche Tendenz, allerdings in kunstlosester
89 3518 1754 3597 Aug herausgerissen, als derer. Der herrliche Kopf, aus dem im Gespräch ein
1772 3533 2949 3575 Form, ist immerhin nicht unsympathisch und scheint der jüdisch¬
555 3558 1747 3611 blaues Augenpaar das Gegenüber durchleuchtet, wie die
1768 3575 2942 3622 katholischen Wiener Bevölkerung sehr zu behagen. Die Auf¬
92 3600 2953 3657 t werden, worin diese Sonnenstrahlen in zwei Fjorden wiederstrahlen, erschiene führung bringt ein Reinhardt-Ensemble-Gastspiel im Johann
82 3646 541 3696 t mir doch notwendig
566 3646 2949 3707 verehrungswürdig, selbst wenn man nichts wüßte, wer Strauß-Theater. Sie steht und fällt mit dem unaussprechlich hin¬
89 3678 530 3746 sch glutende Substan¬
1765 3693 2953 3739 reißenden, weiblichen Komiker Gisela Werbezirk. Was hier an
559 3696 1000 3764 Arthur Schnitzler ist.
92 3728 534 3775 des Bestes, das leiden
1775 3728 2949 3771 Pallenblech gewalt wird, das hat Goldwert. Ich muß noch laut
644 3721 1736 3796 Ob man von der oberschlesischen Heimat erzählt ode
89 3771 534 3835 e, wie wir sehen werden
1768 3771 2946 3817 lachen, wenn ich mich an den Werbezirkus erinnere. Herrlich
100 3792 1747 3860 der Heline" entgegen¬ der Dichter sich im Anschluß an die Lektüre der Tage-
1768 3814 2949 3856 wirkt der katholische Pfarrer Hugo Thimig's, mit sparsamsten
555 3839 2953 3895 bücher Theodor Herzl's erinnert, Persönliches mitteilt, und Mitteln so gütig gezeichnet, daß man ihm die Hand drücken
82 3849 530 3920 beschwingtes Streich
555 3885 2953 3938 wie stets bedeutsam urteilt, ob er die Bewunderung für möchte. Schwächer der Rabbiner des sonst prachtvollen Egon
75 3885 253 3952 Motto:
1772 3927 2949 3977 Friedell, begründet in der etwas farblosen Rolle. Köstlich
555 3924 1743 3974 sein neuestes Werk, das man vor wenigen Tagen dank¬
85 3931 242 3992 i-lirile,
1775 3967 2953 4016 typisch Gisela Werbezirks (Frau Isak Cohens) schlechtere
555 3970 1743 4027 bar empfing, das weise „Buch der Sprüche und Be¬
78 3977 167 4031 Mai.
1765 4009 2953 4056 Hälfte, von der die liebevolle Gattin allerdings behauptet, sie
114 4013 1747 4066 Klang, und dann sind denken wahrhaft rührend bescheiden, wie es nur das
1768 4048 2949 4088 sei nur so angezogen wie ein Mann. Schließlich muß sie es ja
89 4052 1743 4109 der der Heliane, 3 Ge- Genie sein kann, fast schüchtern abwehrt, wie er sprüchen¬
1765 4080 2946 4134 wissen, aber diese halbe Portion von Viktor Franz ist auch
