3392 4320
196 281 1027 392 1. Miscellaneous
1207 281 1634 396 box 42/2
2126 419 2753 565 Dr. Max Goldschmidt
2134 515 2753 627 Büro für Zeitungsausschnitte
2499 565 2926 665 Teleion: Norden 3051
1969 592 2234 704 BERLINNA
2169 727 2899 869 Türkische Post, Konstantinopel.
2422 861 2811 1027 1. Mai 1927
2057 1080 2807 1250 Anekdoten vom Theater.
2061 1242 2888 1330 Arthur Schnitzler und Hugo von of
1996 1311 2899 1380 mannsthal wollten sich bei den Salzbur¬
1999 1350 2895 1434 ger Mozart-Festspielen treffen. Schnitzler
1999 1407 2899 1476 war ein paar Tage eher dort, besorgte
1992 1438 2888 1530 Eintrittekarten und drahtete an Hof¬
438 1450 1073 1553 Dr. Max Goldschmidt
1992 1503 2884 1576 mannsthal : «Sitze besorgt Hotel Ro¬
450 1530 1065 1630 Büro. für Zeitungsausschnitte
1996 1553 2884 1634 mischer Kaiser, Schnitzler. — Wenige
1988 1596 2876 1680 Stunden später drahtet ihm Hofmanns
269 1588 538 1676 BERLINNA
807 1588 1242 1676 Telefon: Norden 3051
1992 1646 2888 1746 thal : «Warum sitzest besorgt Römischer
1976 1673 2522 1780 Kaiser Hofmannsthal.
588 1707 911 1784 Ausschnitt aus:
442 1765 1054 1861 Frankfurter Zeitung
538 1838 969 1996 22 Mai 1927
1450 1969 2526 2030 Sehr beliebt ist der junge Mann, Pold oder Franzl ge
1392 1999 2526 2072 heißen, fabelhaft gut gekleidet, hat aber nichts gelernt, kann
592 1999 1011 2103 Film-Wien.
3207 1999 3330 2115 He
1392 2061 2526 2111 nichts, nur „Küß die Hand" sagen und liebenswürdig, ander¬
523 2069 1080 2180 Eine Richtigstellung.
1392 2103 2526 2161 sagen: idiotisch lächeln. Es dürfen nicht fehlen: ein Fiaker,
2749 2080 3341 2157 Aus Anlaß des 50. Geburtstags von
2695 2130 3345 2199 (2. Juli) erscheint bei S. Fischer=Be¬
1380 2149 2515 2199 ein Blumenmädchen älteren Jahrgangs, eine rüstige alte Abort
600 2149 1007 2230 Von Adolf Walter.
2695 2192 3330 2261 des Dichters von Hugo Ball, der
1400 2192 2530 2242 frau, die sich ihrer losen Jugend erinnert. Dazu Riesenrad,
2688 2226 3172 2284 zum Vorabdruck entnehmen:
308 2199 1369 2276 Seit ungefähr einem Jahr kommen die Wiener in den
1396 2230 2526 2284 Ringelspiel, Opernkreuzung, altes Haus mit schlecht gepflaster¬
231 2276 1365 2326 Lichtspieltheatern aus dem Staunen nicht heraus. Stellen sie
1392 2284 2522 2330 tem Hof, Stephansplatz und zwei Männer, die zum Spiel von
2595 2249 3326 2338 Dem Dichter war von den Eltern die The
2549 2315 3322 2380 stimmt. So war es Tradition und bei jungen
235 2319 2518 2380 mit einem gerührten Auge fest, daß sie das beliebte Objekt Ziehharmonika und Gitarre in die Hände klatschen. Film Wien
2538 2365 3314 2415 Begabung das Gegebene. Die theologische
242 2365 1365 2415 für den deutschen Lustspielfilm geworden sind
2545 2399 3330 2449 nicht nur den Wünschen der Familie, sie war a
231 2403 1361 2457 müssen sie mit dem anderen heiteren immer wieder die Wahr¬
1457 2388 2518 2465 Das sogenannte süße Mädel war zweifellos einmal vor
2545 2434 3330 2503 Studium; denn für württembergische Thelog
231 2434 2522 2511 nehmung machen, daß das Objektiv nicht objektiv war; eine handen. In den Achtziger= und Neunzigerjahren, als die
2545 2480 3330 2538 Jahr an eine kostenlose Ausbildung; man
238 2499 2526 2553 neue, ihnen ziemlich unbekannte Rasse treibt sich auf der weißen Haupt= und Residenzstadt den großen Krach von 1873 hinter
2549 2518 3326 2568 genannte „Landexamen mit Erfolg zu beste
238 2538 1369 2588 Fläche herum, und eine eigens erfundene Stadt, in der es
1400 2557 3311 2607 sich hatte und die Industrie, auch in den Provinzstädten der diente dazu, aus ganz Schwaben jährlich
238 2576 1369 2626 ungemein lustig zugeht, hellt vor ihren Augen auf: Film-
1392 2592 3322 2642 Monarchie, mächtig aufblühte; als die Brünner reich geworden, Knaben im Alter von vierzehn Jahren aus
231 2618 1365 2676 Wien, die Entdeckung einiger unbekümmerter Filmleute, die
1388 2638 3330 2680 da zogen die Söhne nach Wien, sagten sich von Papas nahr als Stipendiaten in eines der niederen Ser
246 2668 1361 2738 — Paris, Montmartre und Moulin Rouge sind schon zu ab
1388 2668 3326 2726 haften Webstühlen los, wollten vom Handel nichts mehr wissen Urach, Blaubeuren) und später auf Staatsko
2542 2711 3311 2761 Universität, ins weltberühmte theologische
231 2711 1330 2768 genützt — ein dankbares Lustspielmilien vonnöten hatten.
1388 2715 2518 2772 und sind so auf die Literatur gekommen. Die Wiener Schule
2542 2734 3326 2807 wurden. Diese Prüfung blieb auch dem jung¬
288 2749 1361 2803 Mit jener nachtwandlerischen Sicherheit, die den Geschäfts
1392 2765 2526 2815 im Kaffeehaus des ersten Bezirkes bodenständig, unternahm
2538 2784 3322 2834 Um aber zugelassen zu werden, mußte der Kn
235 2795 1365 2845 mann ziert, fanden sie die Formel für das Wiener Wesen
1388 2799 2518 2857 dann und wann, damit die Sache nicht nur einen Namen hätte
2542 2826 3311 2872 bischer Staatsbürger werden. Der Vater ließ
238 2841 1357 2888 Drei Worte: süßes Mädel, Prater, Heuriger. Da
1388 2849 3314 2926 Reisen in die Wirklichkeit, in die Vorstädte, verband das Ange¬ der theologischen Karrière anno 90 oder 91
238 2876 1369 2934 von leben sie halbwegs einträglich und gedenken dem Ver¬
1388 2891 2518 2938 nehme mit dem Nützlichen, sie stiegen zu den Töchtern des Lan¬
2542 2907 3326 2957 und in Göppingen die Lateinschule besuchen.
231 2930 2518 2980 nehmen nach bis hundert Jahre das heitere Gewerbe zu üben, des herab, anspruchslosen Kindern einer halbwüchsigen Zeit
2595 2945 3326 3014 Die Darstellung des Landes=Examens un
238 2972 1357 3022 Das Rezept: man nehme fünfhundert Meter Wiener Baulich
1380 2972 2515 3034 denen ein Paar Lackstiefletten nach Maß und eine hübsch
2549 2972 3314 3026 zeit in „Unterm Rad" ist lebensgetreu.
227 3011 1365 3061 keit, sechshundert Meter schneidigen Husarenoberleutnant
1388 3014 3326 3068 Bluse größten Luxus und höchste Glückseligkeit bedeuteten. Joseph Giebenrath und ist nicht Missionspre
238 3057 1369 3107 siebenhundert Meter fesches Wiener Mädel, immer lustig,
2545 3064 3322 3122 schenhändler und Agent. Nur das Erlebnis in
1392 3064 2522 3114 Arthur Schnitzler hat diese versunkene Umwelt der Herren¬
235 3095 1357 3149 traurig auch zuweilen, doch nicht länger als vierzig Meter
1396 3095 3318 3149 söhne und Vorstädchen einmalig und unübertroffen ge= der Persönlichkeit, die auch sonst in Hesse
2542 3138 3299 3191 „Lauscher, im „Demian", in „Kle
231 3138 1369 3191 Mädel schenkt sich hin, das ist ihr idealer Lebenszweck, dann
1396 3138 2515 3218 schildert; eine Unmenge von Nachempfindsamen versuchte sich
2538 3176 3314 3222 hervortritt, an zwei Freundesgestalten verte
238 3191 1984 3241 Abschiedsschmerz, Offizier heiratet Dame der Gesellschaft, an dem erotisch reizvollen Stoff.
2542 3214 3314 3268 Hermann Heilner aus Maulbronn ist des T
235 3222 1357 3280 langweilig zwar, aber was tuts, so steht es geschrieben in der
1457 3203 3311 3318 Nunmehr aber, nach reichlich vierzig Jahren, da ein neues, aus dem Seminar. Aber auch die seelischen
238 3272 1369 3318 Sternen. Kann auch ostpreußischer Gutsbesitzer sein, auf Ge¬
1388 3280 2518 3330 gründlich verändertes Geschlecht lebt, verschieden in der Lebens
235 3314 2518 3376 schäftsreise in Wien weilend Mädel ehelicht gutmütig=ehrsamen weise und in der Art zu denken, eines, das auf die Vorher¬
235 3357 3326 3422 Anstreichermeister. Wird Knödel kochen und Kinder kriegen, menschen aus allerlei triftigen Gründen nicht gut zu sprechen Prater und hat dort mühelos die gleichspro
231 3395 1365 3449 Rundlich und kurzsichtig geworden, nimmt sie dreißig Jahre
1392 3411 3303 3464 ist; in der Zeit des Frauensports, des Eindringens der Mäd¬ den; die jungen Leute besorgen das jetzt
238 3449 3311 3503 später nachdenklich die Brille ab, um besser mit dem geistigen chen in alle Berufe und ihre Einbeziehung in den gewerkschaft Budapest und sonstwo. Es soll noch immer
231 3491 3307 3541 Auge zu sehen: verklärten Antlitzes überblendet sie in ein lichen Rahmen, stimmt dieses süße Mädel des Filmonkels us mel sein, aber der Prater hat jedenfalls an
238 3530 1369 3580 glücklich liebend Paar, sie selbst und Graf Hohenstein von den
1392 3537 3311 3587 Neubabelsberg, besonders wenn es im kniefreien Rock und kur= verloren. Früher einmal führte der näch¬
238 3580 3311 3634 Viererulanen oder Erlaucht Schnecki vom Auswärtigen. Und zem Haar mit feschen Dragoneroffizieren aus der seligen Luft in den Prater. Seit die Touri
238 3618 1065 3668 die alten Praterbäume rauschen ihr Lied.
1380 3618 3311 3699 Monarchie zu einem vorher aufscheinenden Walzertext moderne mäßigungen auf den Bahnen zu vergebe
296 3634 2003 3714 Hinzu kommen noch: der alte Wiener, mit Kaiserbart, lange Tänze strampelt, ungemein heiter
2534 3660 3311 3718 bessere junge Mann ordentliches Mitglied u
231 3687 1361 3757 Virginiazigarre im Mund, die immer gleich lang bleibt
1446 3707 3311 3753 Auch der Volksprater war einmal. Es steht zwar noch eine din ehrbarst auf den Semmering oder auf
238 3733 2522 3807 ein alter Zauberer, der ab und zu turnübungähnliche seitliche Bude neben der andern, aber der, von dem die Gegend den
2545 3753 3311 3803 Prater wurde im großen Ganzen auf die C
238 3783 1369 3837 Armbewegungen macht und singend die zweifellos zutreffende
1396 3795 3307 3860 Namen Wurstelprater hatte, der Wurstel ist verschwunden. So liegenden Bezirke beschränkt, und so man
238 3833 1369 3883 Tatsache „I bin a alter Weana" neuerlich bestätigt. Sein
1392 3833 3311 3891 gar die Kinder sind nicht mehr naiv genug, sich die Belusti= aus einem Film berlinischer Erzeugung,
235 3883 2522 3933 Linke hält meist ein mit Wein zur Hälfte gefülltes Stutzengas, gungsmethoden der Großväterzeit gefallen zu lassen. Der
2545 3880 3099 3933 flugsort noch auf der Welt ist.
242 3922 1373 3968 Aufschrift mit schwach durchscheinenden Notenzeilen und einem
1396 3922 2526 3976 Prater war seinerzeit der große Liebesmarkt einer mäch¬
2599 3907 3307 3980 Man unterscheidet ferner den wirkliche
235 3957 3311 4022 überlebensgroßen Violinschlüssel: „Es gibt nur a Kaiser= tig aufstrebenden Großstadt. Was das kaiserliche Wien an heurigen. Dieser ist auf allen Ankündigung
242 3999 1373 4060 stadt" und „Menschen, Menschen san ma alle", liedmäßige
1396 4010 3303 4064 strammer tschechischer, polnischer, ungarischer, ruthenischer, kroa¬ Autotaxi führen zu ihm, einer ins Na¬
242 4049 892 4122 Behauptungen, die anfechtbar sind,
1373 4049 3311 4137 tischer Mannschaft verfügbar hatte, ergoß sich Sonntags in den tragenen Nachahmung einer früher volksti
