3392 4320
183 235 290 340 11
362 256 1023 358 Miscellaneous
379 904 991 1045 in
458 991 1063 1081 Dr. Max Goldschmidt
457 1059 1072 1153 Büro für Zeitungsausschnitte
815 1139 1227 1196 Telefon: Norden 3051
287 1145 534 1224 BERLIN N4
606 1244 912 1310 Ausschnitt aus:
523 1303 1009 1393 Prager Tagblatt
852 1377 1201 1495 26
231 1458 472 1535 zu dirigieren.
263 1499 1182 1575 Schnitzler und Schönherr, Zu Schönherrs 60. Ge¬
223 1541 1183 1612 burtstag sendet ihm A. Schnitzler folgenden Brief¬
237 1603 1183 1649 Lieber und verehrter Karl Schönherr Gestatten Sie¬
237 1633 1171 1686 daß ich mich zum heutigen Feste bescheiden mit zwei
235 1662 1165 1727 Anekdoten einstelle. Vor ein paar Jahren fuhr ich
240 1721 1165 1766 nach Deutschland. Paßvisitation. Der Beamte, ver¬
248 1751 1165 1810 ständnis= und hochachtungsvoll: „Ah, „Glaube und
237 1786 1153 1843 Heimat“. — Ich: „Leider ein. „Glaube und Heimat
244 1828 1158 1894 ist von Schönherr. Ich heiße A. S.“ — Der Beamte,
247 1866 1142 1931 etwas unmutig, dann wieder gefaßt: „Also — doch!
251 1905 1164 1970 Dies konnte ich freilich nicht leugnen. Das habe ich
248 1945 1170 2016 Ihnen vielleicht schon erzählt. Nun aber lesen Sie,
244 1984 1170 2054 was mir heuer in Berlin vor wenigen Wochen
254 2026 1171 2092 passiert ist. Der Sekretär eines größeren Theaters
248 2079 1177 2128 läßt sich bei mir melden. Er ersucht mich im Namen
251 2107 1186 2166 der Direktion um Ueberlassung des „Reigen. Ich
251 2153 1179 2218 lehne ab. Der Sekretär: „Vielleicht aber könnten wir
251 2186 1164 2258 etwas anderes vom Herrn Doktor aufführen." —
911 2226 1170 2276 — Der Sekre¬
257 2234 870 2291 Ich: „Ich bitte um einen Vorschlag.
257 2267 1179 2335 tär (nach einigem Nachdenken): „Vielleicht einen
754 2304 1184 2379 Ich: „Man müßte doch
257 2314 639 2379 Zyklus Ihrer Stücke.
254 2353 1180 2406 mit einem anfangen. Bitte." — Der Sekretär (nach
262 2385 1183 2452 noch längerem Nachsinnen): „Wie wäre es mit „Volk
262 2428 1186 2492 in Not“? — Ich: „Das kann ich Ihnen leider nicht
294 2478 1186 2530 berlassen.“ — Der Sekretär (etwas verletzt):
303 2502 1187 2575 Warum?" — „Ich: „Weil es nicht von mir, sondern
260 2548 1189 2607 von Schönherr ist. — Der Sekretär: „Oh!“ — Ich:
269 2588 1189 2656 „Vielleicht können Sie mir ein anderes Stück
263 2629 1189 2696 nennen?“ — Er kannte keines — der Zyklist. Nach¬
265 2674 1190 2734 dem diese beiden wörtlich wahren Geschichten mehr
275 2715 1192 2777 zu Ihrer Biographie, lieber Freund, gehören als zu
272 2743 1196 2807 meiner, fühle ich mich angenehm verpflichtet, sie
269 2783 1193 2850 Ihnen mitzuteilen. — Zur Feier des 60. Geburts¬
266 2824 1190 2885 tages von Karl Schönherr hatten mehrere Wiener
272 2869 1196 2928 Theater, so auch das Burgtheater, Festaufführungen
271 2906 1195 2962 seiner Schauspiele veranstaltet. Das Deutsche Volks¬
271 2944 1196 2999 theater brachte die Neueinstudierung von „Glaube
266 2983 1198 3031 und Heimat“. In der Begrüßung sagte Direktor
272 3028 1204 3079 Dr. Beer, daß Schönherr vor 25 Jahren auf dieser
275 3061 1199 3119 Bühne seinen Einzug hielt, so daß er und das
275 3095 1202 3151 Deutsche Volkstheater heute zugleich das Fest der
277 3136 1202 3190 silbernen Hochzeit begehen. Der Dichter, der der
290 3181 1199 3233 Feier beiwohnte, wurde von den Vertretern der Be¬
278 3216 1199 3271 hörden und des Deutschen Schriftstellerverbandes, der
278 3250 1202 3309 Schönherr als Geburtstagsgeschenk die neugestiftete
281 3292 1205 3349 Grillparzermedaille überreichte, sowie von Vertretern
278 3329 1208 3403 der Presse, Schriftstellern und Schauspielern in An¬
291 3366 1202 3428 sprachen geehrt. Der Dichter sprach in einigen
290 3403 1205 3462 launigen Sätzen seinen Dank der Stadt Wien aus,
290 3451 1207 3503 die ihn die Sehnsucht gelehrt und dadurch seine
284 3487 1208 3536 Heimatwerke zur Entfaltung und Reise gebracht
296 3522 1199 3584 habe. Der Festvorstellung wohnte auch Bundes
284 3571 682 3655 präsident Hainisch bei.
1211 251 1640 358 box 42/2
1959 1011 2560 1125 Dr. Max Goldschmidt
1958 1077 2560 1190 Büro für Zeitungsausschnitte
1772 1142 2023 1216 BERLIN N4
2313 1177 2716 1266 Telefon: Norden 305
2097 1270 2403 1346 Ausschnitt aus:
1801 1312 2682 1442 Deutsche Tageszeitung, Berlin
2091 1474 2477 1567 17. März 1927
1925 1588 2555 1681 Gina Kaus: „Toni".
2032 1661 2447 1748 Kammerspiele.
1723 1748 2816 1804 Ein Schulmädchendrama in neun Bildern. Jugend von heute,
1638 1788 2820 1844 die sich selber „aufklärt, doch dabei nicht weniger leicht als die
1656 1834 2808 1885 frühere um die Konflikte herumkommt. „Frühlings Erwachen
1649 1881 2824 1949 in neuer Auflage, aber matter, überlegter, redseliger. Oft ein
1638 1918 2418 1982 Wort zu viel, wo die „Geste“ genügt hätte.
1726 1971 2820 2038 Ehe Toni, die Fünfzehnjährige, Herbe, Knabenhafte, das Tor
1641 2021 2817 2085 zur reinen Liebe finden kann, zu ihrem Jugendgespielen, muß sie
1644 2075 2820 2122 erst durch die Hände eines blasierten Jünglings gehen, der ihr
1650 2115 2814 2163 mit Weiningerschen Philosophismen den Kopf wir macht und in
1637 2153 2688 2209 dem Mädel ein für seine Erotik williges Werkzeug findet.
1717 2203 2814 2264 Die letzte Szene, die „knallige Auseinandersetzung der beiden
1647 2254 2817 2301 Jünglinge, ist flaches Theater, aber der Weg zu diesem Ende, das
1650 2295 2817 2350 für Toni der Anfang zu neuem Leben, zu wahrem Weibtum ist,
1644 2333 2697 2391 dieser Weg ist streckenweise von einer sicheren Hand gebaut.
1717 2384 2820 2437 Gina Kaus stellt ein halbes Dutzend klarer Mädchentypen
1644 2437 2816 2490 auf die Bühne. Halbflügge Geschöpfe. Nicht mehr Kind und noch
1643 2480 2820 2529 nicht Weib. Es ist manchmal peinlich, den Gesprächen dieser
1647 2523 2817 2567 „Erwachenden zu folgen. Sie treiben sozusagen an sich selber
1647 2558 2807 2607 Freudsche Psychoanalyse, fast instinktmäßig, aus der „Mentalität"
1638 2595 2813 2653 der frühreifen Mädel von heute. So finden sie sich rascher mit
1631 2653 2816 2708 dem Leben ab. Sie ertragen die Schule oder sie schütteln sie ab
1643 2697 2811 2750 und laufen in den Ehehafen ein. Diese „Entwicklung" ist durch¬
1634 2737 2811 2779 aus konventionell. Gemäßigter Schnitzler. Aber einzelne Cha¬
1641 2780 2811 2824 raktere sind scharf gesehen und werden in der von Heinz Hil¬
1638 2824 2790 2872 pert mit bestem Takt geleiteten Aufführung bezwingend „echt
1641 2860 1837 2921 dargestellt.
1711 2894 2808 2966 Sonik Rainer ist Toni. In Haltung, Gebärde und
1638 2955 2814 3011 Stimme schon herb, und im Spiel ganz verhaltene Innerlichkeit,
1641 2996 2808 3045 verborgene Glut. Grete Mosheim ist die Unbekümmerte,
1638 3040 2808 3091 die durchs Leben strolcht und dabei gut fährt. Hertha Pauli
1637 3085 2808 3131 ist die ähnlich veranlagte, die den kleinen goldschweren Nathan¬
1647 3125 2814 3173 son heiratet, sich aber schon vorher den Hausfreund sichert. Toni
1638 3169 2808 3216 van Eyck ist das echte Mädel mit dem Kindergemüt; nur Sybil
1641 3209 2808 3280 Rares ist die eigentlich Problematische, die Tragische mit dem
1638 3256 2088 3317 verkümmerten Weibtum.
1718 3315 2807 3370 Von den beiden jungen Männern ist Matthias Wie¬
1633 3366 2805 3420 mann der gerade Kerl, das große Kind mit dem guten Herzen;
1641 3404 2811 3456 ein sympathischer Junge. Lothar Müthel findet sich mit
1634 3447 2811 3500 dem andern, der mit aufgelesener Philosophie protzt, aber den
1637 3488 2811 3539 vitalsten Genüssen huldigt, gut ab. Sonst gibt's noch verschiedene
1644 3533 2804 3601 Schablonentypen, um die sich Hadrian M. Netto, Karl
1638 3574 2058 3644 Elzer u. a. bemühen.
2464 3611 2782 3689 Hugo Kubsch.
