3344 4320
188 253 262 351 1
332 250 1009 368 Miscellaneous
243 1037 387 1095 M.
280 1126 1225 1190 Argus Suisse et international de la Presse S.A
497 1182 1035 1239 23, Rue du Rhône - GENEVE
286 1228 1236 1306 Adr. télg: Coupures-Genève - Tél. Stand 40.05
300 1334 1227 1399 Bureau international de coupures de journaux.
416 1398 1128 1456 Traductions de et en toutes langues.
304 1505 1239 1586 Correspondants dans toutes les grandes villes.
292 1643 721 1716 Extrait du Journal:
290 1653 1145 1798 Adresse: PRAGER PRESSE DE
292 1839 419 1904 Date:
289 2076 1114 2233 Rotheryere billigt alles...
195 2162 1144 2298 Das Urteil über Hatvany der „Gerechtigkeit ent¬
601 2250 795 2305 sprechend.
354 2273 997 2379 on unserem Korrespondenten
280 2322 1138 2451 k. Budapek, 11. Februar Wie nunmehr bekannt
234 2376 1138 2498 wird, haben sich die österreichischen Schriftsteller
238 2425 1128 2541 thur Schnitzler und Felix Halten tele¬
222 2477 1122 2586 graphisch oder Intervention
226 2515 1119 2612 zu Gunsten des Baron dat van ge¬
219 2562 1126 2688 wendet. Diese beantwortete das Ersuchen mit fol¬
213 2598 570 2666 gendem Schreiben:
292 2645 1111 2763 Baron Havany erhielt eine strenge Strafe,
231 2688 1111 2806 weil er in seinen Artikeln eine gewaltsame Aktion
231 2745 1103 2848 gegen die ungarische Regierung und die ungari¬
229 2776 1102 2884 sche Nation betrieben hatte. Im meiner¬
226 2821 1097 2939 seits sehr wenig Unterschied in der Kriegführung
225 2874 1095 2971 mit der Feder und mit dem Säbel. In diesen
214 2913 1093 3023 schweren Zeiten haben die Schriftsteller die äußer¬
208 2952 1090 3065 ste Enthaltsamkeit und Behutsamkeit in ihren
200 3004 1090 3102 politischen Schriften zu üben. Ich bin ein Für¬
206 3032 1083 3144 sprecher der strengsten Verurteilung solcher
202 3082 1078 3194 Schriftsteller, die leichtfertig andere in Gefahren
191 3127 1076 3238 bringen wollen, die sie selbst nicht zu übernehmen
191 3167 1072 3284 geneigt sind und die durch ihre Tätigkeit bewußt
180 3205 1076 3321 Unfrieden und revolutionäre Bewegungen zu
182 3258 1101 3379 entfachen trachten. Nach dem zu schließen, was ich
176 3303 1070 3411 von der ungarischen Rechtssprechung weiß, hab¬
179 3332 1053 3438 ich keine Ursache daran zu zweifeln, daß in die=
180 3375 1054 3516 sem Falle ein der Gerechtigkeit entsprechendes
168 3421 556 3529 Urteil gefällt wurde.
1187 268 1614 354 box 42/3
1770 1209 2656 1300 Argus Suisse et international de la Presse .A.
1916 1288 2498 1358 23, Rue du Rhône - GENEVE
1736 1314 2685 1407 Adr. télégr.: Coupures-Genève — Tél. Stand 40.05
1751 1422 2671 1479 Bureau International de coupures de journaux.
1856 1481 2590 1532 Traductions de et en toutes langues.
1770 1577 2655 1641 Correspondants dans toutes les grandes villes.
1702 1700 2114 1771 Extrait du Journal:
1991 1720 2519 1824 our tota. Paris
1706 1804 1904 1876 Adresse:
2211 1803 2533 1924 1
1706 1902 1849 1981 Date:
1830 2119 2655 2218 L'AFFAIRE HATVANY
1771 2232 2677 2311 Une intervention de Lord Rothermere
1862 2291 2668 2349 Les journaux viennois reproduisent une dé¬
1723 2340 2670 2407 Tarif pêche de Budapest, de source officieuse, annon¬
1728 2377 2670 2440 d'avant que Lord Rothermere, répondant au télé¬
1771 2412 2668 2478 de gramme par lequel les écrivains autrichiens
1836 2464 2674 2504 Schnitzler et Salten sollicitèrent son interven¬
1832 2483 2677 2542 tion en faveur de Havany, condamné pour délit
1718 2525 2677 2568 presse par un tribunal hongrois, déclare ne
1826 2567 2671 2621 navoir de différence intrinseque entre la lutte
1836 2604 2677 2654 par le la lutte par la plume. Lord Ro¬
1832 2642 2680 2694 thermere estime que, si Hatvany avait été pris
1836 2684 2671 2729 en flagrant délit dans une action à main armée,
1826 2722 2184 2772 il aurait été fusillé.
1864 2745 2677 2799 Il ajoute qu'il est partisan des peines les plus
1836 2800 2677 2843 sévères contre les écrivains qui envoient les
1832 2837 2680 2893 autres au danger et attisent consciemment la
1836 2879 2355 2939 discorde, voire la révolution.
1870 2921 2683 2967 Lord Rothermere conclut en recommandant
1836 2947 2680 2998 aux écirvains, par ces temps difficiles, le maxi¬
1831 3001 2677 3041 mum de réserve et de prudence dans leurs ou¬
1838 3032 2680 3074 vrages, et en exprimant sa conviction que les
1841 3069 2531 3129 juges hongrois ont jugé selon la vérité.
1874 3099 2671 3157 La Nouvelle Presse Libre s'étonne qu'un An¬
1850 3224 2695 3285 glais adopte un tel point de vue, l'Angleterre
1850 3268 2695 3330 ayant traditionnellement défendu depuis des siè¬
1850 3314 2343 3377 cles la liberté des opinions.
1888 3326 2701 3400 La Wiener Allgemeine Abendzeitung prétend
1858 3388 2701 3448 que M. Schnitzler n'a pas encore connaissance
1856 3421 2702 3487 de la réponse de Lord Rothermere, et s'étonne
1858 3461 2701 3520 que le publiciste anglais ait cru devoir commu¬
1856 3497 2701 3583 niquer préalablement cette réponse au gouver¬
1858 3550 2186 3612 nement hongrois
