3392 4320
148 212 1013 324 1. Miscellaneous
1191 212 1621 327 box 42/2
635 795 1079 907 Neues Wiener Journal
1536 819 1941 913 12. November 1927
2407 832 2652 928 Nr. 12.202
1609 877 2697 980 Fachmännische Beratung durch BETTARENHAUS
1609 965 2691 1040 Berthold Samen, III., Lerchenfelderstrasse 30
360 819 1572 1058 sind ihre Betten!
1615 1025 2694 1095 Telephon Nr. 26-2-75. Qualitätsarbeit eigener Erzeugung
299 1037 2700 1146 eunten Armee einheitlich zu operieren, veranlaßt Conrad, seine sein ganzes Herz schlug, unbemerkt zu sehen und mit zwei, drei
278 1104 2697 1200 Forderung nach einheitlichem Oberkommando immer lauter zu ver= Liedern einen Komponistenruhm und eine Popularität zu erringen,
281 1161 2700 1255 treten. Preußisches Selbstbewußtsein ist dafür nicht zu haben, die jene seiner anderen Arbeiten getötet und die ihn erbittert hat:
281 1206 2697 1285 Chronischer Zwiespalt der Meinungen zeitigt latente Gefahren für immer wieder wurde von seinen hundert Liedern, unter denen
281 1252 2685 1343 die gesamte Kriegführung im Osten, besonders nach dem miß¬ prachtvolle sind, nur der „Astra“ und „Gelb rollt mir zu Füßen
275 1297 1482 1367 glückten Vorstoß der deutschen neunten Armee aus Warschau und
1503 1327 2700 1382 gesungen und den Kehrreim dieses Liedes, dessen Verbreitung er
287 1352 2688 1436 Iwangorod, den Hindenburg trotz Conrads Warnung unter= als Fluch und als Hindernis für seine großen Werke empfand,
281 1394 526 1470 nommen hat.
1497 1415 2694 1476 hat er mit grimmigem Stoßseufzer oft in sein Gegenteil ver¬
390 1421 1349 1515 Kaiser Franz Josef billigte Conrads Gedanken,
1376 1460 2703 1560 einen wandelt: „Ach, wenn es nicht immer so bliebe. Aber es ist für
272 1494 1808 1590 gemeinsamen Oberbefehl der Verbündeten im Osten zu schaffen, ihn so geblieben.
275 1545 1485 1612 Da ein solcher Oberbefehl, der weit überwiegenden Truppenzahl
1609 1554 2697 1627 Am schönsten und fruchtbarsten wirkt sich ein Erfolg aus,
281 1594 2697 1675 wegen, aber nur ein österreichischer sein könnte, ist Kaiser Wilhelm den der Künstler nicht in der Jugend, sondern erst in den Jahren
275 1630 2700 1717 dagegen, weshalb Conrad um seine Enthebung bittet. Worauf der Reise erlebt. Er ist gefestigt und ausgeprägt, kann nicht mehr
275 1678 1473 1766 Kaiser Franz Josef am 6. November 1914 an Erzherzog Friedrich
1503 1702 2697 1769 irre gemacht werden, ist durch Enttäuschung und Erkenntnis seines
281 1730 484 1805 depeschiert:
1494 1751 2703 1811 eigensten Weges sicher geworden; jetzt kann ihm der Erfolg nur
393 1745 2694 1863 „Die geäußerten Bedenken würdigend, gebe ich den Gedanken mehr neuen Schwung und neue Kraft geben. Kann den Müde¬
266 1811 2694 1923 zur Anregung der Schaffung eines gemeinsamen obersten Kom¬ gewordenen wieder ankurbeln, aber seine Haltung und sein Wesen
275 1869 968 1944 mandos der verbündeten Armeen auf.
1497 1902 2697 1953 nicht mehr bestimmen. Henrik Ibsen, Konrad Ferdinand Meyer
390 1911 1473 1990 Gleich Dir bewahre Ich dem G. d. J. v. Conrad jedoch
1503 1944 2694 2014 haben vielleicht eben dem Schicksal, daß sie Erfolgsspätlinge
275 1956 1430 2056 vollstes Vertrauen, was ich ihm gleichzeitig besonders bekunde.
1491 1996 2694 2065 waren, die Stetigkeit und die verantwortungsvolle Langsamkeit
1167 2026 1415 2095 Franz m. p.
1494 2038 2688 2105 ihrer Produktion zu danken und es ist nicht die schlechteste Gabe,
387 2035 1473 2141 Aber der Zwist dauert fort, die Verstimmung findet stets
1500 2083 2691 2159 die durch solches Warten in selbstbewußter Geduld erlangt wird.
269 2132 1479 2189 neue Ursachen und Anlässe. Auch Ludendorff, als eigentlicher
1603 2135 2694 2198 Während ein anderer, vielleicht nicht eben tragischer, aber
275 2168 2691 2244 Leiter der Operationen im Osten, greift persönlich ein Verwahrt doch leidvoller Fall der des ideellen Erfolges ist, der durch keinen
278 2216 1470 2292 sich gegen Conrads stets erneute Anklage, daß Hindenburgs Maß¬
1497 2235 2691 2289 materiellen bestätigt wird. Nichts ärger für einen Künstler, als
272 2271 1463 2365 nahmen die Operationen des österreichisch-ungarischen Heeres un
1494 2274 2685 2343 fortwährend von seinem Ruhm, vom Glanz seines klingenden
275 2319 735 2386 günstig beeinflußt hätten.
1488 2319 2685 2386 Namens, vom Umfang seiner Gemeinde zu hören und dabei
390 2340 2685 2458 Conrad beschwert sich darüber in einem Schreiben vom Mangel zu leiden, weil man seine Bücher oder Bilder oder Ton¬
263 2392 880 2489 8. November 1914 an Bolfras:
1494 2419 2685 2489 stücke nicht kauft und von seiner Kraft keinen Gebrauch macht.
399 2437 2682 2525 ... „Daß mit einem Oberkommando, dessen Generalstabs= Es hat etwas Aufreizendes und Beschämendes, von allen Seiten
260 2473 1470 2579 chef Ludendorff geheißen hätte, die Interessen unserer Monarchie
1497 2516 2688 2582 Zustimmung und Anerkennung zu empfangen, zu wissen, daß sie
269 2552 2685 2625 und unserer Armee ganz in den Hintergrund gedrängt worden berechtigt ist, aber nicht zu wissen, wie der Haushalt am nächsten
260 2603 2682 2673 wären, steht für mich außer Zweifel. Auch leide ich jetzt zu sehr Tag bestritten werden soll. Es ist eine der häufigsten Erscheinungen
263 2658 2679 2727 an den Folgen der ganz unüberlegten Operation Ludendorffs an und eine der bedrohlichsten, weil viel sittliche Kraft dazu gehört,
272 2697 2688 2773 der Weichsel, bei der wir dank bundestreuer Mitwirkung die in solcher Lage rein zu bleiben, keine Konzessionen zu machen
269 2749 2685 2851 Schlagkraft unserer ersten Armee einbüßten . . . Meines Ver- und das Gewissen nicht durch Hinabgleiten zu marktgängiger
260 2800 1043 2857 bleibens wäre dann nicht länger gewesen
1482 2800 2059 2879 Minderwertigkeit zu beschweren.
378 2845 1467 2912 So geht es fort durch den strategisch-taktisch harten Winter
1594 2851 2676 2921 Ueberhaupt: es dürfte nicht leicht zu entscheiden sein,
260 2882 2682 2960 und nur mühsam wird der immer wieder klaffende Feldherrnzwist ob im allgemeinen der Erfolg oder die Erfolglosigkeit den
263 2939 2682 3009 überbrückt. Erst im Frühjahr gelingt die Einrenkung und gedeiht Charakter mehr verdirbt. Wahrscheinlich ist, daß der Erfolg die
260 2987 2691 3066 zu restloser Uebereinstimmung, zu großzügigem Einheitsplan. Und gefährlichere Verführung dazu bedeutet. Aber sicherlich auch die
266 3042 1116 3108 gewaltig erdröhnt als Wirkung: Gorlice!
1476 3042 1724 3108 angenehmere.
1569 3139 2585 3269 Anekdoten von Königen,
414 3121 1297 3299 Psychologie des Erfolgs.
816 3290 904 3356 Von
668 3326 1061 3420 Richard Specht.
1476 3335 1563 3408 (Ein
1482 3396 1615 3459 Diskret
357 3387 1460 3477 Vor kurzem hat Erwin Stranik an dieser Stelle über die
197 3453 1457 3520 Psychologie der Erfolglosigkeit gesprochen und hat eine Reihe inter¬
248 3514 1460 3562 essanter Paradigmen in feinen Abschattierungen hingestellt. Aber
251 3517 1600 3628 vielleicht sind die Erscheinungen des Erfolges und seine verschieden. Georg
1467 3580 1597 3638 er no¬
251 3601 1019 3650 artigen Auswirkungen noch vielgestaltiger.
1476 3625 1600 3683 und
363 3616 1594 3731 Nur ganz wenige sind ihm menschlich gewachsen. Daß die den
248 3668 1451 3759 meisten durch ihn eitel und hochmütig werden, wäre das wenigste
1476 3719 1587 3783 lassen
251 3737 1457 3798 Künstler, mögen sie nun Schriftsteller, Tonsetzer, Maler oder
1476 3768 1581 3825 einem
263 3789 1454 3849 Schauspieler sein, die der Erfolg nicht überheblich macht, sind
1473 3819 1584 3876 gleich,
257 3831 1448 3892 ganz selten; ebenso selten jene, die ihm dann nicht nachlaufen
1476 3864 1581 3931 enthie
251 3889 1448 3940 will sagen: die der sofort erfolgenden Etikettierung nicht erliegen
1470 3916 1557 3973 trug
260 3934 1451 3985 und fortan die Komödie, die Symphonie, das Bild, die Rolle,
1470 3961 1551 4019 ihm
254 3970 922 4037 die den Erfolg gebracht haben,
968 3973 1451 4046 nicht immer wieder in
251 4022 1451 4079 ihren Wesenszügen wiederholen oder doch wenigstens variieren.
1473 4009 1572 4112 Kön.
254 4076 1454 4133 Und auch solche sind zu zählen, die der Gefahr
