<?xml version="1.0" encoding="UTF-8" standalone="yes"?>
<PcGts xmlns="http://schema.primaresearch.org/PAGE/gts/pagecontent/2013-07-15" xmlns:xsi="http://www.w3.org/2001/XMLSchema-instance" xsi:schemaLocation="http://schema.primaresearch.org/PAGE/gts/pagecontent/2013-07-15 http://schema.primaresearch.org/PAGE/gts/pagecontent/2013-07-15/pagecontent.xsd">
    <Metadata>
        <Creator>prov=READ-COOP:name=PyLaia@TranskribusPlatform:version=2.12.1:model_id=39995:lm=provided:date=28_03_2024_22:49</Creator>
        <Created>2019-10-07T20:37:10.115+02:00</Created>
        <LastChange>2024-03-28T22:49:37.717+01:00</LastChange>
        <TranskribusMetadata docId="224457" pageId="9578482" pageNr="30" tsid="156410716" status="IN_PROGRESS" userId="40391" imgUrl="https://files.transkribus.eu/Get?id=HZOHRBJCXRTVLLNKWPJVGTXZ&amp;fileType=view" xmlUrl="https://files.transkribus.eu/Get?id=NGAQVBOVEJOOJEVDOOLDRRPC" imageId="6208111"/>
    </Metadata>
    <Page imageFilename="224457_0030.jpeg" imageWidth="3436" imageHeight="4320">
        <ReadingOrder>
            <OrderedGroup id="ro_1712662138141" caption="Regions reading order">
                <RegionRefIndexed index="0" regionRef="tr_1"/>
            </OrderedGroup>
        </ReadingOrder>
        <TextRegion orientation="0.0" id="tr_1" custom="readingOrder {index:0;}">
            <Coords points="125,251 125,4189 3325,4189 3325,251"/>
            <TextLine id="tr_1_tl_1" custom="readingOrder {index:0;}">
                <Coords points="1166,292 1348,300 1375,273 1478,304 1541,277 1573,304 1601,292 1601,194 1561,206 1466,194 1304,225 1261,206 1166,213"/>
                <Baseline points="1188,271 1214,271 1241,271 1267,271 1294,271 1320,271 1347,271 1373,271 1400,273 1426,275 1453,277 1479,277 1506,276 1532,273 1559,272 1585,274 1612,277"/>
                <TextEquiv>
                    <Unicode>box 42/3</Unicode>
                </TextEquiv>
            </TextLine>
            <TextLine id="tr_1_tl_2" custom="readingOrder {index:1;}">
                <Coords points="308,308 996,308 996,206 937,190 739,217 688,186 557,206 451,190 395,213 308,186"/>
                <Baseline points="331,271 364,273 398,272 431,272 465,274 499,276 532,280 566,283 599,283 633,281 667,280 700,279 734,277 767,277 801,276 835,274 868,274 902,272 935,274 969,279 1003,286"/>
                <TextEquiv>
                    <Unicode>Miscellaneous</Unicode>
                </TextEquiv>
            </TextLine>
            <TextLine id="tr_1_tl_3" custom="readingOrder {index:2;}">
                <Coords points="174,814 1549,834 1751,810 1747,704 1601,751 1411,711 1004,739 818,696 723,747 656,700 170,711"/>
                <Baseline points="197,767 274,767 352,768 430,773 508,773 586,775 664,778 742,779 820,782 898,784 976,785 1053,785 1131,788 1209,791 1287,794 1365,794 1443,797 1521,797 1599,800 1677,800 1755,803"/>
                <TextEquiv>
                    <Unicode>IL PICCOLO di Trieste. Pag. IV, martel 1.0 maggio 1975. Anno VI</Unicode>
                </TextEquiv>
            </TextLine>
            <TextLine id="tr_1_tl_4" custom="readingOrder {index:3;}">
                <Coords points="233,1047 332,1012 372,1043 447,1024 474,1043 561,1024 664,1032 660,834 545,826 526,842 478,818 387,842 340,822 225,830"/>
                <Baseline points="253,1009 279,1007 305,1006 331,1006 358,1005 384,1003 410,1003 437,1004 463,1007 489,1008 516,1006 542,1007 568,1009 595,1013 621,1016 647,1017 674,1018"/>
                <TextEquiv>
                    <Unicode>R</Unicode>
                </TextEquiv>
            </TextLine>
            <TextLine id="tr_1_tl_5" custom="readingOrder {index:4;}">
                <Coords points="759,1036 846,1051 889,1016 933,1047 1016,1043 1008,842 945,862 862,826 846,838 751,834"/>
                <Baseline points="776,1021 803,1019 831,1017 858,1013 886,1013 913,1015 941,1019 968,1023 996,1026 1024,1029"/>
                <TextEquiv>
                    <Unicode>I</Unicode>
                </TextEquiv>
            </TextLine>
            <TextLine id="tr_1_tl_6" custom="readingOrder {index:5;}">
                <Coords points="1083,1051 1123,1059 1186,1036 1217,1063 1241,1047 1300,1059 1348,1043 1474,1063 1470,846 1383,842 1213,877 1182,854 1162,866 1079,854"/>
                <Baseline points="1104,1027 1129,1030 1154,1032 1179,1030 1205,1029 1230,1029 1255,1030 1280,1032 1306,1032 1331,1032 1356,1032 1381,1031 1407,1030 1432,1032 1457,1037 1483,1038"/>
                <TextEquiv>
                    <Unicode>A</Unicode>
                </TextEquiv>
            </TextLine>
            <TextLine id="tr_1_tl_7" custom="readingOrder {index:6;}">
                <Coords points="1652,1059 1719,1059 1735,1075 1771,1059 1790,1071 1846,1059 1909,1083 1992,1067 1980,866 1933,889 1873,862 1834,866 1790,897 1751,874 1735,885 1636,862"/>
                <Baseline points="1671,1035 1696,1037 1721,1038 1746,1040 1772,1042 1797,1043 1822,1046 1848,1050 1873,1052 1898,1053 1924,1053 1949,1053 1974,1053 2000,1053"/>
                <TextEquiv>
                    <Unicode></Unicode>
                </TextEquiv>
            </TextLine>
            <TextLine id="tr_1_tl_8" custom="readingOrder {index:7;}">
                <Coords points="2209,1071 3209,1083 3202,921 3020,905 2972,941 2917,897 2549,885 2443,925 2205,881"/>
                <Baseline points="2233,1038 2282,1041 2331,1039 2380,1042 2430,1044 2479,1046 2528,1051 2577,1053 2627,1053 2676,1058 2725,1059 2774,1059 2824,1060 2873,1065 2922,1065 2971,1066 3021,1070 3070,1071 3119,1073 3168,1077 3218,1074"/>
                <TextEquiv>
                    <Unicode>DELLA</Unicode>
                </TextEquiv>
            </TextLine>
            <TextLine id="tr_1_tl_9" custom="readingOrder {index:8;}">
                <Coords points="2221,1138 2312,1123 2340,1142 2348,1134 2375,1146 2395,1126 2423,1138 2502,1126 2498,1087 2470,1095 2427,1063 2395,1079 2372,1063 2285,1071 2249,1059 2217,1067"/>
                <Baseline points="2242,1113 2268,1113 2295,1114 2322,1115 2349,1117 2376,1119 2402,1119 2429,1119 2456,1119 2483,1119 2510,1119"/>
                <TextEquiv>
                    <Unicode></Unicode>
                </TextEquiv>
            </TextLine>
            <TextLine id="tr_1_tl_10" custom="readingOrder {index:9;}">
                <Coords points="2356,1206 3103,1217 3103,1166 2937,1166 2866,1134 2814,1162 2597,1130 2356,1150"/>
                <Baseline points="2379,1188 2415,1190 2451,1191 2488,1191 2524,1192 2561,1194 2597,1194 2633,1194 2670,1194 2706,1195 2743,1197 2779,1200 2815,1202 2852,1201 2888,1201 2925,1203 2961,1203 2997,1205 3034,1206 3070,1206 3107,1206"/>
                <TextEquiv>
                    <Unicode>discorso i component la comitive spar¬</Unicode>
                </TextEquiv>
            </TextLine>
            <TextLine id="tr_1_tl_11" custom="readingOrder {index:10;}">
                <Coords points="1613,1245 1913,1206 2209,1257 3028,1261 3091,1257 3091,1213 2399,1202 2304,1126 1609,1178"/>
                <Baseline points="1630,1203 1703,1200 1776,1204 1850,1206 1923,1209 1997,1209 2070,1212 2143,1212 2217,1215 2290,1215 2364,1223 2437,1230 2510,1233 2584,1233 2657,1233 2731,1238 2804,1239 2877,1238 2951,1243 3024,1244 3098,1241"/>
                <TextEquiv>
                    <Unicode>de cocher, in segno di maggio devoto ale¬</Unicode>
                </TextEquiv>
            </TextLine>
            <TextLine id="tr_1_tl_12" custom="readingOrder {index:11;}">
                <Coords points="1759,1277 1937,1289 1972,1277 1988,1292 2036,1277 2190,1296 2194,1229 1960,1229 1913,1206 1830,1229 1755,1217"/>
                <Baseline points="1782,1259 1808,1261 1834,1262 1860,1262 1887,1263 1913,1265 1939,1267 1966,1268 1992,1268 2018,1268 2045,1268 2071,1269 2097,1271 2124,1271 2150,1271 2176,1271 2203,1271"/>
                <TextEquiv>
                    <Unicode>in visita a Trieste</Unicode>
                </TextEquiv>
            </TextLine>
            <TextLine id="tr_1_tl_13" custom="readingOrder {index:12;}">
                <Coords points="182,1316 277,1269 1474,1312 1474,1190 1265,1166 854,1237 731,1178 636,1237 407,1233 340,1190 182,1217"/>
                <Baseline points="203,1250 267,1253 331,1256 395,1257 459,1259 523,1262 587,1262 652,1262 716,1266 780,1265 844,1268 908,1270 972,1272 1036,1274 1101,1274 1165,1275 1229,1277 1293,1278 1357,1280 1421,1284 1486,1289"/>
                <TextEquiv>
                    <Unicode>Matione unter emancanza a ar-</Unicode>
                </TextEquiv>
            </TextLine>
            <TextLine id="tr_1_tl_14" custom="readingOrder {index:13;}">
                <Coords points="2356,1285 2526,1269 3000,1300 3083,1292 3083,1253 2352,1237"/>
                <Baseline points="2379,1268 2414,1268 2450,1268 2485,1268 2521,1268 2557,1268 2592,1270 2628,1271 2664,1272 2699,1274 2735,1277 2771,1277 2806,1277 2842,1278 2878,1280 2913,1283 2949,1283 2985,1283 3020,1284 3056,1286 3092,1283"/>
                <TextEquiv>
                    <Unicode>gionari cecoslovacchi e a soldat ita</Unicode>
                </TextEquiv>
            </TextLine>
            <TextLine id="tr_1_tl_15" custom="readingOrder {index:14;}">
                <Coords points="3119,1336 3138,1340 3150,1332 3166,1340 3174,1332 3190,1332 3194,1340 3245,1340 3257,1174 3237,1174 3225,1166 3202,1178 3190,1162 3182,1170 3170,1162 3130,1162"/>
                <Baseline points="3146,1316 3174,1316 3203,1314 3231,1312 3260,1310"/>
                <TextEquiv>
                    <Unicode>10</Unicode>
                </TextEquiv>
            </TextLine>
            <TextLine id="tr_1_tl_16" custom="readingOrder {index:15;}">
                <Coords points="2352,1324 3087,1332 3087,1296 3024,1285 2352,1273"/>
                <Baseline points="2373,1304 2409,1306 2445,1307 2481,1307 2517,1308 2553,1310 2589,1310 2625,1312 2661,1313 2697,1313 2734,1313 2770,1316 2806,1316 2842,1317 2878,1319 2914,1319 2950,1319 2986,1321 3022,1322 3058,1322 3095,1322"/>
                <TextEquiv>
                    <Unicode>liani caduti in guerra, un po di terra</Unicode>
                </TextEquiv>
            </TextLine>
            <TextLine id="tr_1_tl_17" custom="readingOrder {index:16;}">
                <Coords points="1648,1324 2336,1336 2336,1233 2142,1292 1648,1257"/>
                <Baseline points="1668,1310 1701,1310 1735,1311 1769,1314 1803,1316 1836,1316 1870,1318 1904,1319 1938,1319 1971,1319 2005,1321 2039,1322 2073,1322 2106,1324 2140,1325 2174,1325 2208,1325 2241,1325 2275,1327 2309,1328 2343,1328"/>
                <TextEquiv>
                    <Unicode>Alcuni giorni or sono giunse a Tri¬</Unicode>
                </TextEquiv>
            </TextLine>
            <TextLine id="tr_1_tl_18" custom="readingOrder {index:17;}">
                <Coords points="2356,1356 3087,1372 3087,1332 2941,1316 2356,1312"/>
                <Baseline points="2379,1340 2416,1345 2454,1346 2492,1346 2530,1346 2568,1347 2606,1349 2643,1349 2681,1349 2719,1351 2757,1352 2795,1353 2833,1355 2870,1358 2908,1358 2946,1358 2984,1358 3022,1359 3060,1361 3098,1358"/>
                <TextEquiv>
                    <Unicode>della loro Patria che per espresso desi¬</Unicode>
                </TextEquiv>
            </TextLine>
            <TextLine id="tr_1_tl_19" custom="readingOrder {index:18;}">
                <Coords points="1605,1372 1707,1352 2340,1375 2340,1332 1605,1324"/>
                <Baseline points="1627,1349 1663,1349 1699,1349 1735,1350 1771,1352 1807,1352 1843,1354 1879,1355 1915,1355 1951,1356 1988,1358 2024,1361 2060,1361 2096,1361 2132,1362 2168,1364 2204,1364 2240,1364 2276,1366 2312,1367 2349,1367"/>
                <TextEquiv>
                    <Unicode>ste una comitiva di studenti colo¬</Unicode>
                </TextEquiv>
            </TextLine>
            <TextLine id="tr_1_tl_20" custom="readingOrder {index:19;}">
                <Coords points="233,1391 1486,1403 1455,1296 233,1316"/>
                <Baseline points="256,1355 321,1358 386,1358 451,1361 516,1363 582,1365 647,1367 712,1370 777,1370 842,1368 908,1373 973,1373 1038,1376 1103,1376 1168,1380 1234,1382 1299,1382 1364,1382 1429,1385 1495,1382"/>
                <TextEquiv>
                    <Unicode>La necessità di provedimenti</Unicode>
                </TextEquiv>
            </TextLine>
            <TextLine id="tr_1_tl_21" custom="readingOrder {index:20;}">
                <Coords points="2360,1395 3103,1411 3099,1372 3063,1368 2360,1356"/>
                <Baseline points="2382,1382 2418,1382 2454,1384 2491,1386 2527,1387 2564,1385 2600,1388 2636,1388 2673,1390 2709,1391 2746,1391 2782,1394 2818,1394 2855,1394 2891,1395 2928,1397 2964,1397 3000,1399 3037,1400 3073,1399 3110,1400"/>
                <TextEquiv>
                    <Unicode>derio del prof. Zajicek, ex capitano le¬</Unicode>
                </TextEquiv>
            </TextLine>
            <TextLine id="tr_1_tl_22" custom="readingOrder {index:21;}">
                <Coords points="1613,1391 1743,1411 2336,1407 2332,1372 1613,1360"/>
                <Baseline points="1633,1385 1668,1387 1704,1390 1739,1391 1775,1391 1811,1391 1846,1393 1882,1394 1918,1395 1953,1397 1989,1400 2025,1398 2060,1399 2096,1400 2132,1400 2167,1403 2203,1403 2239,1403 2274,1403 2310,1403 2346,1406"/>
                <TextEquiv>
                    <Unicode>vacchi dell'Academia di commercio</Unicode>
                </TextEquiv>
            </TextLine>
            <TextLine id="tr_1_tl_23" custom="readingOrder {index:22;}">
                <Coords points="3162,1451 3182,1451 3209,1427 3225,1435 3233,1427 3249,1435 3265,1435 3277,1427 3304,1431 3300,1352 3273,1352 3261,1360 3233,1356 3225,1364 3194,1364 3190,1372 3178,1360 3158,1360"/>
                <Baseline points="3182,1412 3208,1414 3234,1415 3260,1415 3286,1416 3313,1418"/>
                <TextEquiv>
                    <Unicode>ne</Unicode>
                </TextEquiv>
            </TextLine>
            <TextLine id="tr_1_tl_24" custom="readingOrder {index:23;}">
                <Coords points="2356,1439 3087,1443 3087,1411 3043,1399 2356,1395"/>
                <Baseline points="2379,1427 2416,1425 2454,1424 2492,1424 2530,1424 2568,1424 2606,1424 2643,1427 2681,1429 2719,1430 2757,1430 2795,1431 2833,1433 2870,1433 2908,1435 2946,1436 2984,1436 3022,1437 3060,1439 3098,1439"/>
                <TextEquiv>
                    <Unicode>gionario, avevano portato con so. Una</Unicode>
                </TextEquiv>
            </TextLine>
            <TextLine id="tr_1_tl_25" custom="readingOrder {index:24;}">
                <Coords points="1605,1443 2340,1458 2340,1411 1605,1391"/>
                <Baseline points="1627,1427 1663,1427 1699,1429 1735,1430 1771,1431 1807,1433 1843,1433 1879,1435 1915,1435 1951,1434 1988,1436 2024,1439 2060,1439 2096,1439 2132,1440 2168,1441 2204,1441 2240,1441 2276,1442 2312,1444 2349,1444"/>
                <TextEquiv>
                    <Unicode>Kolin, composta di 12 studentesse el</Unicode>
                </TextEquiv>
            </TextLine>
            <TextLine id="tr_1_tl_26" custom="readingOrder {index:25;}">
                <Coords points="150,1470 435,1466 557,1494 605,1470 862,1482 862,1435 834,1431 419,1435 269,1403 150,1419"/>
                <Baseline points="170,1459 205,1459 240,1461 275,1462 310,1462 345,1462 380,1464 415,1464 450,1463 485,1465 520,1467 555,1468 590,1468 625,1469 660,1471 695,1471 730,1473 765,1474 800,1474 835,1474 871,1474"/>
                <TextEquiv>
                    <Unicode>A più riprese ci siamo occupat, an¬</Unicode>
                </TextEquiv>
            </TextLine>
            <TextLine id="tr_1_tl_27" custom="readingOrder {index:26;}">
                <Coords points="2360,1466 3083,1486 3079,1447 2360,1435"/>
                <Baseline points="2382,1462 2417,1460 2453,1461 2488,1462 2524,1462 2559,1462 2595,1464 2630,1465 2666,1466 2701,1468 2737,1468 2772,1468 2808,1470 2843,1471 2879,1471 2914,1471 2950,1473 2985,1474 3021,1475 3056,1477 3092,1477"/>
                <TextEquiv>
                    <Unicode>magnifica corona fu deposta a Riva, sul¬</Unicode>
                </TextEquiv>
            </TextLine>
            <TextLine id="tr_1_tl_28" custom="readingOrder {index:27;}">
                <Coords points="1601,1482 2332,1490 2332,1455 2300,1447 1601,1435"/>
                <Baseline points="1621,1462 1658,1467 1696,1468 1734,1468 1772,1468 1810,1469 1848,1471 1885,1471 1923,1471 1961,1473 1999,1475 2037,1477 2075,1477 2112,1477 2150,1479 2188,1480 2226,1480 2264,1481 2302,1483 2340,1483"/>
                <TextEquiv>
                    <Unicode>studenti à guidata dai prof. Zajick</Unicode>
                </TextEquiv>
            </TextLine>
            <TextLine id="tr_1_tl_29" custom="readingOrder {index:28;}">
                <Coords points="949,1522 1047,1498 1209,1514 1245,1498 1269,1522 1296,1506 1328,1522 1364,1498 1427,1530 1518,1514 1514,1435 1490,1431 1431,1455 1399,1439 945,1439"/>
                <Baseline points="970,1486 997,1488 1025,1489 1053,1489 1081,1490 1108,1492 1136,1492 1164,1492 1192,1492 1219,1492 1247,1492 1275,1492 1303,1493 1330,1495 1358,1497 1386,1498 1414,1498 1441,1500 1469,1501 1497,1501 1525,1501"/>
                <TextEquiv>
                    <Unicode>La necessità della ripresa</Unicode>
                </TextEquiv>
            </TextLine>
            <TextLine id="tr_1_tl_30" custom="readingOrder {index:29;}">
                <Coords points="2352,1510 3087,1526 3087,1486 3020,1478 2352,1466"/>
                <Baseline points="2373,1498 2409,1498 2445,1500 2481,1501 2517,1501 2553,1501 2589,1503 2625,1504 2661,1504 2697,1504 2734,1504 2770,1507 2806,1507 2842,1508 2878,1510 2914,1510 2950,1507 2986,1509 3022,1511 3058,1512 3095,1510"/>
                <TextEquiv>
                    <Unicode>la tomba dell'eroico legionario colo¬</Unicode>
                </TextEquiv>
            </TextLine>
            <TextLine id="tr_1_tl_31" custom="readingOrder {index:30;}">
                <Coords points="134,1506 806,1534 842,1526 842,1486 130,1458"/>
                <Baseline points="158,1498 192,1500 227,1501 262,1501 297,1501 331,1501 366,1503 401,1504 436,1504 470,1504 505,1504 540,1506 575,1508 609,1510 644,1507 679,1509 714,1511 748,1513 783,1513 818,1515 853,1513"/>
                <TextEquiv>
                    <Unicode>e negli ultimi tempi, delle condizion</Unicode>
                </TextEquiv>
            </TextLine>
            <TextLine id="tr_1_tl_32" custom="readingOrder {index:31;}">
                <Coords points="3126,1518 3162,1522 3178,1514 3209,1514 3217,1522 3245,1522 3269,1514 3281,1522 3304,1522 3304,1462 3281,1466 3261,1455 3126,1458"/>
                <Baseline points="3149,1510 3176,1510 3203,1510 3231,1510 3258,1510 3285,1510 3313,1510"/>
                <TextEquiv>
                    <Unicode>Alisti¬</Unicode>
                </TextEquiv>
            </TextLine>
            <TextLine id="tr_1_tl_33" custom="readingOrder {index:32;}">
                <Coords points="1601,1514 2332,1534 2328,1494 2209,1482 1601,1474"/>
                <Baseline points="1621,1501 1658,1506 1696,1507 1734,1507 1772,1508 1810,1510 1848,1510 1885,1510 1923,1512 1961,1513 1999,1513 2037,1514 2075,1516 2112,1516 2150,1516 2188,1518 2226,1519 2264,1520 2302,1522 2340,1522"/>
                <TextEquiv>
                    <Unicode>ing. Kopoche dalla professa Kopeck¬</Unicode>
                </TextEquiv>
            </TextLine>
            <TextLine id="tr_1_tl_34" custom="readingOrder {index:33;}">
                <Coords points="1036,1557 1415,1561 1415,1506 1360,1502 1340,1518 1308,1506 1265,1518 1245,1498 1209,1514 1095,1498 1036,1506"/>
                <Baseline points="1056,1543 1082,1541 1108,1540 1134,1542 1161,1543 1187,1543 1213,1543 1240,1543 1266,1545 1292,1546 1318,1546 1345,1547 1371,1549 1397,1551 1424,1552"/>
                <TextEquiv>
                    <Unicode>dell'I. C. A. M.</Unicode>
                </TextEquiv>
            </TextLine>
            <TextLine id="tr_1_tl_35" custom="readingOrder {index:34;}">
                <Coords points="2352,1549 3288,1557 3288,1514 3122,1494 3071,1526 2352,1510"/>
                <Baseline points="2373,1534 2419,1537 2465,1537 2511,1540 2558,1543 2604,1543 2650,1543 2696,1544 2743,1546 2789,1547 2835,1549 2881,1549 2928,1549 2974,1549 3020,1550 3066,1552 3113,1548 3159,1546 3205,1549 3251,1546 3298,1549"/>
                <TextEquiv>
                    <Unicode>vacco Luigi Storch. Proseguendo nel le Piccole</Unicode>
                </TextEquiv>
            </TextLine>
            <TextLine id="tr_1_tl_36" custom="readingOrder {index:35;}">
                <Coords points="134,1541 842,1565 842,1526 814,1522 134,1510"/>
                <Baseline points="155,1537 189,1539 224,1540 259,1540 294,1540 329,1540 364,1542 399,1543 434,1544 469,1546 504,1546 538,1546 573,1546 608,1546 643,1546 678,1548 713,1550 748,1552 783,1552 818,1554 853,1555"/>
                <TextEquiv>
                    <Unicode>taine in atto di dilizia, citando en</Unicode>
                </TextEquiv>
            </TextLine>
            <TextLine id="tr_1_tl_37" custom="readingOrder {index:36;}">
                <Coords points="1605,1553 2332,1569 2332,1534 1605,1510"/>
                <Baseline points="1627,1543 1662,1543 1698,1545 1733,1546 1769,1547 1805,1549 1840,1549 1876,1549 1912,1549 1947,1549 1983,1552 2019,1552 2054,1554 2090,1555 2126,1555 2161,1555 2197,1557 2233,1558 2268,1558 2304,1558 2340,1558"/>
                <TextEquiv>
                    <Unicode>La comitiva visito alcuni dei più impor¬</Unicode>
                </TextEquiv>
            </TextLine>
            <TextLine id="tr_1_tl_38" custom="readingOrder {index:37;}">
                <Coords points="2352,1585 3316,1597 3316,1557 2352,1545"/>
                <Baseline points="2373,1576 2420,1576 2468,1576 2515,1579 2563,1579 2611,1580 2658,1582 2706,1583 2753,1585 2801,1585 2849,1585 2896,1587 2944,1588 2991,1590 3039,1591 3087,1591 3134,1585 3182,1585 3229,1586 3277,1588 3325,1591"/>
                <TextEquiv>
                    <Unicode>suo viaggio, la comitiva visite ancora la crimoni</Unicode>
                </TextEquiv>
            </TextLine>
            <TextLine id="tr_1_tl_39" custom="readingOrder {index:38;}">
                <Coords points="138,1589 838,1601 838,1561 138,1545"/>
                <Baseline points="161,1579 195,1579 229,1579 263,1579 298,1579 332,1579 366,1581 401,1582 435,1582 469,1582 504,1584 538,1585 572,1586 606,1588 641,1588 675,1588 709,1589 744,1591 778,1591 812,1591 847,1591"/>
                <TextEquiv>
                    <Unicode>encando numeri, dai quali risulta al</Unicode>
                </TextEquiv>
            </TextLine>
            <TextLine id="tr_1_tl_40" custom="readingOrder {index:39;}">
                <Coords points="1605,1589 2332,1605 2332,1569 2300,1565 1605,1553"/>
                <Baseline points="1627,1582 1662,1584 1698,1585 1733,1585 1769,1586 1804,1588 1840,1588 1875,1588 1911,1589 1946,1591 1982,1588 2017,1590 2053,1591 2088,1592 2124,1594 2159,1594 2195,1596 2230,1597 2266,1598 2301,1600 2337,1597"/>
                <TextEquiv>
                    <Unicode>tanti stabilimenti della nostra città</Unicode>
                </TextEquiv>
            </TextLine>
            <TextLine id="tr_1_tl_41" custom="readingOrder {index:40;}">
                <Coords points="897,1601 1577,1617 1573,1514 1466,1565 1043,1565 893,1538"/>
                <Baseline points="919,1588 952,1586 985,1586 1019,1589 1052,1591 1086,1591 1119,1592 1153,1594 1186,1594 1220,1594 1253,1594 1286,1595 1320,1597 1353,1597 1387,1598 1420,1601 1454,1603 1487,1603 1521,1604 1554,1605 1588,1603"/>
                <TextEquiv>
                    <Unicode>La preoccupazione unica deriva dun</Unicode>
                </TextEquiv>
            </TextLine>
            <TextLine id="tr_1_tl_42" custom="readingOrder {index:41;}">
                <Coords points="2352,1617 3296,1632 3296,1597 3265,1593 2352,1585"/>
                <Baseline points="2373,1612 2419,1615 2466,1615 2513,1618 2559,1618 2606,1619 2653,1621 2699,1621 2746,1622 2793,1624 2840,1625 2886,1627 2933,1627 2980,1627 3026,1627 3073,1627 3120,1624 3166,1624 3213,1624 3260,1627 3307,1627"/>
                <TextEquiv>
                    <Unicode>Verona, Bologna, Firenze, Padovae Ve¬ lapide che¬</Unicode>
                </TextEquiv>
            </TextLine>
            <TextLine id="tr_1_tl_43" custom="readingOrder {index:42;}">
                <Coords points="134,1621 1577,1652 1577,1613 1498,1609 134,1581"/>
                <Baseline points="155,1612 226,1617 298,1620 369,1620 441,1622 512,1624 584,1626 655,1625 727,1629 798,1631 870,1628 941,1627 1013,1630 1084,1629 1156,1633 1227,1633 1299,1634 1370,1636 1442,1639 1513,1642 1585,1642"/>
                <TextEquiv>
                    <Unicode>evidenza la necessità imprescindibile que dalle invendte villette di Rozzo</Unicode>
                </TextEquiv>
            </TextLine>
            <TextLine id="tr_1_tl_44" custom="readingOrder {index:43;}">
                <Coords points="1601,1632 3071,1672 3067,1632 1601,1593"/>
                <Baseline points="1621,1621 1694,1623 1767,1625 1840,1627 1913,1627 1986,1630 2059,1630 2132,1633 2205,1636 2278,1638 2351,1643 2424,1653 2497,1653 2570,1656 2643,1659 2716,1659 2789,1660 2862,1662 2935,1665 3008,1667 3081,1665"/>
                <TextEquiv>
                    <Unicode>fra cui il porto Vittorio Emanuele III, nezia, da dove giunse nella nostra cit</Unicode>
                </TextEquiv>
            </TextLine>
            <TextLine id="tr_1_tl_45" custom="readingOrder {index:44;}">
                <Coords points="3099,1668 3166,1672 3182,1664 3209,1684 3233,1672 3249,1672 3261,1684 3281,1672 3312,1672 3312,1632 3233,1636 3225,1628 3170,1636 3130,1624 3099,1628"/>
                <Baseline points="3119,1659 3144,1661 3169,1662 3195,1662 3220,1662 3245,1662 3271,1663 3296,1665 3322,1665"/>
                <TextEquiv>
                    <Unicode>fici elargit</Unicode>
                </TextEquiv>
            </TextLine>
            <TextLine id="tr_1_tl_46" custom="readingOrder {index:45;}">
                <Coords points="134,1668 1581,1688 1581,1652 1399,1632 134,1624"/>
                <Baseline points="155,1656 226,1656 298,1657 370,1659 442,1660 514,1659 585,1662 657,1665 729,1665 801,1669 873,1662 944,1662 1016,1665 1088,1668 1160,1671 1232,1671 1303,1674 1375,1674 1447,1676 1519,1680 1591,1683"/>
                <TextEquiv>
                    <Unicode>costruire, contre l'assenza di ogni per se stessa, secondo noi, non serve</Unicode>
                </TextEquiv>
            </TextLine>
            <TextLine id="tr_1_tl_47" custom="readingOrder {index:46;}">
                <Coords points="1601,1680 2328,1688 2328,1648 2265,1640 1601,1636"/>
                <Baseline points="1621,1665 1656,1665 1692,1665 1728,1665 1764,1666 1800,1668 1835,1668 1871,1668 1907,1669 1943,1671 1979,1671 2014,1671 2050,1673 2086,1675 2122,1677 2158,1677 2193,1675 2229,1676 2265,1678 2301,1680 2337,1680"/>
                <TextEquiv>
                    <Unicode>il cantiere S. Marco, il Castello di Mi</Unicode>
                </TextEquiv>
            </TextLine>
            <TextLine id="tr_1_tl_48" custom="readingOrder {index:47;}">
                <Coords points="2356,1704 3304,1715 3304,1676 3182,1660 2356,1660"/>
                <Baseline points="2379,1689 2425,1692 2472,1695 2519,1692 2565,1695 2612,1695 2659,1696 2705,1698 2752,1698 2799,1699 2846,1701 2892,1702 2939,1702 2986,1703 3032,1704 3079,1702 3126,1699 3172,1701 3219,1702 3266,1704 3313,1704"/>
                <TextEquiv>
                    <Unicode>ta. Durante il mese di aprile arriva¬</Unicode>
                </TextEquiv>
            </TextLine>
            <TextLine id="tr_1_tl_49" custom="readingOrder {index:48;}">
                <Coords points="130,1704 830,1719 830,1680 692,1664 130,1652"/>
                <Baseline points="152,1692 186,1692 220,1694 254,1695 289,1695 323,1695 357,1695 392,1696 426,1698 460,1698 495,1698 529,1698 563,1699 597,1701 632,1701 666,1702 700,1704 735,1704 769,1706 803,1707 838,1704"/>
                <TextEquiv>
                    <Unicode>ziativa privata. Necessità di costru¬</Unicode>
                </TextEquiv>
            </TextLine>
            <TextLine id="tr_1_tl_50" custom="readingOrder {index:49;}">
                <Coords points="1601,1715 1747,1704 1901,1727 1953,1707 1972,1727 2079,1711 2285,1735 2328,1731 2328,1692 1597,1676"/>
                <Baseline points="1624,1701 1659,1703 1695,1704 1730,1704 1766,1705 1802,1707 1837,1707 1873,1707 1909,1707 1944,1707 1980,1710 2016,1712 2051,1713 2087,1714 2123,1716 2158,1713 2194,1715 2230,1716 2265,1717 2301,1719 2337,1719"/>
                <TextEquiv>
                    <Unicode>ramar etc. Dopo essere stati a bord</Unicode>
                </TextEquiv>
            </TextLine>
            <TextLine id="tr_1_tl_51" custom="readingOrder {index:50;}">
                <Coords points="854,1723 1004,1707 1573,1731 1573,1688 850,1664"/>
                <Baseline points="877,1701 912,1703 947,1704 982,1705 1018,1707 1053,1707 1088,1707 1123,1707 1159,1708 1194,1710 1229,1710 1264,1710 1300,1711 1335,1713 1370,1713 1405,1715 1441,1718 1476,1719 1511,1719 1546,1722 1582,1719"/>
                <TextEquiv>
                    <Unicode>giustificare le dubbierze dell' istituto</Unicode>
                </TextEquiv>
            </TextLine>
            <TextLine id="tr_1_tl_52" custom="readingOrder {index:51;}">
                <Coords points="2352,1743 3304,1755 3304,1715 3209,1704 2352,1704"/>
                <Baseline points="2373,1728 2420,1731 2467,1731 2514,1731 2561,1734 2608,1734 2655,1735 2702,1736 2749,1735 2796,1738 2843,1740 2890,1742 2937,1743 2984,1743 3031,1743 3078,1743 3125,1738 3172,1740 3219,1740 3266,1741 3313,1740"/>
                <TextEquiv>
                    <Unicode>rono ancora altre comitive di tutto, le nu¬</Unicode>
                </TextEquiv>
            </TextLine>
            <TextLine id="tr_1_tl_53" custom="readingOrder {index:52;}">
                <Coords points="150,1751 1514,1775 1577,1771 1577,1727 146,1704"/>
                <Baseline points="170,1734 240,1734 311,1734 382,1736 453,1737 524,1740 595,1742 666,1743 737,1745 808,1746 879,1743 949,1741 1020,1746 1091,1746 1162,1749 1233,1749 1304,1752 1375,1752 1446,1757 1517,1758 1588,1761"/>
                <TextEquiv>
                    <Unicode>, in quanto la situazione nei confron¬che è chiamato a riprendere il program¬</Unicode>
                </TextEquiv>
            </TextLine>
            <TextLine id="tr_1_tl_54" custom="readingOrder {index:53;}">
                <Coords points="1601,1775 1897,1747 3300,1794 3237,1743 1601,1715"/>
                <Baseline points="1621,1740 1705,1743 1789,1746 1874,1746 1958,1749 2043,1752 2127,1755 2212,1755 2296,1758 2381,1768 2465,1770 2549,1770 2634,1773 2718,1773 2803,1778 2887,1778 2972,1779 3056,1783 3141,1779 3225,1779 3310,1779"/>
                <TextEquiv>
                    <Unicode>dell'elouan del Lloyd Triestino, sach, della sua como</Unicode>
                </TextEquiv>
            </TextLine>
            <TextLine id="tr_1_tl_55" custom="readingOrder {index:54;}">
                <Coords points="1601,1790 3071,1830 3067,1790 2858,1775 1601,1747"/>
                <Baseline points="1621,1782 1694,1782 1767,1785 1840,1785 1913,1787 1986,1788 2059,1791 2132,1792 2205,1794 2278,1796 2351,1802 2424,1809 2497,1809 2570,1811 2643,1812 2716,1815 2789,1817 2862,1816 2935,1818 3008,1820 3081,1821"/>
                <TextEquiv>
                    <Unicode>lirono al collo di S. Giusto, visitarono la dell'Academia di commerci¬</Unicode>
                </TextEquiv>
            </TextLine>
            <TextLine id="tr_1_tl_56" custom="readingOrder {index:55;}">
                <Coords points="150,1779 3304,1866 3304,1822 3122,1806 2553,1826 1739,1794 1605,1747 150,1743"/>
                <Baseline points="170,1770 327,1773 484,1776 641,1781 798,1785 955,1780 1112,1786 1270,1788 1427,1794 1584,1797 1741,1820 1898,1825 2055,1827 2212,1831 2370,1843 2527,1850 2684,1851 2841,1853 2998,1857 3155,1851 3313,1859"/>
                <TextEquiv>
                    <Unicode>della popolazione e noi riguardi doma per il quale venne a suo tempo Catedrale ed ammirarono il superbo di Horico, i quali, a loro volta visita¬</Unicode>
                </TextEquiv>
            </TextLine>
            <TextLine id="tr_1_tl_57" custom="readingOrder {index:56;}">
                <Coords points="3111,1826 3166,1818 3190,1834 3209,1826 3217,1834 3265,1830 3273,1822 3285,1834 3304,1834 3304,1790 3269,1794 3229,1783 3190,1790 3162,1779 3142,1787 3111,1787"/>
                <Baseline points="3134,1812 3159,1814 3184,1815 3209,1817 3234,1819 3259,1820 3284,1822 3310,1824"/>
                <TextEquiv>
                    <Unicode>come</Unicode>
                </TextEquiv>
            </TextLine>
            <TextLine id="tr_1_tl_58" custom="readingOrder {index:57;}">
                <Coords points="138,1818 1577,1846 1577,1806 1474,1798 138,1779"/>
                <Baseline points="161,1809 232,1810 303,1812 375,1812 446,1816 517,1818 589,1820 660,1821 731,1824 803,1824 874,1818 945,1820 1017,1822 1088,1824 1159,1827 1231,1827 1302,1830 1373,1830 1445,1830 1516,1834 1588,1839"/>
                <TextEquiv>
                    <Unicode>pografici non è migliore di quella prorato, vale a dire di supplire — ven¬</Unicode>
                </TextEquiv>
            </TextLine>
            <TextLine id="tr_1_tl_59" custom="readingOrder {index:58;}">
                <Coords points="138,1862 2221,1877 2186,1826 138,1822"/>
                <Baseline points="161,1851 264,1851 367,1852 471,1856 574,1856 678,1859 781,1862 885,1856 988,1859 1092,1862 1195,1865 1298,1868 1402,1869 1505,1874 1609,1866 1712,1859 1816,1862 1919,1864 2023,1868 2126,1868 2230,1874"/>
                <TextEquiv>
                    <Unicode>ettatasi negli anni scori. Lo deficien fosse il caso — allo deficienze delle in panorama della città, e del porto.</Unicode>
                </TextEquiv>
            </TextLine>
            <TextLine id="tr_1_tl_60" custom="readingOrder {index:59;}">
                <Coords points="2340,1901 3304,1905 3304,1866 3213,1854 2340,1850"/>
                <Baseline points="2361,1883 2408,1886 2455,1886 2503,1886 2550,1886 2598,1887 2645,1889 2693,1889 2740,1890 2788,1890 2835,1891 2882,1894 2930,1895 2977,1895 3025,1897 3072,1895 3120,1890 3167,1893 3215,1895 3262,1896 3310,1898"/>
                <TextEquiv>
                    <Unicode>rono il porto, i canterie vari stabili¬</Unicode>
                </TextEquiv>
            </TextLine>
            <TextLine id="tr_1_tl_61" custom="readingOrder {index:60;}">
                <Coords points="134,1901 1577,1925 1577,1885 1458,1877 134,1862"/>
                <Baseline points="158,1886 229,1888 300,1889 372,1891 443,1893 514,1895 586,1898 657,1898 728,1900 800,1901 871,1895 942,1896 1014,1899 1085,1901 1156,1904 1228,1904 1299,1907 1370,1908 1442,1912 1513,1912 1585,1907"/>
                <TextEquiv>
                    <Unicode>di alloggi popolari e minimi, alla porative private nella costruzione d</Unicode>
                </TextEquiv>
            </TextLine>
            <TextLine id="tr_1_tl_62" custom="readingOrder {index:61;}">
                <Coords points="1632,1913 2870,1953 3071,1945 3071,1905 2403,1897 2328,1854 2233,1889 1628,1877"/>
                <Baseline points="1656,1907 1727,1909 1798,1910 1869,1910 1940,1911 2011,1913 2082,1915 2153,1916 2224,1916 2295,1922 2367,1919 2438,1925 2509,1923 2580,1925 2651,1925 2722,1928 2793,1929 2864,1931 2935,1931 3006,1932 3078,1937"/>
                <TextEquiv>
                    <Unicode>Prima di giungere a Trieste la comi¬ menti industriali della città, Per¬</Unicode>
                </TextEquiv>
            </TextLine>
            <TextLine id="tr_1_tl_63" custom="readingOrder {index:62;}">
                <Coords points="3091,1941 3158,1941 3182,1953 3213,1937 3253,1949 3304,1945 3304,1909 3253,1905 3245,1897 3233,1905 3162,1905 3134,1893 3126,1901 3091,1901"/>
                <Baseline points="3113,1931 3141,1931 3169,1932 3197,1934 3225,1934 3253,1934 3281,1934 3310,1934"/>
                <TextEquiv>
                    <Unicode>nitori meo¬</Unicode>
                </TextEquiv>
            </TextLine>
            <TextLine id="tr_1_tl_64" custom="readingOrder {index:63;}">
                <Coords points="130,1941 3312,1992 3308,1941 3221,1937 130,1901"/>
                <Baseline points="152,1925 310,1927 468,1934 626,1937 784,1940 942,1937 1100,1943 1258,1945 1416,1949 1574,1954 1732,1945 1890,1949 2048,1954 2206,1955 2364,1958 2522,1963 2680,1967 2838,1970 2996,1973 3154,1970 3313,1976"/>
                <TextEquiv>
                    <Unicode>ta cice delle possibilità economiche di quartier minimi. E mai, crediamo, tale tiva di Kolin visitó i campi di hatta buona riuscita della visita di tutte le er, un pe¬</Unicode>
                </TextEquiv>
            </TextLine>
            <TextLine id="tr_1_tl_65" custom="readingOrder {index:64;}">
                <Coords points="134,1976 3300,2024 3273,1972 134,1941"/>
                <Baseline points="155,1964 312,1967 470,1970 628,1976 786,1979 943,1973 1101,1979 1259,1984 1417,1989 1574,1991 1732,1985 1890,1988 2048,1991 2205,1994 2363,1997 2521,2000 2679,2003 2836,2009 2994,2009 3152,2009 3310,2015"/>
                <TextEquiv>
                    <Unicode>ti meno favoriti dalla fortuna, por deficienza si dimostrò cost grave e glia del Trentino e sul Dosso Alto e su comitive contribui maggiormente la la Cossovele</Unicode>
                </TextEquiv>
            </TextLine>
            <TextLine id="tr_1_tl_66" custom="readingOrder {index:65;}">
                <Coords points="123,2051 387,2055 451,2032 478,2055 565,2024 628,2051 771,2047 830,2036 830,1988 119,1972"/>
                <Baseline points="146,2003 180,2005 215,2006 250,2007 285,2009 319,2009 354,2009 389,2010 424,2012 458,2012 493,2014 528,2015 563,2015 597,2015 632,2018 667,2018 702,2019 736,2021 771,2021 806,2021 841,2021"/>
                <TextEquiv>
                    <Unicode>Pangono infatti quali erano dal 1924 i.</Unicode>
                </TextEquiv>
            </TextLine>
            <TextLine id="tr_1_tl_67" custom="readingOrder {index:66;}">
                <Coords points="854,2036 905,2020 1028,2039 1217,2020 1541,2036 1541,2000 1411,1984 1375,2000 1296,1980 854,1988"/>
                <Baseline points="877,2018 910,2016 944,2015 977,2015 1011,2015 1045,2015 1078,2016 1112,2018 1145,2018 1179,2020 1213,2021 1246,2022 1280,2024 1313,2024 1347,2024 1381,2025 1414,2027 1448,2027 1481,2028 1515,2030 1549,2030"/>
                <TextEquiv>
                    <Unicode>reoccupante come nell'ora che corre</Unicode>
                </TextEquiv>
            </TextLine>
            <TextLine id="tr_1_tl_68" custom="readingOrder {index:67;}">
                <Coords points="1589,2039 3296,2051 3158,2008 1589,1992"/>
                <Baseline points="1609,2021 1693,2021 1778,2024 1863,2027 1948,2027 2033,2030 2118,2031 2203,2034 2288,2034 2373,2036 2458,2036 2542,2039 2627,2039 2712,2042 2797,2045 2882,2047 2967,2048 3052,2048 3137,2047 3222,2050 3307,2051"/>
                <TextEquiv>
                    <Unicode>quota 703, il capo della comitiva, prof. cale Camera di commercio italo-reco¬</Unicode>
                </TextEquiv>
            </TextLine>
            <TextLine id="tr_1_tl_69" custom="readingOrder {index:68;}">
                <Coords points="885,2059 3063,2095 3059,2059 2893,2043 885,2024"/>
                <Baseline points="907,2054 1015,2057 1123,2057 1232,2062 1340,2064 1449,2065 1557,2070 1665,2059 1774,2062 1882,2062 1991,2065 2099,2068 2207,2068 2316,2071 2424,2077 2533,2077 2641,2078 2749,2083 2858,2084 2966,2088 3075,2086"/>
                <TextEquiv>
                    <Unicode>C'à, à vero, qualche difficoltà per il Zajicek, revoca agli studenti le gesto slovacca, che mise loro a disposizion</Unicode>
                </TextEquiv>
            </TextLine>
            <TextLine id="tr_1_tl_70" custom="readingOrder {index:69;}">
                <Coords points="3130,2091 3202,2099 3249,2095 3273,2107 3285,2099 3304,2099 3304,2055 3237,2051 3229,2059 3213,2059 3202,2051 3154,2051 3150,2059 3130,2059"/>
                <Baseline points="3152,2083 3178,2085 3205,2086 3232,2086 3259,2087 3286,2089 3313,2089"/>
                <TextEquiv>
                    <Unicode>Alle 18.</Unicode>
                </TextEquiv>
            </TextLine>
            <TextLine id="tr_1_tl_71" custom="readingOrder {index:70;}">
                <Coords points="850,2103 3296,2134 3130,2079 850,2059"/>
                <Baseline points="871,2092 992,2092 1114,2096 1235,2101 1357,2104 1478,2106 1600,2099 1721,2098 1843,2101 1964,2104 2086,2106 2207,2108 2329,2113 2450,2113 2572,2116 2693,2119 2815,2122 2936,2125 3058,2130 3179,2124 3301,2131"/>
                <TextEquiv>
                    <Unicode>fatto che gli istituti di credito autori¬ croche dei legionari cocoslovacchi, che il segretario sig. Bohumil Bartos, che l'Istituto</Unicode>
                </TextEquiv>
            </TextLine>
            <TextLine id="tr_1_tl_72" custom="readingOrder {index:71;}">
                <Coords points="198,2154 336,2126 581,2126 613,2146 747,2134 747,2059 198,2059"/>
                <Baseline points="220,2110 246,2112 273,2114 300,2115 327,2116 354,2116 381,2116 408,2116 435,2116 462,2116 489,2116 515,2118 542,2119 569,2119 596,2119 623,2119 650,2121 677,2122 704,2122 731,2122 758,2122"/>
                <TextEquiv>
                    <Unicode>La nessuna disponibilità</Unicode>
                </TextEquiv>
            </TextLine>
            <TextLine id="tr_1_tl_73" custom="readingOrder {index:72;}">
                <Coords points="842,2154 889,2134 1498,2162 1573,2150 1573,2122 838,2091"/>
                <Baseline points="862,2128 898,2130 934,2131 970,2131 1006,2132 1042,2134 1078,2136 1114,2137 1150,2137 1186,2138 1222,2140 1258,2140 1294,2140 1330,2141 1366,2143 1402,2143 1438,2146 1474,2148 1510,2148 1546,2147 1582,2149"/>
                <TextEquiv>
                    <Unicode>zati, malgrado del largo promesse</Unicode>
                </TextEquiv>
            </TextLine>
            <TextLine id="tr_1_tl_74" custom="readingOrder {index:73;}">
                <Coords points="1593,2146 2245,2150 2320,2174 2320,2122 2269,2115 1593,2111"/>
                <Baseline points="1615,2137 1650,2137 1686,2137 1721,2138 1757,2140 1793,2140 1828,2140 1864,2140 1900,2140 1935,2140 1971,2143 2007,2143 2042,2145 2078,2146 2114,2146 2149,2146 2185,2146 2221,2148 2256,2150 2292,2152 2328,2149"/>
                <TextEquiv>
                    <Unicode>durante la guerra combatteron a fian</Unicode>
                </TextEquiv>
            </TextLine>
            <TextLine id="tr_1_tl_75" custom="readingOrder {index:74;}">
                <Coords points="2344,2158 2692,2194 3296,2174 3269,2126 2344,2119"/>
                <Baseline points="2364,2152 2411,2152 2458,2155 2505,2155 2552,2158 2599,2158 2646,2158 2694,2159 2741,2161 2788,2162 2835,2164 2882,2164 2929,2166 2976,2167 3024,2167 3071,2165 3118,2159 3165,2162 3212,2164 3259,2164 3307,2167"/>
                <TextEquiv>
                    <Unicode>fu un ottima e cortese guida per i gravitat, No¬</Unicode>
                </TextEquiv>
            </TextLine>
            <TextLine id="tr_1_tl_76" custom="readingOrder {index:75;}">
                <Coords points="356,2170 375,2170 407,2190 431,2182 466,2194 478,2182 514,2178 526,2190 577,2190 573,2134 549,2134 541,2126 506,2134 490,2126 451,2134 387,2126 379,2134 352,2134"/>
                <Baseline points="379,2167 404,2167 430,2167 456,2169 482,2169 507,2167 533,2168 559,2170 585,2170"/>
                <TextEquiv>
                    <Unicode>dialog.</Unicode>
                </TextEquiv>
            </TextLine>
            <TextLine id="tr_1_tl_77" custom="readingOrder {index:76;}">
                <Coords points="850,2178 1577,2194 1577,2146 850,2142"/>
                <Baseline points="871,2170 906,2170 942,2170 978,2171 1013,2173 1049,2173 1085,2173 1120,2175 1156,2176 1192,2176 1228,2179 1263,2179 1299,2179 1335,2180 1370,2182 1406,2182 1442,2184 1477,2185 1513,2186 1549,2188 1585,2188"/>
                <TextEquiv>
                    <Unicode>de generosi intendimenti spiegati sulla</Unicode>
                </TextEquiv>
            </TextLine>
            <TextLine id="tr_1_tl_78" custom="readingOrder {index:77;}">
                <Coords points="1597,2237 1660,2194 1692,2217 1897,2182 2545,2205 2545,2158 2344,2142 1597,2150"/>
                <Baseline points="1618,2176 1664,2176 1711,2179 1758,2179 1805,2177 1852,2180 1899,2182 1945,2183 1992,2185 2039,2185 2086,2185 2133,2185 2180,2187 2227,2188 2273,2188 2320,2190 2367,2190 2414,2194 2461,2194 2508,2195 2555,2197"/>
                <TextEquiv>
                    <Unicode>il exercito italiano. Terminata laitos.</Unicode>
                </TextEquiv>
            </TextLine>
            <TextLine id="tr_1_tl_79" custom="readingOrder {index:78;}">
                <Coords points="3079,2209 3292,2209 3288,2170 3257,2178 3237,2178 3221,2162 3205,2174 3146,2174 3103,2162 3099,2170 3075,2170"/>
                <Baseline points="3101,2197 3126,2199 3151,2200 3176,2202 3201,2204 3226,2205 3251,2206 3276,2206 3301,2203"/>
                <TextEquiv>
                    <Unicode>naciari, il</Unicode>
                </TextEquiv>
            </TextLine>
            <TextLine id="tr_1_tl_80" custom="readingOrder {index:79;}">
                <Coords points="850,2213 1538,2237 1569,2233 1569,2198 846,2186"/>
                <Baseline points="871,2209 906,2209 941,2209 977,2209 1012,2209 1048,2212 1083,2212 1118,2214 1154,2215 1189,2215 1225,2218 1260,2218 1295,2218 1331,2219 1366,2221 1402,2221 1437,2223 1472,2223 1508,2222 1543,2227 1579,2224"/>
                <TextEquiv>
                    <Unicode>corta, nicchiano ogni qual volta vier</Unicode>
                </TextEquiv>
            </TextLine>
            <TextLine id="tr_1_tl_81" custom="readingOrder {index:80;}">
                <Coords points="134,2217 494,2237 526,2217 735,2245 822,2229 822,2166 755,2162 723,2190 617,2158 530,2194 399,2190 348,2150 308,2178 261,2154 134,2158"/>
                <Baseline points="155,2209 188,2211 222,2212 256,2212 290,2212 324,2214 358,2215 391,2215 425,2215 459,2215 493,2217 527,2219 561,2221 595,2221 628,2223 662,2224 696,2224 730,2224 764,2224 798,2224 832,2224"/>
                <TextEquiv>
                    <Unicode>Ma vale la pena di saminare breve</Unicode>
                </TextEquiv>
            </TextLine>
            <TextLine id="tr_1_tl_82" custom="readingOrder {index:81;}">
                <Coords points="3083,2241 3142,2253 3198,2249 3209,2261 3221,2245 3304,2253 3300,2209 3269,2213 3245,2205 3233,2213 3166,2213 3079,2205"/>
                <Baseline points="3104,2239 3130,2241 3156,2242 3182,2242 3208,2242 3234,2242 3260,2243 3286,2245 3313,2242"/>
                <TextEquiv>
                    <Unicode>nato, presi-</Unicode>
                </TextEquiv>
            </TextLine>
            <TextLine id="tr_1_tl_83" custom="readingOrder {index:82;}">
                <Coords points="854,2257 1581,2277 1581,2237 850,2213"/>
                <Baseline points="874,2245 909,2247 945,2248 981,2248 1016,2248 1052,2248 1088,2250 1123,2251 1159,2252 1195,2254 1231,2257 1266,2257 1302,2257 1338,2258 1373,2260 1409,2260 1445,2262 1480,2262 1516,2263 1552,2265 1588,2265"/>
                <TextEquiv>
                    <Unicode>loro richeste l'asilio dei capitali indi¬</Unicode>
                </TextEquiv>
            </TextLine>
            <TextLine id="tr_1_tl_84" custom="readingOrder {index:83;}">
                <Coords points="123,2257 704,2285 723,2261 822,2273 822,2229 296,2229 119,2205"/>
                <Baseline points="146,2251 180,2251 214,2251 248,2251 283,2251 317,2253 351,2254 386,2255 420,2257 454,2257 489,2257 523,2258 557,2260 591,2260 626,2260 660,2260 694,2260 729,2260 763,2262 797,2264 832,2265"/>
                <TextEquiv>
                    <Unicode>ente la statistica riassuntiva, all</Unicode>
                </TextEquiv>
            </TextLine>
            <TextLine id="tr_1_tl_85" custom="readingOrder {index:84;}">
                <Coords points="3083,2285 3126,2285 3134,2292 3221,2285 3237,2300 3253,2288 3300,2288 3300,2253 3233,2245 3209,2253 3198,2245 3194,2253 3142,2253 3083,2241"/>
                <Baseline points="3104,2277 3129,2279 3155,2280 3181,2280 3207,2280 3232,2280 3258,2281 3284,2283 3310,2280"/>
                <TextEquiv>
                    <Unicode>le per l'am¬</Unicode>
                </TextEquiv>
            </TextLine>
            <TextLine id="tr_1_tl_86" custom="readingOrder {index:85;}">
                <Coords points="846,2300 1482,2316 1553,2312 1553,2273 842,2257"/>
                <Baseline points="868,2283 902,2285 937,2286 972,2287 1007,2289 1042,2286 1076,2288 1111,2289 1146,2290 1181,2292 1216,2294 1250,2295 1285,2295 1320,2295 1355,2298 1390,2298 1424,2299 1459,2301 1494,2301 1529,2303 1564,2301"/>
                <TextEquiv>
                    <Unicode>spensabili per le oyo costruzioni di</Unicode>
                </TextEquiv>
            </TextLine>
            <TextLine id="tr_1_tl_87" custom="readingOrder {index:86;}">
                <Coords points="130,2300 1399,2356 1561,2352 1557,2300 126,2261"/>
                <Baseline points="152,2286 222,2289 293,2289 364,2292 435,2295 506,2298 577,2298 648,2301 719,2301 790,2304 861,2321 931,2325 1002,2325 1073,2328 1144,2329 1215,2334 1286,2335 1357,2337 1428,2339 1499,2339 1570,2337"/>
                <TextEquiv>
                    <Unicode>le facile desumere che a Triester,</Unicode>
                </TextEquiv>
            </TextLine>
            <TextLine id="tr_1_tl_88" custom="readingOrder {index:87;}">
                <Coords points="3079,2324 3134,2320 3150,2336 3166,2324 3229,2324 3237,2316 3261,2328 3292,2328 3292,2288 3134,2288 3122,2281 3107,2288 3079,2281"/>
                <Baseline points="3101,2316 3126,2318 3151,2319 3176,2317 3201,2316 3226,2316 3251,2317 3276,2319 3301,2316"/>
                <TextEquiv>
                    <Unicode>il prof, ca</Unicode>
                </TextEquiv>
            </TextLine>
            <TextLine id="tr_1_tl_89" custom="readingOrder {index:88;}">
                <Coords points="123,2340 158,2328 221,2344 237,2328 265,2344 289,2332 352,2336 364,2348 399,2344 399,2296 372,2304 273,2300 261,2288 237,2300 221,2288 209,2300 123,2300"/>
                <Baseline points="146,2325 172,2327 198,2328 224,2328 251,2328 277,2328 303,2330 330,2331 356,2331 382,2331 409,2331"/>
                <TextEquiv>
                    <Unicode>n si fabrica.</Unicode>
                </TextEquiv>
            </TextLine>
            <TextLine id="tr_1_tl_90" custom="readingOrder {index:89;}">
                <Coords points="3083,2360 3146,2356 3158,2364 3229,2372 3296,2368 3296,2328 3253,2328 3241,2320 3225,2328 3194,2328 3186,2320 3162,2328 3142,2328 3134,2320 3083,2320"/>
                <Baseline points="3104,2355 3129,2355 3154,2355 3179,2355 3204,2355 3229,2355 3254,2356 3279,2358 3304,2358"/>
                <TextEquiv>
                    <Unicode>in appre¬</Unicode>
                </TextEquiv>
            </TextLine>
            <TextLine id="tr_1_tl_91" custom="readingOrder {index:90;}">
                <Coords points="130,2372 822,2391 822,2336 783,2344 739,2316 573,2348 478,2304 403,2344 130,2336"/>
                <Baseline points="152,2364 186,2364 220,2366 254,2368 288,2370 322,2370 356,2370 390,2371 424,2373 458,2373 492,2375 526,2376 560,2376 594,2376 628,2378 662,2379 696,2379 730,2379 764,2379 798,2379 832,2382"/>
                <TextEquiv>
                    <Unicode>Fra il 1924 e il 1927, nei sei distrett</Unicode>
                </TextEquiv>
            </TextLine>
            <TextLine id="tr_1_tl_92" custom="readingOrder {index:91;}">
                <Coords points="842,2364 1589,2383 1636,2419 3051,2431 3051,2312 2941,2261 2700,2300 2000,2281 1945,2328 1885,2285 1723,2292 1644,2352 1573,2308 1522,2352 842,2336"/>
                <Baseline points="865,2361 974,2364 1084,2367 1194,2370 1304,2375 1414,2377 1524,2378 1634,2378 1744,2373 1854,2379 1964,2382 2073,2385 2183,2386 2293,2388 2403,2391 2513,2397 2623,2394 2733,2400 2843,2407 2953,2403 3063,2409"/>
                <TextEquiv>
                    <Unicode>nen Schnitzer di passaggio.</Unicode>
                </TextEquiv>
            </TextLine>
            <TextLine id="tr_1_tl_93" custom="readingOrder {index:92;}">
                <Coords points="3087,2415 3107,2415 3115,2407 3130,2411 3142,2399 3190,2407 3237,2395 3292,2407 3292,2368 3166,2368 3146,2356 3087,2364"/>
                <Baseline points="3107,2394 3135,2394 3163,2394 3191,2394 3219,2394 3247,2395 3275,2398 3304,2400"/>
                <TextEquiv>
                    <Unicode>gliaretta</Unicode>
                </TextEquiv>
            </TextLine>
            <TextLine id="tr_1_tl_94" custom="readingOrder {index:93;}">
                <Coords points="850,2407 1427,2419 1462,2443 1565,2427 1565,2395 1466,2372 1407,2391 846,2368"/>
                <Baseline points="868,2400 903,2400 938,2402 974,2402 1009,2400 1045,2403 1080,2405 1115,2406 1151,2407 1186,2409 1222,2412 1257,2412 1292,2412 1328,2413 1363,2415 1399,2415 1434,2417 1469,2418 1505,2419 1540,2421 1576,2418"/>
                <TextEquiv>
                    <Unicode>la loro decisa volontà , che la</Unicode>
                </TextEquiv>
            </TextLine>
            <TextLine id="tr_1_tl_95" custom="readingOrder {index:94;}">
                <Coords points="123,2419 1455,2451 854,2375 123,2375"/>
                <Baseline points="146,2403 215,2405 284,2403 354,2406 423,2410 493,2414 562,2415 631,2412 701,2414 770,2418 840,2421 909,2436 979,2436 1048,2436 1117,2439 1187,2443 1256,2447 1326,2448 1395,2451 1465,2454"/>
                <TextEquiv>
                    <Unicode>ttadini — in tre anni, cioè vi fu und</Unicode>
                </TextEquiv>
            </TextLine>
            <TextLine id="tr_1_tl_96" custom="readingOrder {index:95;}">
                <Coords points="3087,2431 3142,2427 3158,2443 3182,2447 3229,2431 3265,2439 3300,2435 3300,2391 3281,2391 3269,2403 3170,2403 3162,2395 3130,2399 3122,2391 3111,2399 3087,2399"/>
                <Baseline points="3110,2424 3138,2426 3166,2427 3194,2427 3222,2427 3250,2427 3278,2429 3307,2433"/>
                <TextEquiv>
                    <Unicode>il re¬</Unicode>
                </TextEquiv>
            </TextLine>
            <TextLine id="tr_1_tl_97" custom="readingOrder {index:96;}">
                <Coords points="123,2447 573,2451 573,2423 455,2411 332,2415 217,2399 198,2415 123,2415"/>
                <Baseline points="143,2439 168,2439 194,2439 220,2437 246,2437 272,2439 297,2439 323,2439 349,2439 375,2440 401,2441 427,2442 452,2442 478,2443 504,2445 530,2447 556,2449 582,2451"/>
                <TextEquiv>
                    <Unicode>mento di solo 57</Unicode>
                </TextEquiv>
            </TextLine>
            <TextLine id="tr_1_tl_98" custom="readingOrder {index:97;}">
                <Coords points="660,2455 692,2455 707,2470 739,2455 775,2478 798,2462 818,2462 818,2427 790,2427 783,2419 735,2427 727,2419 711,2427 692,2427 684,2419 660,2419"/>
                <Baseline points="680,2451 709,2453 739,2454 769,2454 799,2454 829,2454"/>
                <TextEquiv>
                    <Unicode>cui¬</Unicode>
                </TextEquiv>
            </TextLine>
            <TextLine id="tr_1_tl_99" custom="readingOrder {index:98;}">
                <Coords points="3075,2466 3099,2470 3115,2462 3126,2470 3138,2458 3158,2470 3174,2466 3202,2478 3217,2474 3221,2466 3249,2466 3249,2431 3190,2435 3154,2427 3146,2431 3130,2423 3115,2423 3107,2431 3075,2431"/>
                <Baseline points="3098,2457 3124,2457 3151,2458 3177,2459 3204,2461 3230,2463 3257,2460"/>
                <TextEquiv>
                    <Unicode>de Fland</Unicode>
                </TextEquiv>
            </TextLine>
            <TextLine id="tr_1_tl_100" custom="readingOrder {index:99;}">
                <Coords points="123,2518 217,2474 818,2502 818,2462 624,2451 593,2423 545,2451 123,2447"/>
                <Baseline points="143,2471 177,2473 211,2472 245,2472 280,2474 314,2476 348,2477 383,2477 417,2477 451,2480 486,2480 520,2480 554,2480 588,2480 623,2482 657,2484 691,2486 726,2486 760,2488 794,2489 829,2492"/>
                <TextEquiv>
                    <Unicode>redoute all'attività dell'I. C. A</Unicode>
                </TextEquiv>
            </TextLine>
            <TextLine id="tr_1_tl_101" custom="readingOrder {index:100;}">
                <Coords points="889,2486 1561,2502 1561,2455 1478,2427 1399,2458 889,2439"/>
                <Baseline points="910,2471 943,2471 976,2472 1009,2475 1042,2477 1075,2477 1108,2477 1142,2478 1175,2480 1208,2482 1241,2483 1274,2483 1307,2486 1340,2486 1374,2486 1407,2486 1440,2489 1473,2489 1506,2490 1539,2492 1573,2489"/>
                <TextEquiv>
                    <Unicode>Questa la situazione, la quella</Unicode>
                </TextEquiv>
            </TextLine>
            <TextLine id="tr_1_tl_102" custom="readingOrder {index:101;}">
                <Coords points="1818,2506 2850,2502 2850,2435 2743,2427 1818,2427"/>
                <Baseline points="1839,2483 1890,2477 1941,2477 1992,2478 2043,2480 2094,2480 2145,2480 2196,2480 2247,2483 2298,2485 2349,2486 2400,2484 2451,2483 2502,2486 2553,2489 2604,2489 2655,2490 2706,2491 2757,2491 2808,2492 2860,2495"/>
                <TextEquiv>
                    <Unicode>per il Molo Bersaglieri</Unicode>
                </TextEquiv>
            </TextLine>
            <TextLine id="tr_1_tl_103" custom="readingOrder {index:102;}">
                <Coords points="3075,2506 3119,2502 3130,2510 3162,2506 3182,2514 3249,2514 3249,2466 3229,2466 3217,2474 3150,2466 3142,2458 3130,2470 3075,2466"/>
                <Baseline points="3098,2495 3124,2497 3151,2499 3177,2500 3204,2501 3230,2501 3257,2498"/>
                <TextEquiv>
                    <Unicode>dotti,</Unicode>
                </TextEquiv>
            </TextLine>
            <TextLine id="tr_1_tl_104" custom="readingOrder {index:103;}">
                <Coords points="842,2518 1530,2545 1561,2541 1561,2498 838,2482"/>
                <Baseline points="865,2510 900,2510 935,2512 971,2512 1006,2510 1042,2513 1077,2515 1112,2516 1148,2517 1183,2519 1219,2522 1254,2522 1289,2522 1325,2523 1360,2525 1396,2525 1431,2525 1466,2528 1502,2531 1537,2531 1573,2528"/>
                <TextEquiv>
                    <Unicode>ma provement a breve sae¬</Unicode>
                </TextEquiv>
            </TextLine>
            <TextLine id="tr_1_tl_105" custom="readingOrder {index:104;}">
                <Coords points="158,2522 814,2538 810,2498 783,2490 158,2482"/>
                <Baseline points="179,2513 211,2513 243,2513 276,2514 308,2516 340,2516 373,2517 405,2519 437,2519 470,2519 502,2520 534,2522 567,2522 599,2523 631,2525 664,2525 696,2525 728,2525 761,2525 793,2527 826,2528"/>
                <TextEquiv>
                    <Unicode>sensibile, invec l’aumento no</Unicode>
                </TextEquiv>
            </TextLine>
            <TextLine id="tr_1_tl_106" custom="readingOrder {index:105;}">
                <Coords points="3075,2541 3142,2541 3150,2549 3170,2549 3186,2541 3205,2557 3217,2545 3253,2545 3253,2510 3221,2510 3209,2502 3194,2514 3174,2514 3095,2498 3075,2502"/>
                <Baseline points="3095,2531 3123,2535 3151,2538 3179,2540 3207,2540 3235,2540 3263,2537"/>
                <TextEquiv>
                    <Unicode>Brunnen</Unicode>
                </TextEquiv>
            </TextLine>
            <TextLine id="tr_1_tl_107" custom="readingOrder {index:106;}">
                <Coords points="123,2561 1553,2581 1506,2534 834,2494 767,2538 123,2522"/>
                <Baseline points="143,2549 214,2552 285,2554 356,2554 427,2558 498,2561 569,2559 640,2561 711,2564 782,2567 853,2548 924,2551 995,2552 1066,2554 1137,2556 1208,2558 1279,2561 1350,2564 1421,2565 1492,2570 1564,2570"/>
                <TextEquiv>
                    <Unicode>burbio: 280 case. Ma à ouvio che tali qui, indubbiamente, in ana¬</Unicode>
                </TextEquiv>
            </TextLine>
            <TextLine id="tr_1_tl_108" custom="readingOrder {index:107;}">
                <Coords points="3083,2585 3134,2585 3138,2581 3178,2589 3209,2585 3205,2541 3166,2549 3146,2541 3122,2545 3119,2541 3079,2538"/>
                <Baseline points="3101,2573 3130,2575 3159,2577 3188,2579 3218,2579"/>
                <TextEquiv>
                    <Unicode>Rizzi,</Unicode>
                </TextEquiv>
            </TextLine>
            <TextLine id="tr_1_tl_109" custom="readingOrder {index:108;}">
                <Coords points="1613,2581 3217,2624 3217,2577 3059,2545 1613,2545"/>
                <Baseline points="1636,2579 1715,2579 1795,2582 1874,2582 1954,2585 2033,2585 2113,2585 2192,2586 2272,2591 2351,2591 2431,2594 2511,2596 2590,2596 2670,2597 2749,2597 2829,2600 2908,2603 2988,2603 3067,2600 3147,2612 3227,2615"/>
                <TextEquiv>
                    <Unicode>Nel grigiore della serata poco prima¬ osa figurina femminile e da un offi¬</Unicode>
                </TextEquiv>
            </TextLine>
            <TextLine id="tr_1_tl_110" custom="readingOrder {index:109;}">
                <Coords points="119,2601 814,2613 814,2577 763,2569 119,2553"/>
                <Baseline points="140,2588 174,2590 208,2593 242,2594 277,2594 311,2594 345,2594 380,2595 414,2597 448,2594 483,2598 517,2600 551,2600 585,2600 620,2602 654,2603 688,2603 723,2603 757,2605 791,2606 826,2603"/>
                <TextEquiv>
                    <Unicode>se sono di pochi vani, ciascuna fors</Unicode>
                </TextEquiv>
            </TextLine>
            <TextLine id="tr_1_tl_111" custom="readingOrder {index:110;}">
                <Coords points="838,2589 2364,2652 2668,2648 2692,2605 834,2561"/>
                <Baseline points="856,2585 948,2591 1040,2591 1132,2594 1224,2597 1316,2600 1408,2604 1500,2607 1592,2613 1684,2620 1777,2621 1869,2621 1961,2624 2053,2624 2145,2627 2237,2627 2329,2630 2421,2632 2513,2633 2605,2633 2698,2636"/>
                <TextEquiv>
                    <Unicode>quasiasi initiativa privat. C. A. verile, lo Stella d'Italian s’avanza, di ciale della Milizia,</Unicode>
                </TextEquiv>
            </TextLine>
            <TextLine id="tr_1_tl_112" custom="readingOrder {index:111;}">
                <Coords points="119,2632 818,2656 818,2617 743,2605 119,2601"/>
                <Baseline points="140,2627 174,2629 208,2630 243,2630 277,2630 312,2633 346,2633 381,2634 415,2636 450,2636 484,2638 518,2639 553,2639 587,2639 622,2639 656,2641 691,2643 725,2645 760,2645 794,2645 829,2645"/>
                <TextEquiv>
                    <Unicode>tevole por una o, al più, due fami¬</Unicode>
                </TextEquiv>
            </TextLine>
            <TextLine id="tr_1_tl_113" custom="readingOrder {index:112;}">
                <Coords points="846,2636 2221,2688 2312,2688 2312,2640 842,2593"/>
                <Baseline points="862,2624 935,2627 1008,2630 1081,2633 1154,2633 1227,2636 1300,2639 1373,2638 1446,2642 1519,2647 1592,2652 1665,2658 1738,2660 1811,2660 1884,2661 1957,2663 2030,2665 2103,2666 2176,2668 2249,2669 2322,2666"/>
                <TextEquiv>
                    <Unicode>M., con il buon volere sato fin qui, lontano, come una grande candida co-</Unicode>
                </TextEquiv>
            </TextLine>
            <TextLine id="tr_1_tl_114" custom="readingOrder {index:113;}">
                <Coords points="3075,2656 3115,2656 3122,2664 3138,2660 3142,2664 3178,2664 3186,2672 3209,2672 3209,2624 3126,2624 3111,2613 3107,2617 3075,2617"/>
                <Baseline points="3098,2651 3127,2651 3156,2652 3185,2654 3215,2651"/>
                <TextEquiv>
                    <Unicode>Erano</Unicode>
                </TextEquiv>
            </TextLine>
            <TextLine id="tr_1_tl_115" custom="readingOrder {index:114;}">
                <Coords points="123,2680 684,2684 767,2711 814,2704 810,2656 119,2636"/>
                <Baseline points="140,2669 174,2669 208,2669 242,2669 276,2669 310,2669 344,2671 379,2672 413,2672 447,2674 481,2674 515,2674 549,2674 583,2677 618,2677 652,2678 686,2681 720,2683 754,2683 788,2684 823,2689"/>
                <TextEquiv>
                    <Unicode>ie. L'altopiano si accrebbe di 44 case</Unicode>
                </TextEquiv>
            </TextLine>
            <TextLine id="tr_1_tl_116" custom="readingOrder {index:115;}">
                <Coords points="2364,2680 3190,2692 3190,2664 3099,2660 3051,2621 3012,2644 2937,2644 2897,2613 2688,2648 2364,2644"/>
                <Baseline points="2385,2672 2425,2669 2466,2671 2507,2673 2548,2674 2588,2674 2629,2674 2670,2674 2711,2675 2751,2676 2792,2674 2833,2674 2874,2674 2914,2676 2955,2677 2996,2677 3037,2680 3077,2682 3118,2690 3159,2693 3200,2695"/>
                <TextEquiv>
                    <Unicode>E non appena l'ospite illustre ha l'ing.</Unicode>
                </TextEquiv>
            </TextLine>
            <TextLine id="tr_1_tl_117" custom="readingOrder {index:116;}">
                <Coords points="842,2672 2130,2715 2099,2664 842,2636"/>
                <Baseline points="862,2663 925,2666 989,2668 1053,2670 1117,2672 1181,2672 1245,2674 1309,2677 1373,2678 1437,2683 1501,2684 1564,2686 1628,2695 1692,2698 1756,2698 1820,2698 1884,2700 1948,2701 2012,2701 2076,2703 2140,2707"/>
                <TextEquiv>
                    <Unicode>vorra e sopra trovare is le rinnova¬ mba, sul mare corruciato.</Unicode>
                </TextEquiv>
            </TextLine>
            <TextLine id="tr_1_tl_118" custom="readingOrder {index:117;}">
                <Coords points="3213,2696 3296,2700 3300,2636 3269,2636 3261,2628 3245,2628 3233,2636 3217,2636"/>
                <Baseline points="3236,2692 3271,2691 3307,2689"/>
                <TextEquiv>
                    <Unicode>Ma¬</Unicode>
                </TextEquiv>
            </TextLine>
            <TextLine id="tr_1_tl_119" custom="readingOrder {index:118;}">
                <Coords points="119,2715 407,2715 486,2735 506,2719 704,2723 700,2684 119,2680"/>
                <Baseline points="140,2707 168,2707 197,2707 225,2707 254,2709 282,2710 311,2710 339,2710 368,2710 396,2710 425,2711 453,2713 482,2713 510,2714 539,2716 567,2716 596,2717 624,2718 653,2719 681,2719 710,2719"/>
                <TextEquiv>
                    <Unicode>a cui parecchi semplici tuuri</Unicode>
                </TextEquiv>
            </TextLine>
            <TextLine id="tr_1_tl_120" custom="readingOrder {index:119;}">
                <Coords points="834,2707 1526,2739 1561,2731 1561,2696 830,2676"/>
                <Baseline points="856,2701 891,2701 927,2703 962,2704 998,2704 1033,2707 1069,2709 1104,2710 1140,2710 1175,2710 1211,2713 1247,2715 1282,2716 1318,2716 1353,2716 1389,2719 1424,2719 1460,2720 1495,2723 1531,2725 1567,2725"/>
                <TextEquiv>
                    <Unicode>te energie capacidi aduersi il carie¬</Unicode>
                </TextEquiv>
            </TextLine>
            <TextLine id="tr_1_tl_121" custom="readingOrder {index:120;}">
                <Coords points="2328,2715 3292,2743 3292,2684 2328,2676"/>
                <Baseline points="2349,2707 2396,2710 2444,2710 2491,2710 2539,2711 2587,2713 2634,2713 2682,2712 2729,2711 2777,2715 2825,2716 2872,2716 2920,2716 2967,2718 3015,2719 3063,2722 3110,2729 3158,2731 3205,2730 3253,2728 3301,2731"/>
                <TextEquiv>
                    <Unicode>toccato il suolo di Trieste, il cronista del R. It</Unicode>
                </TextEquiv>
            </TextLine>
            <TextLine id="tr_1_tl_122" custom="readingOrder {index:121;}">
                <Coords points="1613,2751 3055,2767 3004,2723 1613,2707"/>
                <Baseline points="1636,2734 1707,2737 1779,2737 1850,2739 1922,2740 1993,2743 2065,2743 2136,2746 2208,2746 2279,2744 2351,2746 2422,2749 2494,2750 2565,2752 2637,2750 2708,2752 2780,2754 2851,2755 2923,2757 2994,2758 3066,2758"/>
                <TextEquiv>
                    <Unicode>Il molo Bersaglieri &amp; già gremito del affront, raggiante, per porgergli</Unicode>
                </TextEquiv>
            </TextLine>
            <TextLine id="tr_1_tl_123" custom="readingOrder {index:122;}">
                <Coords points="3075,2775 3296,2775 3296,2739 3233,2743 3217,2731 3198,2743 3182,2735 3075,2739"/>
                <Baseline points="3098,2770 3124,2767 3150,2768 3176,2770 3202,2770 3228,2769 3254,2768 3280,2766 3307,2764"/>
                <TextEquiv>
                    <Unicode>grini, et</Unicode>
                </TextEquiv>
            </TextLine>
            <TextLine id="tr_1_tl_124" custom="readingOrder {index:123;}">
                <Coords points="838,2751 3213,2826 3292,2814 3292,2771 834,2711"/>
                <Baseline points="856,2740 978,2745 1100,2747 1222,2752 1345,2755 1467,2760 1589,2771 1711,2776 1834,2779 1956,2782 2078,2782 2200,2785 2323,2782 2445,2788 2567,2790 2689,2791 2812,2794 2934,2794 3056,2795 3178,2806 3301,2803"/>
                <TextEquiv>
                    <Unicode>a un programma magati più vasto dla olla variae irrequieta degli aspetuo salute anocciolargli il suo dell'in¬</Unicode>
                </TextEquiv>
            </TextLine>
            <TextLine id="tr_1_tl_125" custom="readingOrder {index:124;}">
                <Coords points="119,2755 2312,2830 2312,2790 929,2755 751,2700 119,2719"/>
                <Baseline points="140,2746 254,2746 369,2749 484,2752 598,2755 713,2758 828,2761 942,2782 1057,2786 1172,2788 1286,2791 1401,2794 1516,2799 1630,2813 1745,2816 1860,2818 1974,2820 2089,2821 2204,2822 2319,2824"/>
                <TextEquiv>
                    <Unicode>Complessivamente, in tutto il comum, concrescenti, che si vno sotto la po¬</Unicode>
                </TextEquiv>
            </TextLine>
            <TextLine id="tr_1_tl_126" custom="readingOrder {index:125;}">
                <Coords points="134,2794 356,2787 431,2810 494,2790 767,2818 814,2806 810,2767 130,2759"/>
                <Baseline points="155,2785 188,2787 221,2787 255,2785 288,2785 322,2787 355,2787 388,2786 422,2788 455,2790 489,2791 522,2792 555,2794 589,2794 622,2795 656,2797 689,2797 722,2799 756,2800 789,2799 823,2797"/>
                <TextEquiv>
                    <Unicode>di Trieste — che comprende la cit</Unicode>
                </TextEquiv>
            </TextLine>
            <TextLine id="tr_1_tl_127" custom="readingOrder {index:126;}">
                <Coords points="146,2826 814,2850 810,2806 142,2794"/>
                <Baseline points="167,2824 199,2824 232,2824 265,2825 298,2827 331,2827 363,2827 396,2827 429,2827 462,2829 495,2831 527,2833 560,2833 593,2833 626,2833 658,2833 691,2833 724,2836 757,2838 790,2836 823,2836"/>
                <TextEquiv>
                    <Unicode>il suburbio e l'altopiano — si el</Unicode>
                </TextEquiv>
            </TextLine>
            <TextLine id="tr_1_tl_128" custom="readingOrder {index:127;}">
                <Coords points="2332,2834 2779,2834 2873,2877 3067,2838 3296,2858 3273,2798 2332,2790"/>
                <Baseline points="2355,2818 2402,2824 2449,2827 2496,2830 2544,2830 2591,2830 2638,2830 2686,2830 2733,2830 2780,2831 2828,2833 2875,2835 2922,2836 2969,2836 3017,2836 3064,2833 3111,2842 3159,2843 3206,2844 3253,2844 3301,2842"/>
                <TextEquiv>
                    <Unicode>terrogatorio, formulato e meditato so¬</Unicode>
                </TextEquiv>
            </TextLine>
            <TextLine id="tr_1_tl_129" custom="readingOrder {index:128;}">
                <Coords points="834,2830 2802,2881 2779,2834 834,2787"/>
                <Baseline points="856,2818 953,2821 1051,2827 1149,2829 1247,2830 1345,2833 1442,2839 1540,2842 1638,2854 1736,2854 1834,2857 1931,2858 2029,2860 2127,2860 2225,2863 2323,2862 2420,2868 2518,2869 2616,2869 2714,2869 2812,2872"/>
                <TextEquiv>
                    <Unicode>titoli di gratitudine che la città tutta insistente, tra l’affacendarsi dell’eser- to la pioggia nell'attes.</Unicode>
                </TextEquiv>
            </TextLine>
            <TextLine id="tr_1_tl_130" custom="readingOrder {index:129;}">
                <Coords points="115,2881 834,2873 909,2909 1087,2877 1340,2933 1569,2885 2182,2921 2308,2909 2308,2870 111,2834"/>
                <Baseline points="137,2863 246,2864 355,2866 464,2867 573,2872 682,2876 791,2875 900,2860 1009,2863 1118,2866 1228,2870 1337,2875 1446,2878 1555,2883 1664,2892 1773,2892 1882,2895 1991,2895 2100,2898 2209,2900 2319,2901"/>
                <TextEquiv>
                    <Unicode>ro: nel 1924 case 12.631, nel 1925 doverosamente tributa ai suoi dirigent cito rosso e turchino dei facchini, tri¬</Unicode>
                </TextEquiv>
            </TextLine>
            <TextLine id="tr_1_tl_131" custom="readingOrder {index:130;}">
                <Coords points="3067,2897 3115,2901 3138,2889 3158,2897 3285,2893 3285,2858 3233,2854 3221,2846 3213,2854 3067,2850"/>
                <Baseline points="3089,2880 3114,2880 3140,2880 3166,2882 3192,2884 3217,2886 3243,2885 3269,2883 3295,2883"/>
                <TextEquiv>
                    <Unicode>electricité</Unicode>
                </TextEquiv>
            </TextLine>
            <TextLine id="tr_1_tl_132" custom="readingOrder {index:131;}">
                <Coords points="130,2909 281,2901 356,2941 387,2917 538,2921 573,2949 810,2929 810,2881 130,2870"/>
                <Baseline points="152,2901 185,2901 218,2901 252,2901 285,2901 319,2903 352,2905 386,2907 419,2907 453,2909 486,2910 519,2911 553,2913 586,2913 620,2913 653,2914 687,2916 720,2916 754,2916 787,2916 821,2916"/>
                <TextEquiv>
                    <Unicode>12.701, nel 1926 case 12.848, nel 192</Unicode>
                </TextEquiv>
            </TextLine>
            <TextLine id="tr_1_tl_133" custom="readingOrder {index:132;}">
                <Coords points="2360,2905 2538,2909 2589,2945 2652,2921 2692,2941 2866,2941 2885,2921 3055,2937 3055,2854 3024,2850 2988,2877 2925,2858 2842,2881 2360,2877"/>
                <Baseline points="2382,2904 2416,2904 2450,2906 2484,2907 2518,2907 2553,2907 2587,2909 2621,2909 2655,2907 2689,2910 2724,2910 2758,2910 2792,2910 2826,2913 2860,2913 2895,2913 2929,2913 2963,2913 2997,2913 3031,2914 3066,2913"/>
                <TextEquiv>
                    <Unicode>Ohimè, quale delusione: Altro che</Unicode>
                </TextEquiv>
            </TextLine>
            <TextLine id="tr_1_tl_134" custom="readingOrder {index:133;}">
                <Coords points="3103,2933 3174,2933 3202,2949 3209,2937 3221,2941 3229,2929 3249,2945 3257,2933 3277,2933 3277,2893 3103,2893"/>
                <Baseline points="3125,2919 3151,2921 3177,2922 3203,2922 3229,2922 3255,2922 3281,2922"/>
                <TextEquiv>
                    <Unicode>Accompa¬</Unicode>
                </TextEquiv>
            </TextLine>
            <TextLine id="tr_1_tl_135" custom="readingOrder {index:134;}">
                <Coords points="1569,2945 2534,2956 2534,2921 2360,2893 1569,2893"/>
                <Baseline points="1591,2931 1638,2931 1686,2931 1733,2932 1781,2934 1829,2934 1876,2934 1924,2934 1971,2935 2019,2937 2067,2937 2114,2937 2162,2937 2209,2939 2257,2940 2305,2940 2352,2943 2400,2943 2447,2944 2495,2946 2543,2946"/>
                <TextEquiv>
                    <Unicode>le carrozze e i taxi che passano, digung intervista</Unicode>
                </TextEquiv>
            </TextLine>
            <TextLine id="tr_1_tl_136" custom="readingOrder {index:135;}">
                <Coords points="119,2945 178,2941 209,2953 304,2953 304,2905 285,2905 273,2897 249,2909 202,2909 194,2901 182,2913 142,2905 119,2909"/>
                <Baseline points="140,2934 168,2938 197,2940 226,2940 255,2940 284,2941 313,2943"/>
                <TextEquiv>
                    <Unicode>se 13.015.</Unicode>
                </TextEquiv>
            </TextLine>
            <TextLine id="tr_1_tl_137" custom="readingOrder {index:136;}">
                <Coords points="3067,2964 3146,2968 3150,2972 3158,2968 3166,2972 3202,2968 3202,2933 3142,2933 3126,2929 3119,2921 3111,2921 3103,2929 3067,2929"/>
                <Baseline points="3089,2955 3119,2957 3150,2959 3181,2961 3212,2958"/>
                <TextEquiv>
                    <Unicode>comm.</Unicode>
                </TextEquiv>
            </TextLine>
            <TextLine id="tr_1_tl_138" custom="readingOrder {index:137;}">
                <Coords points="1573,2980 2300,2992 2300,2953 2237,2941 1573,2941"/>
                <Baseline points="1594,2970 1629,2970 1665,2970 1701,2970 1737,2970 1773,2970 1808,2972 1844,2973 1880,2973 1916,2973 1952,2973 1987,2975 2023,2974 2059,2974 2095,2976 2131,2976 2166,2976 2202,2976 2238,2977 2274,2979 2310,2979"/>
                <TextEquiv>
                    <Unicode>zando e inaccherando, nelle poza</Unicode>
                </TextEquiv>
            </TextLine>
            <TextLine id="tr_1_tl_139" custom="readingOrder {index:138;}">
                <Coords points="119,2988 806,3008 806,2941 731,2956 700,2925 577,2949 541,2921 466,2921 443,2945 336,2929 312,2953 119,2945"/>
                <Baseline points="140,2979 173,2979 207,2979 241,2980 275,2982 309,2982 343,2982 377,2983 411,2985 445,2985 479,2985 512,2986 546,2988 580,2988 614,2990 648,2991 682,2991 716,2994 750,2996 784,2997 818,2997"/>
                <TextEquiv>
                    <Unicode>Differenza in più dal 1924 al 192</Unicode>
                </TextEquiv>
            </TextLine>
            <TextLine id="tr_1_tl_140" custom="readingOrder {index:139;}">
                <Coords points="2419,2988 2597,3012 2660,2984 3047,3000 3047,2933 3012,2925 2960,2960 2889,2941 2704,2949 2648,2925 2609,2949 2573,2933 2538,2956 2419,2956"/>
                <Baseline points="2439,2982 2469,2984 2500,2985 2531,2985 2562,2985 2592,2985 2623,2985 2654,2983 2685,2984 2715,2986 2746,2988 2777,2988 2808,2988 2838,2988 2869,2988 2900,2988 2931,2988 2961,2988 2992,2989 3023,2991 3054,2991"/>
                <TextEquiv>
                    <Unicode>Giornalista? esclama subito Art</Unicode>
                </TextEquiv>
            </TextLine>
            <TextLine id="tr_1_tl_141" custom="readingOrder {index:140;}">
                <Coords points="3067,3012 3115,3000 3213,3012 3292,3004 3292,2972 3253,2968 3245,2960 3237,2968 3221,2956 3205,2972 3067,2960"/>
                <Baseline points="3089,2997 3115,2997 3142,2998 3168,2999 3195,3000 3221,3000 3248,2998 3274,2997 3301,2997"/>
                <TextEquiv>
                    <Unicode>le autor</Unicode>
                </TextEquiv>
            </TextLine>
            <TextLine id="tr_1_tl_142" custom="readingOrder {index:141;}">
                <Coords points="842,3020 1174,3008 1245,3036 1549,3039 1549,2897 1443,2889 1344,2929 988,2889 838,2901"/>
                <Baseline points="862,2994 896,2994 931,2994 965,2995 1000,2997 1035,2997 1069,2999 1104,3000 1139,3000 1173,3000 1208,3002 1243,3004 1277,3005 1312,3003 1347,3005 1381,3004 1416,3004 1451,3005 1485,3001 1520,3010 1555,3015"/>
                <TextEquiv>
                    <Unicode>movimento nei pari italian</Unicode>
                </TextEquiv>
            </TextLine>
            <TextLine id="tr_1_tl_143" custom="readingOrder {index:142;}">
                <Coords points="1569,3024 3285,3047 3257,3004 1569,2984"/>
                <Baseline points="1591,3015 1676,3009 1761,3010 1846,3011 1931,3014 2017,3015 2102,3015 2187,3018 2272,3018 2357,3021 2443,3024 2528,3024 2613,3024 2698,3027 2783,3026 2869,3027 2954,3029 3039,3028 3124,3036 3209,3036 3295,3036"/>
                <TextEquiv>
                    <Unicode>ghere fangose. E tutti gli sguardi sono ro Schnitzler. Mi dispiace, caro signo¬</Unicode>
                </TextEquiv>
            </TextLine>
            <TextLine id="tr_1_tl_144" custom="readingOrder {index:143;}">
                <Coords points="123,3024 775,3055 810,3039 810,3000 672,2988 656,3004 123,2988"/>
                <Baseline points="146,3015 179,3015 213,3016 246,3018 280,3018 314,3020 347,3021 381,3022 414,3024 448,3026 482,3027 515,3027 549,3027 582,3029 616,3028 650,3028 683,3030 717,3030 750,3031 784,3034 818,3036"/>
                <TextEquiv>
                    <Unicode>se 381, di cui gran parte bastevol</Unicode>
                </TextEquiv>
            </TextLine>
            <TextLine id="tr_1_tl_145" custom="readingOrder {index:144;}">
                <Coords points="1565,3059 3281,3079 3281,3043 2850,3024 1565,3020"/>
                <Baseline points="1588,3048 1673,3048 1758,3051 1843,3051 1928,3053 2013,3054 2098,3054 2183,3055 2268,3057 2353,3061 2439,3063 2524,3063 2609,3063 2694,3066 2779,3066 2864,3066 2949,3069 3034,3069 3119,3074 3204,3077 3290,3075"/>
                <TextEquiv>
                    <Unicode>rivolti alla nave bianca, dove si distin¬ re, ma interviste non ne ho mai con¬</Unicode>
                </TextEquiv>
            </TextLine>
            <TextLine id="tr_1_tl_146" custom="readingOrder {index:145;}">
                <Coords points="123,3067 810,3079 810,3039 123,3024"/>
                <Baseline points="143,3054 176,3056 210,3057 244,3058 278,3060 311,3058 345,3059 379,3061 413,3063 446,3063 480,3065 514,3066 548,3066 581,3068 615,3069 649,3069 683,3069 716,3071 750,3074 784,3075 818,3072"/>
                <TextEquiv>
                    <Unicode>labitazione di una sola famiglia.</Unicode>
                </TextEquiv>
            </TextLine>
            <TextLine id="tr_1_tl_147" custom="readingOrder {index:146;}">
                <Coords points="925,3079 1075,3075 1225,3099 1300,3079 1344,3107 1379,3091 1466,3099 1462,3039 1407,3028 1225,3032 1170,3000 1103,3024 925,3016"/>
                <Baseline points="946,3060 972,3060 998,3061 1024,3064 1051,3066 1077,3066 1103,3068 1129,3069 1156,3069 1182,3070 1208,3072 1234,3073 1261,3075 1287,3075 1313,3075 1339,3075 1366,3076 1392,3078 1418,3078 1444,3078 1471,3078"/>
                <TextEquiv>
                    <Unicode>nello scorso marzo</Unicode>
                </TextEquiv>
            </TextLine>
            <TextLine id="tr_1_tl_148" custom="readingOrder {index:147;}">
                <Coords points="1573,3103 3281,3119 3241,3079 1573,3059"/>
                <Baseline points="1594,3089 1678,3089 1763,3089 1848,3089 1933,3091 2018,3092 2103,3092 2188,3093 2273,3095 2358,3096 2443,3101 2527,3101 2612,3101 2697,3104 2782,3104 2867,3105 2952,3107 3037,3107 3122,3110 3207,3115 3292,3113"/>
                <TextEquiv>
                    <Unicode>guono già, sul ponte e lungo le mura cesse, mai, dico, nè in Europa ne in attrezzie</Unicode>
                </TextEquiv>
            </TextLine>
            <TextLine id="tr_1_tl_149" custom="readingOrder {index:148;}">
                <Coords points="123,3103 814,3126 810,3079 783,3075 123,3067"/>
                <Baseline points="146,3092 179,3094 213,3095 247,3095 281,3095 314,3097 348,3098 382,3098 416,3098 449,3100 483,3103 517,3105 551,3107 584,3105 618,3106 652,3107 686,3107 719,3109 753,3112 787,3113 821,3113"/>
                <TextEquiv>
                    <Unicode>bad: il 1924 e il 1925 furono gli</Unicode>
                </TextEquiv>
            </TextLine>
            <TextLine id="tr_1_tl_150" custom="readingOrder {index:149;}">
                <Coords points="866,3122 1032,3130 1043,3119 1217,3146 1296,3138 1296,3079 1202,3095 1134,3079 1032,3091 866,3063"/>
                <Baseline points="889,3113 915,3113 941,3113 967,3115 993,3116 1019,3116 1045,3117 1071,3119 1098,3119 1124,3120 1150,3121 1176,3122 1202,3122 1228,3124 1254,3125 1280,3125 1307,3128"/>
                <TextEquiv>
                    <Unicode>Abbiamo da Roma, 30</Unicode>
                </TextEquiv>
            </TextLine>
            <TextLine id="tr_1_tl_151" custom="readingOrder {index:150;}">
                <Coords points="1565,3142 3288,3158 3288,3119 3067,3111 1565,3099"/>
                <Baseline points="1585,3125 1670,3128 1756,3128 1841,3128 1927,3128 2013,3133 2098,3134 2184,3134 2270,3137 2355,3140 2441,3138 2527,3140 2612,3140 2698,3143 2784,3143 2869,3145 2955,3146 3041,3144 3126,3149 3212,3152 3298,3152"/>
                <TextEquiv>
                    <Unicode>te, i viaggiatori e i marinai cho mira¬ America, durante i miei viaggi. Mi di¬</Unicode>
                </TextEquiv>
            </TextLine>
            <TextLine id="tr_1_tl_152" custom="readingOrder {index:151;}">
                <Coords points="115,3146 775,3162 806,3154 806,3119 111,3103"/>
                <Baseline points="137,3131 170,3133 204,3134 238,3134 272,3134 306,3136 340,3137 374,3138 408,3140 442,3140 476,3140 509,3141 543,3143 577,3143 611,3143 645,3145 679,3149 713,3149 747,3149 781,3150 815,3149"/>
                <TextEquiv>
                    <Unicode>ni di massima attività edilizia ne</Unicode>
                </TextEquiv>
            </TextLine>
            <TextLine id="tr_1_tl_153" custom="readingOrder {index:152;}">
                <Coords points="862,3166 1541,3182 1538,3083 1403,3115 1360,3103 1304,3138 862,3126"/>
                <Baseline points="883,3155 916,3153 949,3153 983,3155 1016,3155 1050,3157 1083,3158 1117,3159 1150,3161 1184,3163 1217,3164 1250,3165 1284,3167 1317,3169 1351,3170 1384,3171 1418,3173 1451,3173 1485,3173 1518,3173 1552,3173"/>
                <TextEquiv>
                    <Unicode>Il Ministero delle Comunicazioni co</Unicode>
                </TextEquiv>
            </TextLine>
            <TextLine id="tr_1_tl_154" custom="readingOrder {index:153;}">
                <Coords points="1569,3190 1593,3194 1640,3166 1660,3182 1759,3170 1775,3182 1862,3174 1893,3190 2028,3178 2028,3142 1937,3130 1925,3142 1897,3130 1881,3142 1569,3138"/>
                <Baseline points="1591,3164 1617,3164 1643,3164 1669,3164 1695,3165 1721,3167 1748,3167 1774,3167 1800,3167 1826,3167 1852,3167 1878,3167 1905,3167 1931,3169 1957,3170 1983,3170 2009,3170 2036,3170"/>
                <TextEquiv>
                    <Unicode>no il molo formicolante</Unicode>
                </TextEquiv>
            </TextLine>
            <TextLine id="tr_1_tl_155" custom="readingOrder {index:154;}">
                <Coords points="2316,3186 3288,3202 3265,3154 2316,3150"/>
                <Baseline points="2337,3176 2385,3179 2433,3179 2481,3179 2529,3179 2577,3180 2625,3182 2673,3182 2721,3182 2769,3182 2817,3184 2865,3185 2913,3188 2961,3188 3009,3188 3057,3188 3105,3188 3153,3189 3201,3191 3249,3191 3298,3188"/>
                <TextEquiv>
                    <Unicode>spiace, ripeto, per leiche... ha preso rati al tor¬</Unicode>
                </TextEquiv>
            </TextLine>
            <TextLine id="tr_1_tl_156" custom="readingOrder {index:155;}">
                <Coords points="111,3182 1545,3229 1510,3178 111,3146"/>
                <Baseline points="134,3170 205,3173 276,3174 347,3178 418,3179 489,3182 560,3182 631,3185 702,3187 773,3191 844,3191 915,3193 986,3195 1057,3197 1128,3200 1199,3203 1270,3203 1341,3207 1412,3211 1483,3213 1555,3212"/>
                <TextEquiv>
                    <Unicode>fronti degli anni precedenti, nonche munica : Durante il mese di marzo 192</Unicode>
                </TextEquiv>
            </TextLine>
            <TextLine id="tr_1_tl_157" custom="readingOrder {index:156;}">
                <Coords points="1605,3217 2830,3233 2826,3194 2356,3190 2249,3146 2032,3186 1601,3174"/>
                <Baseline points="1624,3209 1684,3207 1745,3209 1806,3209 1867,3211 1927,3211 1988,3212 2049,3215 2110,3215 2170,3216 2231,3216 2292,3218 2353,3216 2413,3220 2474,3218 2535,3218 2596,3218 2656,3221 2717,3218 2778,3221 2839,3224"/>
                <TextEquiv>
                    <Unicode>A bordo dello Stella d'Italia», che tutta quest'acqua per me</Unicode>
                </TextEquiv>
            </TextLine>
            <TextLine id="tr_1_tl_158" custom="readingOrder {index:157;}">
                <Coords points="3063,3257 3087,3249 3099,3253 3122,3233 3142,3229 3154,3229 3166,3241 3229,3241 3229,3202 3178,3202 3166,3190 3150,3202 3138,3194 3111,3194 3063,3205"/>
                <Baseline points="3084,3227 3109,3227 3135,3227 3161,3227 3187,3228 3213,3230 3239,3230"/>
                <TextEquiv>
                    <Unicode>officine.</Unicode>
                </TextEquiv>
            </TextLine>
            <TextLine id="tr_1_tl_159" custom="readingOrder {index:158;}">
                <Coords points="142,3213 1565,3277 2253,3273 2292,3229 138,3186"/>
                <Baseline points="164,3212 270,3212 377,3215 484,3221 591,3223 698,3224 805,3230 911,3233 1018,3236 1125,3239 1232,3242 1339,3246 1446,3253 1553,3251 1659,3248 1766,3248 1873,3249 1980,3251 2087,3252 2194,3255 2301,3254"/>
                <TextEquiv>
                    <Unicode>1927 . — a quanto paro — anche approdarono complosivamento nei por¬ rientra dalla sua terza crociera, via</Unicode>
                </TextEquiv>
            </TextLine>
            <TextLine id="tr_1_tl_160" custom="readingOrder {index:159;}">
                <Coords points="2407,3265 3043,3281 3043,3221 2988,3213 2810,3233 2443,3217 2407,3237"/>
                <Baseline points="2427,3257 2458,3257 2489,3258 2521,3260 2552,3260 2583,3259 2615,3258 2646,3260 2677,3260 2709,3260 2740,3260 2771,3260 2803,3261 2834,3263 2865,3263 2897,3263 2928,3264 2959,3266 2991,3266 3022,3267 3054,3269"/>
                <TextEquiv>
                    <Unicode>Forse più tardi?... All’albergo?..</Unicode>
                </TextEquiv>
            </TextLine>
            <TextLine id="tr_1_tl_161" custom="readingOrder {index:160;}">
                <Coords points="3095,3273 3194,3281 3213,3281 3221,3273 3237,3288 3261,3273 3288,3273 3292,3221 3249,3221 3229,3241 3202,3241 3194,3233 3162,3237 3154,3229 3099,3241"/>
                <Baseline points="3116,3269 3141,3267 3167,3266 3192,3268 3218,3268 3243,3267 3269,3265 3295,3263"/>
                <TextEquiv>
                    <Unicode>Nella gra¬</Unicode>
                </TextEquiv>
            </TextLine>
            <TextLine id="tr_1_tl_162" custom="readingOrder {index:161;}">
                <Coords points="146,3296 581,3273 688,3316 834,3269 2237,3312 2296,3269 142,3217"/>
                <Baseline points="164,3254 271,3253 378,3256 485,3260 592,3263 699,3266 806,3267 913,3274 1020,3278 1127,3281 1234,3284 1341,3287 1448,3290 1555,3290 1662,3287 1769,3287 1876,3290 1983,3292 2090,3292 2197,3294 2304,3295"/>
                <TextEquiv>
                    <Unicode>primo quadrimestre dell'anno cor¬ ti del Regno 12.658 navi, per una stazza gia tra la dorata folia cosmopolita, ut</Unicode>
                </TextEquiv>
            </TextLine>
            <TextLine id="tr_1_tl_163" custom="readingOrder {index:162;}">
                <Coords points="2415,3304 2593,3300 2704,3320 2723,3304 2806,3300 2846,3320 2933,3304 2933,3273 2862,3265 2415,3265"/>
                <Baseline points="2436,3295 2461,3295 2486,3295 2512,3297 2537,3298 2562,3298 2588,3298 2613,3298 2638,3298 2664,3298 2689,3298 2714,3298 2740,3298 2765,3298 2790,3298 2816,3298 2841,3298 2866,3298 2892,3299 2917,3300 2943,3301"/>
                <TextEquiv>
                    <Unicode>Impossibile. Riparto subito.</Unicode>
                </TextEquiv>
            </TextLine>
            <TextLine id="tr_1_tl_164" custom="readingOrder {index:163;}">
                <Coords points="3063,3320 3099,3312 3146,3320 3174,3312 3186,3320 3202,3316 3209,3324 3237,3312 3257,3316 3281,3308 3281,3277 3261,3277 3253,3269 3237,3277 3122,3277 3103,3273 3091,3261 3063,3261"/>
                <Baseline points="3084,3304 3109,3302 3135,3301 3161,3303 3187,3304 3212,3304 3238,3304 3264,3304 3290,3304"/>
                <TextEquiv>
                    <Unicode>presenza di</Unicode>
                </TextEquiv>
            </TextLine>
            <TextLine id="tr_1_tl_165" custom="readingOrder {index:164;}">
                <Coords points="818,3324 2134,3364 2296,3360 2296,3304 814,3273"/>
                <Baseline points="841,3310 914,3312 987,3314 1060,3319 1133,3319 1206,3322 1279,3324 1353,3325 1426,3328 1499,3331 1572,3325 1645,3322 1718,3325 1791,3327 1865,3328 1938,3331 2011,3331 2084,3331 2157,3334 2230,3334 2304,3331"/>
                <TextEquiv>
                    <Unicode>netta di tonn. 6.077.616, barcando eminente dramaturgo e letterato: Ar¬</Unicode>
                </TextEquiv>
            </TextLine>
            <TextLine id="tr_1_tl_166" custom="readingOrder {index:165;}">
                <Coords points="2407,3348 2850,3340 3063,3368 3091,3344 3292,3344 3269,3312 2956,3296 2407,3308"/>
                <Baseline points="2427,3334 2470,3334 2514,3334 2558,3337 2602,3337 2646,3337 2690,3337 2733,3337 2777,3337 2821,3337 2865,3339 2909,3340 2953,3342 2997,3343 3040,3343 3084,3340 3128,3340 3172,3343 3216,3343 3260,3343 3304,3343"/>
                <TextEquiv>
                    <Unicode>Non si ferma dunque a Trieste de vari¬</Unicode>
                </TextEquiv>
            </TextLine>
            <TextLine id="tr_1_tl_167" custom="readingOrder {index:166;}">
                <Coords points="111,3344 1873,3383 1870,3336 921,3328 581,3273 111,3304"/>
                <Baseline points="134,3325 221,3328 308,3331 396,3331 483,3336 571,3337 658,3340 746,3343 833,3348 921,3352 1008,3355 1095,3358 1183,3360 1270,3361 1358,3366 1445,3369 1533,3370 1620,3364 1708,3364 1795,3367 1883,3367"/>
                <TextEquiv>
                    <Unicode>loca cosa nei riguardi dei permessi tonn. 25.020.825 di merci o 181.839 pas. turo Schnitzler.</Unicode>
                </TextEquiv>
            </TextLine>
            <TextLine id="tr_1_tl_168" custom="readingOrder {index:167;}">
                <Coords points="2364,3379 3288,3395 3288,3352 3221,3344 2364,3340"/>
                <Baseline points="2385,3370 2430,3373 2476,3376 2521,3373 2567,3376 2612,3376 2658,3376 2703,3376 2749,3376 2794,3376 2840,3379 2885,3379 2931,3379 2976,3379 3022,3379 3067,3379 3113,3381 3158,3380 3204,3381 3249,3382 3295,3382"/>
                <TextEquiv>
                    <Unicode>— Si, il tempo di imbarcarmi per di tutti gli</Unicode>
                </TextEquiv>
            </TextLine>
            <TextLine id="tr_1_tl_169" custom="readingOrder {index:168;}">
                <Coords points="123,3371 1324,3423 1530,3423 1541,3379 119,3340"/>
                <Baseline points="143,3364 213,3367 283,3370 353,3370 423,3373 493,3375 563,3377 634,3379 704,3382 774,3385 844,3388 914,3390 984,3394 1054,3394 1125,3397 1195,3400 1265,3402 1335,3403 1405,3405 1475,3410 1546,3409"/>
                <TextEquiv>
                    <Unicode>abitabilità concessi lo scorso anno seggeri. Partirono 12.836 navistazzant</Unicode>
                </TextEquiv>
            </TextLine>
            <TextLine id="tr_1_tl_170" custom="readingOrder {index:169;}">
                <Coords points="2316,3419 3285,3447 3285,3391 3249,3379 2455,3391 2316,3356"/>
                <Baseline points="2337,3412 2384,3412 2432,3415 2480,3415 2528,3416 2576,3418 2624,3418 2672,3418 2720,3418 2768,3418 2816,3420 2863,3419 2911,3420 2959,3418 3007,3421 3055,3420 3103,3418 3151,3420 3199,3421 3247,3421 3295,3418"/>
                <TextEquiv>
                    <Unicode>Venezia, sul «Palatino, a dieci passica, Brun¬</Unicode>
                </TextEquiv>
            </TextLine>
            <TextLine id="tr_1_tl_171" custom="readingOrder {index:170;}">
                <Coords points="111,3419 1553,3462 1549,3419 1387,3407 111,3379"/>
                <Baseline points="134,3403 205,3405 276,3406 347,3408 418,3412 490,3415 561,3417 632,3418 703,3420 774,3423 846,3430 917,3430 988,3433 1059,3436 1130,3439 1202,3439 1273,3442 1344,3443 1415,3445 1486,3449 1558,3451"/>
                <TextEquiv>
                    <Unicode>asi nulla per case doute alla inicia totale tonn, 6.017.54, dopo averi</Unicode>
                </TextEquiv>
            </TextLine>
            <TextLine id="tr_1_tl_172" custom="readingOrder {index:171;}">
                <Coords points="1601,3451 2245,3470 2269,3466 2265,3368 1597,3375"/>
                <Baseline points="1621,3430 1653,3432 1686,3434 1719,3436 1752,3436 1785,3436 1817,3436 1850,3436 1883,3439 1916,3439 1949,3439 1981,3439 2014,3441 2047,3442 2080,3442 2112,3442 2145,3442 2178,3443 2211,3445 2244,3445 2277,3445"/>
                <TextEquiv>
                    <Unicode>Alla ricerca d'una barba grigia</Unicode>
                </TextEquiv>
            </TextLine>
            <TextLine id="tr_1_tl_173" custom="readingOrder {index:172;}">
                <Coords points="2308,3482 2332,3486 2356,3462 2368,3466 2379,3454 2391,3454 2407,3466 2423,3458 2435,3466 2482,3462 2482,3427 2462,3427 2455,3419 2439,3427 2379,3427 2360,3419 2308,3427"/>
                <Baseline points="2331,3451 2357,3453 2384,3453 2411,3452 2438,3452 2465,3454 2492,3457"/>
                <TextEquiv>
                    <Unicode>da qui.</Unicode>
                </TextEquiv>
            </TextLine>
            <TextLine id="tr_1_tl_174" custom="readingOrder {index:173;}">
                <Coords points="3059,3470 3099,3470 3111,3478 3142,3462 3198,3470 3198,3431 3174,3431 3166,3423 3126,3431 3059,3427"/>
                <Baseline points="3081,3460 3106,3458 3131,3457 3156,3457 3181,3457 3206,3457"/>
                <TextEquiv>
                    <Unicode>scorso:</Unicode>
                </TextEquiv>
            </TextLine>
            <TextLine id="tr_1_tl_175" custom="readingOrder {index:174;}">
                <Coords points="111,3458 1538,3498 1498,3451 111,3419"/>
                <Baseline points="134,3442 204,3445 275,3448 345,3448 416,3451 487,3454 557,3454 628,3457 698,3462 769,3462 840,3466 910,3471 981,3472 1051,3474 1122,3478 1193,3478 1263,3481 1334,3481 1404,3486 1475,3488 1546,3490"/>
                <TextEquiv>
                    <Unicode>a privata, se si escudono alcuni pa¬ imbarcate tonn. 618.458 di merci¬</Unicode>
                </TextEquiv>
            </TextLine>
            <TextLine id="tr_1_tl_176" custom="readingOrder {index:175;}">
                <Coords points="2356,3502 2877,3514 2945,3494 3043,3514 3043,3454 2992,3447 2925,3462 2810,3435 2715,3454 2680,3431 2526,3431 2443,3466 2356,3458"/>
                <Baseline points="2376,3493 2409,3493 2443,3492 2476,3491 2510,3493 2544,3491 2577,3491 2611,3493 2644,3493 2678,3493 2712,3493 2745,3493 2779,3493 2812,3493 2846,3493 2880,3493 2913,3493 2947,3493 2980,3494 3014,3497 3048,3501"/>
                <TextEquiv>
                    <Unicode>Infatti le valigio dell'illustre ving</Unicode>
                </TextEquiv>
            </TextLine>
            <TextLine id="tr_1_tl_177" custom="readingOrder {index:176;}">
                <Coords points="1597,3498 2285,3510 2285,3466 2253,3462 1597,3454"/>
                <Baseline points="1618,3487 1651,3489 1685,3492 1719,3493 1753,3493 1787,3493 1821,3493 1854,3494 1888,3496 1922,3496 1956,3494 1990,3494 2024,3496 2058,3498 2091,3497 2125,3497 2159,3498 2193,3498 2227,3498 2261,3498 2295,3501"/>
                <TextEquiv>
                    <Unicode>Come sarà questo illustre persona</Unicode>
                </TextEquiv>
            </TextLine>
            <TextLine id="tr_1_tl_178" custom="readingOrder {index:177;}">
                <Coords points="3095,3502 3138,3502 3150,3510 3281,3510 3281,3470 3265,3470 3241,3451 3233,3458 3221,3454 3194,3470 3174,3470 3166,3462 3095,3470"/>
                <Baseline points="3116,3496 3145,3496 3174,3496 3203,3496 3232,3496 3261,3495 3290,3493"/>
                <TextEquiv>
                    <Unicode>« Eccellen</Unicode>
                </TextEquiv>
            </TextLine>
            <TextLine id="tr_1_tl_179" custom="readingOrder {index:178;}">
                <Coords points="115,3498 1470,3545 1538,3537 1538,3498 111,3458"/>
                <Baseline points="134,3481 204,3484 275,3484 345,3487 416,3490 487,3493 557,3494 628,3498 698,3498 769,3502 840,3508 910,3510 981,3513 1051,3513 1122,3514 1193,3519 1263,3521 1334,3522 1404,3524 1475,3526 1546,3525"/>
                <TextEquiv>
                    <Unicode>zi, tutt'altro che alla portata delle 186.697 psaseggeri. Il movimento gene¬</Unicode>
                </TextEquiv>
            </TextLine>
            <TextLine id="tr_1_tl_180" custom="readingOrder {index:179;}">
                <Coords points="1561,3537 3039,3553 3039,3510 2953,3494 1561,3482"/>
                <Baseline points="1582,3531 1655,3528 1728,3531 1801,3531 1874,3531 1947,3534 2020,3534 2094,3535 2167,3537 2240,3537 2313,3538 2386,3531 2459,3528 2532,3531 2606,3531 2679,3534 2752,3533 2825,3534 2898,3536 2971,3537 3045,3534"/>
                <TextEquiv>
                    <Unicode>gio delle letter tedesche? Ricordiamo giatore salgono già il ponte del piro</Unicode>
                </TextEquiv>
            </TextLine>
            <TextLine id="tr_1_tl_181" custom="readingOrder {index:180;}">
                <Coords points="3063,3545 3130,3541 3146,3549 3174,3541 3190,3549 3205,3541 3277,3541 3277,3506 3150,3510 3103,3494 3063,3490"/>
                <Baseline points="3084,3534 3109,3534 3134,3534 3159,3534 3184,3534 3209,3534 3234,3534 3259,3534 3284,3534"/>
                <TextEquiv>
                    <Unicode>stato ma¬</Unicode>
                </TextEquiv>
            </TextLine>
            <TextLine id="tr_1_tl_182" custom="readingOrder {index:181;}">
                <Coords points="111,3537 1806,3597 2838,3585 2834,3541 2751,3534 111,3494"/>
                <Baseline points="134,3519 269,3525 404,3528 540,3531 675,3537 811,3543 946,3549 1081,3553 1217,3559 1352,3561 1488,3567 1623,3567 1758,3570 1894,3573 2029,3573 2165,3574 2300,3577 2435,3568 2571,3572 2706,3569 2842,3570"/>
                <TextEquiv>
                    <Unicode>cole bore, ma destinati piuttosto a rale fu portanto di 25.494 navi per una la sua fotografia, nel volume elegante scafo ormeggiato di fronte,</Unicode>
                </TextEquiv>
            </TextLine>
            <TextLine id="tr_1_tl_183" custom="readingOrder {index:182;}">
                <Coords points="3051,3581 3079,3573 3091,3585 3138,3577 3166,3585 3186,3581 3194,3589 3233,3581 3285,3585 3285,3541 3051,3541"/>
                <Baseline points="3072,3570 3099,3572 3126,3573 3153,3573 3181,3573 3208,3573 3235,3573 3262,3573 3290,3573"/>
                <TextEquiv>
                    <Unicode>qui si profe¬</Unicode>
                </TextEquiv>
            </TextLine>
            <TextLine id="tr_1_tl_184" custom="readingOrder {index:183;}">
                <Coords points="111,3573 277,3573 324,3617 818,3581 2281,3620 2281,3585 2194,3581 111,3537"/>
                <Baseline points="134,3558 241,3562 349,3569 457,3571 565,3576 673,3576 781,3579 889,3588 997,3590 1105,3594 1213,3598 1320,3600 1428,3604 1536,3607 1644,3609 1752,3609 1860,3612 1968,3612 2076,3612 2184,3613 2292,3618"/>
                <TextEquiv>
                    <Unicode>ali di ufficio, di cui c'e già abbon-azza netta di tonn, 12.124.670: quel di un opera giovanie; due occhi vive</Unicode>
                </TextEquiv>
            </TextLine>
            <TextLine id="tr_1_tl_185" custom="readingOrder {index:184;}">
                <Coords points="115,3628 134,3628 146,3617 150,3620 166,3609 174,3613 198,3613 194,3569 166,3569 162,3573 134,3569 130,3573 111,3573"/>
                <Baseline points="131,3597 156,3599 182,3601 208,3603"/>
                <TextEquiv>
                    <Unicode>nza.</Unicode>
                </TextEquiv>
            </TextLine>
            <TextLine id="tr_1_tl_186" custom="readingOrder {index:185;}">
                <Coords points="2360,3613 3285,3620 3285,3585 3024,3569 2360,3577"/>
                <Baseline points="2382,3603 2427,3606 2472,3606 2518,3609 2563,3609 2609,3609 2654,3606 2699,3609 2745,3609 2790,3609 2836,3612 2881,3612 2926,3612 2972,3612 3017,3612 3063,3610 3108,3611 3153,3610 3199,3612 3244,3612 3290,3615"/>
                <TextEquiv>
                    <Unicode>— A Venezia? — riprende con un lenziosamen</Unicode>
                </TextEquiv>
            </TextLine>
            <TextLine id="tr_1_tl_187" custom="readingOrder {index:186;}">
                <Coords points="810,3636 2288,3664 2288,3624 2217,3617 810,3597"/>
                <Baseline points="832,3627 905,3629 978,3630 1051,3633 1124,3635 1197,3636 1270,3639 1344,3640 1417,3642 1490,3647 1563,3645 1636,3648 1709,3645 1782,3648 1856,3651 1929,3651 2002,3651 2075,3651 2148,3654 2221,3654 2295,3654"/>
                <TextEquiv>
                    <Unicode>lo totale delle merci fu di tonn, 3 mi- una fronto spaziosa, una bocca severa</Unicode>
                </TextEquiv>
            </TextLine>
            <TextLine id="tr_1_tl_188" custom="readingOrder {index:187;}">
                <Coords points="2316,3656 3036,3660 3036,3617 2992,3609 2316,3605"/>
                <Baseline points="2337,3645 2372,3643 2407,3644 2443,3645 2478,3645 2514,3648 2549,3648 2584,3648 2620,3648 2655,3648 2691,3648 2726,3648 2761,3649 2797,3651 2832,3651 2868,3651 2903,3651 2938,3651 2974,3651 3009,3651 3045,3651"/>
                <TextEquiv>
                    <Unicode>filo di speranza l'intervistatore —</Unicode>
                </TextEquiv>
            </TextLine>
            <TextLine id="tr_1_tl_189" custom="readingOrder {index:188;}">
                <Coords points="3063,3660 3122,3656 3138,3664 3146,3652 3194,3668 3213,3656 3233,3664 3249,3656 3285,3660 3281,3620 3245,3624 3217,3613 3198,3624 3059,3620"/>
                <Baseline points="3081,3651 3107,3649 3133,3649 3160,3650 3186,3650 3212,3648 3239,3650 3265,3651 3292,3654"/>
                <TextEquiv>
                    <Unicode>rito fasciste</Unicode>
                </TextEquiv>
            </TextLine>
            <TextLine id="tr_1_tl_190" custom="readingOrder {index:189;}">
                <Coords points="103,3680 794,3711 790,3620 577,3636 466,3605 103,3636"/>
                <Baseline points="125,3663 158,3665 192,3668 226,3669 260,3669 293,3671 327,3672 361,3673 395,3675 428,3675 462,3677 496,3678 530,3678 563,3680 597,3681 631,3682 665,3684 698,3684 732,3686 766,3687 800,3687"/>
                <TextEquiv>
                    <Unicode>asettualmente in costrution</Unicode>
                </TextEquiv>
            </TextLine>
            <TextLine id="tr_1_tl_191" custom="readingOrder {index:190;}">
                <Coords points="814,3676 2285,3703 2285,3660 814,3636"/>
                <Baseline points="835,3669 908,3669 981,3672 1054,3675 1127,3675 1200,3678 1273,3678 1346,3680 1419,3681 1492,3687 1565,3685 1638,3687 1711,3687 1784,3690 1857,3690 1930,3690 2003,3690 2076,3690 2149,3693 2222,3691 2295,3693"/>
                <TextEquiv>
                    <Unicode>lioni 122.281, il numero dei passeggeri una gran chioma da poeta. Ma ora</Unicode>
                </TextEquiv>
            </TextLine>
            <TextLine id="tr_1_tl_192" custom="readingOrder {index:191;}">
                <Coords points="2308,3692 2526,3719 3281,3707 3257,3656 2308,3652"/>
                <Baseline points="2331,3684 2379,3684 2427,3687 2475,3687 2523,3688 2571,3689 2619,3687 2667,3688 2715,3690 2763,3690 2811,3692 2859,3693 2907,3693 2955,3693 3003,3693 3051,3689 3099,3687 3147,3689 3195,3690 3243,3688 3292,3687"/>
                <TextEquiv>
                    <Unicode>intenzione di passare la primavera in che ho il do</Unicode>
                </TextEquiv>
            </TextLine>
            <TextLine id="tr_1_tl_193" custom="readingOrder {index:192;}">
                <Coords points="814,3715 1530,3747 1526,3696 810,3676"/>
                <Baseline points="832,3704 867,3706 902,3707 938,3707 973,3707 1009,3707 1044,3709 1079,3712 1115,3714 1150,3716 1186,3716 1221,3716 1256,3717 1292,3719 1327,3719 1363,3719 1398,3721 1433,3722 1469,3723 1504,3725 1540,3725"/>
                <TextEquiv>
                    <Unicode>barbara montano com</Unicode>
                </TextEquiv>
            </TextLine>
            <TextLine id="tr_1_tl_194" custom="readingOrder {index:193;}">
                <Coords points="2312,3747 2332,3747 2348,3735 2356,3743 2360,3739 2415,3735 2427,3727 2447,3731 2451,3700 2407,3692 2360,3696 2348,3688 2316,3692"/>
                <Baseline points="2334,3725 2364,3725 2394,3725 2424,3723 2454,3719"/>
                <TextEquiv>
                    <Unicode>Italia?</Unicode>
                </TextEquiv>
            </TextLine>
            <TextLine id="tr_1_tl_195" custom="readingOrder {index:194;}">
                <Coords points="3051,3739 3122,3731 3154,3739 3174,3739 3182,3731 3198,3739 3277,3735 3281,3696 3241,3696 3233,3688 3225,3696 3194,3692 3186,3700 3138,3692 3130,3700 3055,3703"/>
                <Baseline points="3078,3728 3104,3728 3131,3728 3157,3728 3184,3728 3210,3728 3237,3728 3263,3727 3290,3725"/>
                <TextEquiv>
                    <Unicode>Entio¬</Unicode>
                </TextEquiv>
            </TextLine>
            <TextLine id="tr_1_tl_196" custom="readingOrder {index:195;}">
                <Coords points="1557,3731 2285,3739 2285,3700 1557,3688"/>
                <Baseline points="1579,3722 1614,3724 1650,3725 1686,3725 1722,3726 1758,3728 1793,3728 1829,3728 1865,3728 1901,3728 1937,3728 1972,3728 2008,3728 2044,3728 2080,3728 2116,3728 2151,3730 2187,3731 2223,3731 2259,3731 2295,3731"/>
                <TextEquiv>
                    <Unicode>La chose ce ancora vi¬</Unicode>
                </TextEquiv>
            </TextLine>
            <TextLine id="tr_1_tl_197" custom="readingOrder {index:196;}">
                <Coords points="107,3739 628,3739 787,3767 787,3696 107,3684"/>
                <Baseline points="128,3725 161,3727 194,3727 228,3726 261,3728 295,3730 328,3731 362,3731 395,3731 429,3733 462,3734 495,3735 529,3737 562,3737 596,3738 629,3741 663,3743 696,3741 730,3743 763,3746 797,3746"/>
                <TextEquiv>
                    <Unicode>a veniamo all'attualita. Quant</Unicode>
                </TextEquiv>
            </TextLine>
            <TextLine id="tr_1_tl_198" custom="readingOrder {index:197;}">
                <Coords points="814,3771 850,3771 870,3747 945,3767 1115,3767 1123,3755 1273,3771 1269,3727 1225,3715 1202,3727 1055,3711 810,3719"/>
                <Baseline points="832,3749 858,3747 884,3746 910,3748 936,3749 962,3749 989,3749 1015,3749 1041,3749 1067,3749 1093,3749 1119,3751 1146,3755 1172,3755 1198,3755 1224,3757 1250,3758 1277,3758"/>
                <TextEquiv>
                    <Unicode>plessivamente a 371.536.</Unicode>
                </TextEquiv>
            </TextLine>
            <TextLine id="tr_1_tl_199" custom="readingOrder {index:198;}">
                <Coords points="2395,3779 3281,3771 3281,3735 3075,3735 3047,3707 2395,3735"/>
                <Baseline points="2415,3761 2458,3764 2502,3764 2545,3764 2589,3764 2633,3764 2676,3764 2720,3764 2763,3766 2807,3767 2851,3767 2894,3767 2938,3769 2981,3768 3025,3769 3069,3768 3112,3764 3156,3764 3199,3764 3243,3764 3287,3764"/>
                <TextEquiv>
                    <Unicode>Già! Amo molto l'Italia e sono unsibile la cre¬</Unicode>
                </TextEquiv>
            </TextLine>
            <TextLine id="tr_1_tl_200" custom="readingOrder {index:199;}">
                <Coords points="1549,3771 2281,3779 2281,3743 2198,3731 1549,3731"/>
                <Baseline points="1573,3764 1610,3764 1648,3764 1686,3764 1724,3765 1762,3767 1800,3767 1837,3767 1875,3765 1913,3766 1951,3767 1989,3767 2027,3767 2064,3767 2102,3769 2140,3770 2178,3770 2216,3770 2254,3771 2292,3773"/>
                <TextEquiv>
                    <Unicode>avuto la sua nevicata, gli occhi saran</Unicode>
                </TextEquiv>
            </TextLine>
            <TextLine id="tr_1_tl_201" custom="readingOrder {index:200;}">
                <Coords points="115,3771 534,3779 632,3802 660,3783 711,3790 707,3755 664,3739 237,3743 206,3723 111,3739"/>
                <Baseline points="131,3761 160,3763 190,3765 219,3767 249,3767 278,3768 308,3770 337,3770 367,3770 396,3770 426,3772 456,3774 485,3776 515,3776 544,3776 574,3776 603,3778 633,3779 662,3779 692,3781 722,3779"/>
                <TextEquiv>
                    <Unicode>e sono in costrutione a Trieste</Unicode>
                </TextEquiv>
            </TextLine>
            <TextLine id="tr_1_tl_202" custom="readingOrder {index:201;}">
                <Coords points="850,3798 3028,3814 3028,3779 2956,3771 850,3755"/>
                <Baseline points="871,3785 979,3788 1087,3791 1195,3794 1304,3797 1412,3800 1520,3805 1628,3803 1737,3806 1845,3806 1953,3806 2061,3806 2170,3809 2278,3809 2386,3800 2494,3802 2603,3803 2711,3803 2819,3806 2927,3806 3036,3806"/>
                <TextEquiv>
                    <Unicode>Nel corrispondento mese dell'anno no stanchi per le lunghe notti passato ammiratore di Mussolini e del Fasci</Unicode>
                </TextEquiv>
            </TextLine>
            <TextLine id="tr_1_tl_203" custom="readingOrder {index:202;}">
                <Coords points="3087,3810 3162,3810 3170,3818 3182,3818 3198,3806 3213,3814 3273,3810 3273,3775 3229,3775 3221,3767 3194,3779 3182,3779 3174,3771 3134,3775 3122,3767 3087,3771"/>
                <Baseline points="3107,3800 3132,3802 3157,3803 3182,3803 3208,3804 3233,3805 3258,3805 3284,3803"/>
                <TextEquiv>
                    <Unicode>La prima</Unicode>
                </TextEquiv>
            </TextLine>
            <TextLine id="tr_1_tl_204" custom="readingOrder {index:203;}">
                <Coords points="103,3818 3028,3858 3028,3810 2846,3802 960,3802 814,3743 715,3794 103,3779"/>
                <Baseline points="125,3803 270,3807 416,3810 561,3817 707,3821 852,3824 998,3827 1143,3830 1289,3836 1434,3840 1580,3842 1726,3845 1871,3845 2017,3845 2162,3848 2308,3848 2453,3841 2599,3842 2744,3844 2890,3845 3036,3845"/>
                <TextEquiv>
                    <Unicode>uattro: non una di pii. Precisa 1927 si ebbe il seguente movimento: naa tavolino e... chi escudo che il buon smo, dell'ordine e della disciplina en¬</Unicode>
                </TextEquiv>
            </TextLine>
            <TextLine id="tr_1_tl_205" custom="readingOrder {index:204;}">
                <Coords points="3055,3854 3122,3846 3205,3854 3281,3850 3281,3814 3213,3814 3198,3806 3186,3818 3174,3818 3154,3806 3138,3818 3099,3798 3055,3798"/>
                <Baseline points="3078,3839 3104,3841 3131,3842 3158,3842 3185,3842 3211,3842 3238,3842 3265,3841 3292,3839"/>
                <TextEquiv>
                    <Unicode>de indus¬</Unicode>
                </TextEquiv>
            </TextLine>
            <TextLine id="tr_1_tl_206" custom="readingOrder {index:205;}">
                <Coords points="111,3854 1735,3885 1838,3925 1913,3889 2285,3901 2281,3858 2071,3846 111,3818"/>
                <Baseline points="131,3842 238,3845 346,3848 454,3851 562,3854 670,3860 778,3863 886,3864 994,3869 1102,3872 1210,3874 1317,3878 1425,3879 1533,3879 1641,3881 1749,3884 1857,3885 1965,3887 2073,3887 2181,3889 2289,3890"/>
                <TextEquiv>
                    <Unicode>nte: due case sugli antichi fondi del- vi approdato 13.022, por una stazza net- Schnitzler non si sia lasciato crescere</Unicode>
                </TextEquiv>
            </TextLine>
            <TextLine id="tr_1_tl_207" custom="readingOrder {index:206;}">
                <Coords points="3059,3889 3166,3885 3209,3897 3253,3885 3277,3889 3277,3854 3126,3846 3059,3850"/>
                <Baseline points="3081,3881 3106,3881 3132,3881 3158,3881 3184,3881 3209,3881 3235,3881 3261,3880 3287,3878"/>
                <TextEquiv>
                    <Unicode>ranze spe¬</Unicode>
                </TextEquiv>
            </TextLine>
            <TextLine id="tr_1_tl_208" custom="readingOrder {index:207;}">
                <Coords points="2308,3885 2375,3905 2557,3881 3028,3893 3028,3854 2308,3854"/>
                <Baseline points="2331,3881 2366,3881 2401,3879 2437,3878 2472,3878 2508,3881 2543,3881 2578,3881 2614,3881 2649,3881 2685,3881 2720,3881 2755,3881 2791,3882 2826,3884 2862,3884 2897,3884 2932,3884 2968,3884 3003,3884 3039,3887"/>
                <TextEquiv>
                    <Unicode>regnano el vostro bel Paese, in cu</Unicode>
                </TextEquiv>
            </TextLine>
            <TextLine id="tr_1_tl_209" custom="readingOrder {index:208;}">
                <Coords points="107,3893 783,3905 783,3866 107,3858"/>
                <Baseline points="128,3881 161,3883 194,3883 227,3882 261,3884 294,3886 327,3887 361,3888 394,3890 427,3890 461,3890 494,3891 527,3893 560,3893 594,3894 627,3896 660,3896 694,3898 727,3900 760,3902 794,3899"/>
                <TextEquiv>
                    <Unicode>fier campionaris, ciascuna di cin¬</Unicode>
                </TextEquiv>
            </TextLine>
            <TextLine id="tr_1_tl_210" custom="readingOrder {index:209;}">
                <Coords points="806,3909 1715,3937 1739,3889 802,3873"/>
                <Baseline points="829,3905 875,3905 921,3905 967,3905 1013,3908 1059,3908 1105,3910 1151,3913 1197,3914 1243,3916 1289,3915 1335,3914 1381,3917 1427,3919 1473,3920 1519,3921 1565,3919 1611,3919 1657,3919 1703,3919 1749,3922"/>
                <TextEquiv>
                    <Unicode>ta di tonn, 5.681.621, merci sbarcato la barba</Unicode>
                </TextEquiv>
            </TextLine>
            <TextLine id="tr_1_tl_211" custom="readingOrder {index:210;}">
                <Coords points="3059,3929 3142,3929 3166,3937 3174,3929 3182,3941 3209,3925 3225,3937 3241,3929 3273,3933 3273,3885 3237,3885 3229,3893 3182,3893 3166,3885 3059,3893"/>
                <Baseline points="3081,3919 3106,3919 3131,3919 3157,3919 3182,3919 3207,3919 3233,3919 3258,3916 3284,3913"/>
                <TextEquiv>
                    <Unicode>tornio, che</Unicode>
                </TextEquiv>
            </TextLine>
            <TextLine id="tr_1_tl_212" custom="readingOrder {index:211;}">
                <Coords points="2300,3925 3032,3929 3032,3893 2917,3881 2300,3881"/>
                <Baseline points="2322,3919 2358,3919 2394,3919 2430,3919 2466,3919 2502,3919 2538,3919 2574,3919 2610,3920 2646,3922 2682,3922 2718,3919 2754,3919 2790,3920 2826,3922 2862,3922 2898,3922 2934,3922 2970,3922 3006,3922 3042,3922"/>
                <TextEquiv>
                    <Unicode>ho passato giorni indirenticabili, tra¬</Unicode>
                </TextEquiv>
            </TextLine>
            <TextLine id="tr_1_tl_213" custom="readingOrder {index:212;}">
                <Coords points="111,3933 783,3949 783,3905 111,3893"/>
                <Baseline points="134,3919 166,3919 199,3920 232,3922 265,3922 298,3924 331,3925 363,3925 396,3925 429,3927 462,3929 495,3931 528,3931 561,3931 593,3932 626,3934 659,3934 692,3935 725,3937 758,3937 791,3937"/>
                <TextEquiv>
                    <Unicode>piani in tutto 20 appartament</Unicode>
                </TextEquiv>
            </TextLine>
            <TextLine id="tr_1_tl_214" custom="readingOrder {index:213;}">
                <Coords points="802,3952 1530,3968 1530,3929 1375,3917 802,3913"/>
                <Baseline points="826,3940 861,3942 897,3945 933,3946 968,3946 1004,3946 1040,3946 1075,3948 1111,3950 1147,3952 1183,3952 1218,3954 1254,3955 1290,3955 1325,3955 1361,3955 1397,3955 1432,3957 1468,3959 1504,3961 1540,3958"/>
                <TextEquiv>
                    <Unicode>tonn, 2.374.067, passeggeri abarcat</Unicode>
                </TextEquiv>
            </TextLine>
            <TextLine id="tr_1_tl_215" custom="readingOrder {index:214;}">
                <Coords points="2304,3964 3032,3972 3032,3929 2980,3925 2304,3921"/>
                <Baseline points="2325,3955 2360,3955 2396,3957 2432,3958 2467,3958 2503,3958 2539,3958 2574,3960 2610,3960 2646,3958 2682,3961 2717,3961 2753,3959 2789,3959 2824,3961 2860,3961 2896,3961 2931,3961 2967,3961 3003,3961 3039,3961"/>
                <TextEquiv>
                    <Unicode>bellezze che non hanno bisogno delle</Unicode>
                </TextEquiv>
            </TextLine>
            <TextLine id="tr_1_tl_216" custom="readingOrder {index:215;}">
                <Coords points="1589,3984 2277,3980 2277,3929 2225,3933 2186,3901 1589,3925"/>
                <Baseline points="1609,3961 1642,3963 1676,3964 1710,3964 1744,3964 1778,3964 1812,3964 1845,3964 1879,3964 1913,3966 1947,3965 1981,3965 2015,3967 2049,3967 2082,3967 2116,3967 2150,3967 2184,3967 2218,3969 2252,3969 2286,3967"/>
                <TextEquiv>
                    <Unicode>Il particolare della barba si fissa nel</Unicode>
                </TextEquiv>
            </TextLine>
            <TextLine id="tr_1_tl_217" custom="readingOrder {index:216;}">
                <Coords points="103,3972 1534,4012 1534,3972 1383,3952 103,3933"/>
                <Baseline points="125,3961 195,3960 266,3961 337,3964 408,3965 479,3970 550,3970 621,3973 692,3975 763,3976 834,3980 904,3984 975,3985 1046,3988 1117,3989 1188,3991 1259,3993 1330,3995 1401,3997 1472,3998 1543,4000"/>
                <TextEquiv>
                    <Unicode>ganti, ma... cari. Una all'angolo tra 193.945; navi partite 13.030, por una</Unicode>
                </TextEquiv>
            </TextLine>
            <TextLine id="tr_1_tl_218" custom="readingOrder {index:217;}">
                <Coords points="1557,4004 3024,4024 3024,3968 1557,3956"/>
                <Baseline points="1579,4000 1651,4002 1724,4003 1797,4003 1869,4006 1942,4006 2015,4006 2087,4004 2160,4006 2233,4009 2306,4002 2378,3996 2451,3997 2524,3997 2596,4000 2669,4000 2742,4000 2814,4000 2887,4000 2960,4001 3033,4003"/>
                <TextEquiv>
                    <Unicode>la mente con insistenza: un vecchio mie lodi... Ma basta cosi. Interviste</Unicode>
                </TextEquiv>
            </TextLine>
            <TextLine id="tr_1_tl_219" custom="readingOrder {index:218;}">
                <Coords points="134,4008 783,4028 783,3988 735,3976 134,3964"/>
                <Baseline points="155,3997 186,3999 218,4000 249,4000 281,4000 313,4000 344,4001 376,4003 408,4005 439,4006 471,4006 503,4008 534,4009 566,4010 598,4012 629,4012 661,4013 693,4015 724,4015 756,4016 788,4018"/>
                <TextEquiv>
                    <Unicode>Mazzini e via S. Caterina: Centro</Unicode>
                </TextEquiv>
            </TextLine>
            <TextLine id="tr_1_tl_220" custom="readingOrder {index:219;}">
                <Coords points="802,4028 2277,4059 2273,4016 2154,4008 802,3992"/>
                <Baseline points="826,4021 898,4024 971,4024 1044,4024 1117,4028 1190,4030 1263,4032 1335,4036 1408,4036 1481,4038 1554,4039 1627,4039 1700,4039 1773,4042 1845,4043 1918,4045 1991,4045 2064,4045 2137,4048 2210,4048 2283,4045"/>
                <TextEquiv>
                    <Unicode>stazza notta di tonn. 5.753.069, merci letterato senza barba Il pensiero cor¬</Unicode>
                </TextEquiv>
            </TextLine>
            <TextLine id="tr_1_tl_221" custom="readingOrder {index:220;}">
                <Coords points="2296,4047 2893,4071 3043,4051 3043,4012 2292,4004"/>
                <Baseline points="2319,4036 2355,4036 2391,4036 2428,4035 2464,4034 2501,4036 2537,4036 2574,4038 2610,4039 2647,4039 2683,4039 2719,4039 2756,4039 2792,4041 2829,4041 2865,4040 2902,4042 2938,4040 2975,4041 3011,4042 3048,4042"/>
                <TextEquiv>
                    <Unicode>niente. Venga a trovarmi a Viennae</Unicode>
                </TextEquiv>
            </TextLine>
            <TextLine id="tr_1_tl_222" custom="readingOrder {index:221;}">
                <Coords points="3083,4051 3103,4051 3119,4063 3162,4059 3178,4067 3186,4059 3229,4059 3237,4067 3277,4059 3277,3976 3198,3968 3142,3996 3122,3984 3083,3984"/>
                <Baseline points="3104,4042 3129,4044 3155,4045 3181,4043 3206,4043 3232,4045 3258,4044 3284,4042"/>
                <TextEquiv>
                    <Unicode>candida</Unicode>
                </TextEquiv>
            </TextLine>
            <TextLine id="tr_1_tl_223" custom="readingOrder {index:222;}">
                <Coords points="103,4051 1016,4063 1545,4122 1609,4079 2162,4099 2162,4059 2051,4039 103,4012"/>
                <Baseline points="125,4036 227,4039 329,4042 431,4045 534,4048 636,4051 738,4054 840,4061 943,4063 1045,4066 1147,4069 1249,4075 1352,4077 1454,4078 1556,4078 1658,4081 1761,4082 1863,4084 1965,4084 2067,4085 2170,4090"/>
                <TextEquiv>
                    <Unicode>tralissimo; appartamenti per signo¬ imbarcate tonn. 69.411, passeggeri im re a Carducci, a Victor Hugo.</Unicode>
                </TextEquiv>
            </TextLine>
            <TextLine id="tr_1_tl_224" custom="readingOrder {index:223;}">
                <Coords points="2292,4095 2399,4091 2419,4075 2447,4087 2506,4079 2545,4103 2565,4103 2565,4047 2478,4047 2466,4036 2443,4047 2292,4047"/>
                <Baseline points="2313,4075 2338,4075 2364,4075 2390,4075 2415,4075 2441,4075 2467,4075 2492,4075 2518,4075 2544,4076 2570,4078"/>
                <TextEquiv>
                    <Unicode>fore allora...</Unicode>
                </TextEquiv>
            </TextLine>
            <TextLine id="tr_1_tl_225" custom="readingOrder {index:224;}">
                <Coords points="115,4087 696,4087 992,4126 1099,4115 1099,4071 111,4043"/>
                <Baseline points="137,4078 185,4075 233,4078 282,4077 330,4077 378,4082 427,4084 475,4086 523,4089 572,4088 620,4089 668,4090 717,4093 765,4093 813,4098 862,4102 910,4102 958,4102 1007,4105 1055,4105 1104,4108"/>
                <TextEquiv>
                    <Unicode>locali per uffici. Belli, ma cati, barcati 197.761.</Unicode>
                </TextEquiv>
            </TextLine>
            <TextLine id="tr_1_tl_226" custom="readingOrder {index:225;}">
                <Coords points="2332,4119 3036,4142 3281,4119 3281,4059 3055,4051 2332,4087"/>
                <Baseline points="2355,4111 2401,4111 2448,4114 2495,4114 2542,4114 2589,4116 2636,4114 2682,4114 2729,4114 2776,4115 2823,4116 2870,4116 2917,4116 2964,4118 3010,4117 3057,4116 3104,4112 3151,4111 3198,4111 3245,4111 3292,4108"/>
                <TextEquiv>
                    <Unicode>— Grazie dell'invite: ma Vienna à per il diplo</Unicode>
                </TextEquiv>
            </TextLine>
            <TextLine id="tr_1_tl_227" custom="readingOrder {index:226;}">
                <Coords points="111,4122 779,4138 779,4103 107,4087"/>
                <Baseline points="131,4116 163,4116 196,4116 229,4116 261,4116 294,4118 327,4119 359,4119 392,4121 425,4122 458,4123 490,4125 523,4127 556,4127 588,4126 621,4128 654,4128 686,4129 719,4131 752,4134 785,4131"/>
                <TextEquiv>
                    <Unicode>a presso il Canale, il famoso gratta</Unicode>
                </TextEquiv>
            </TextLine>
            <TextLine id="tr_1_tl_228" custom="readingOrder {index:227;}">
                <Coords points="1585,4134 2281,4134 2281,4063 2253,4059 2178,4103 1585,4083"/>
                <Baseline points="1606,4122 1640,4122 1674,4122 1708,4123 1742,4125 1776,4125 1810,4127 1845,4128 1879,4128 1913,4128 1947,4128 1981,4128 2015,4128 2049,4128 2084,4128 2118,4128 2152,4129 2186,4131 2220,4131 2254,4131 2289,4131"/>
                <TextEquiv>
                    <Unicode>E il cronista impatiente scruta sulla</Unicode>
                </TextEquiv>
            </TextLine>
            <TextLine id="tr_1_tl_229" custom="readingOrder {index:228;}">
                <Coords points="838,4174 1229,4170 1225,4087 1174,4087 1134,4119 834,4111"/>
                <Baseline points="856,4140 882,4140 909,4141 936,4142 962,4143 989,4143 1016,4143 1043,4143 1069,4143 1096,4143 1123,4143 1149,4145 1176,4146 1203,4146 1230,4146"/>
                <TextEquiv>
                    <Unicode>.</Unicode>
                </TextEquiv>
            </TextLine>
            <TextLine id="tr_1_tl_230" custom="readingOrder {index:229;}">
                <Coords points="2304,4158 3024,4162 3024,4126 2996,4122 2304,4122"/>
                <Baseline points="2328,4152 2363,4150 2398,4151 2433,4152 2469,4152 2504,4152 2539,4154 2574,4155 2610,4155 2645,4155 2680,4155 2715,4155 2751,4155 2786,4156 2821,4158 2856,4156 2892,4155 2927,4156 2962,4158 2997,4155 3033,4152"/>
                <TextEquiv>
                    <Unicode>troppo lontana... Il volto serio del ma¬</Unicode>
                </TextEquiv>
            </TextLine>
            <TextLine id="tr_1_tl_231" custom="readingOrder {index:230;}">
                <Coords points="3075,4162 3130,4166 3142,4158 3150,4166 3237,4166 3281,4158 3281,4122 3245,4122 3237,4130 3202,4122 3186,4126 3178,4119 3138,4126 3130,4119 3075,4122"/>
                <Baseline points="3098,4158 3125,4155 3152,4155 3180,4157 3207,4158 3235,4156 3262,4155 3290,4155"/>
                <TextEquiv>
                    <Unicode>Il Provved</Unicode>
                </TextEquiv>
            </TextLine>
            <TextLine id="tr_1_tl_232" custom="readingOrder {index:231;}">
                <Coords points="1601,4190 1700,4174 1996,4202 2036,4182 2063,4205 2134,4178 2249,4190 2249,4138 2225,4134 1601,4134"/>
                <Baseline points="1621,4173 1654,4171 1688,4172 1721,4173 1755,4173 1789,4173 1822,4173 1856,4174 1890,4179 1923,4179 1957,4179 1990,4178 2024,4176 2058,4176 2091,4176 2125,4177 2159,4179 2192,4177 2226,4178 2260,4176"/>
                <TextEquiv>
                    <Unicode></Unicode>
                </TextEquiv>
            </TextLine>
            <TextEquiv>
                <Unicode></Unicode>
            </TextEquiv>
        </TextRegion>
    </Page>
</PcGts>
