<?xml version="1.0" encoding="UTF-8" standalone="yes"?>
<PcGts xmlns="http://schema.primaresearch.org/PAGE/gts/pagecontent/2013-07-15" xmlns:xsi="http://www.w3.org/2001/XMLSchema-instance" xsi:schemaLocation="http://schema.primaresearch.org/PAGE/gts/pagecontent/2013-07-15 http://schema.primaresearch.org/PAGE/gts/pagecontent/2013-07-15/pagecontent.xsd">
    <Metadata>
        <Creator>prov=READ-COOP:name=PyLaia@TranskribusPlatform:version=2.12.1:model_id=39995:lm=provided:date=28_03_2024_22:49</Creator>
        <Created>2019-10-07T20:37:07.320+02:00</Created>
        <LastChange>2024-03-28T22:49:34.493+01:00</LastChange>
        <TranskribusMetadata docId="224457" pageId="9578375" pageNr="21" tsid="156410697" status="IN_PROGRESS" userId="40391" imgUrl="https://files.transkribus.eu/Get?id=EZMELTXCUZHQHCQBTVOOGSCY&amp;fileType=view" xmlUrl="https://files.transkribus.eu/Get?id=MFTZJVCWGOPTQJHXNVBCCAIH" imageId="6208077"/>
    </Metadata>
    <Page imageFilename="224457_0021.jpeg" imageWidth="3392" imageHeight="4320">
        <ReadingOrder>
            <OrderedGroup id="ro_1712662137194" caption="Regions reading order">
                <RegionRefIndexed index="0" regionRef="tr_1"/>
            </OrderedGroup>
        </ReadingOrder>
        <TextRegion orientation="0.0" id="tr_1" custom="readingOrder {index:0;}">
            <Coords points="137,123 137,4201 3316,4201 3316,123"/>
            <TextLine id="tr_1_tl_1" custom="readingOrder {index:0;}">
                <Coords points="168,153 2269,196 2426,192 2426,121 1921,149 164,86"/>
                <Baseline points="191,143 303,145 415,146 527,149 640,152 752,149 864,155 976,158 1089,155 1201,157 1313,158 1425,164 1538,164 1650,167 1762,173 1874,173 1987,173 2099,176 2211,179 2323,178 2436,164"/>
                <TextEquiv>
                    <Unicode>AGE DER WIRTSCHAFTSKORRESPONDENZ FUR POLEN¬</Unicode>
                </TextEquiv>
            </TextLine>
            <TextLine id="tr_1_tl_2" custom="readingOrder {index:1;}">
                <Coords points="2484,188 3306,211 3302,137 3240,129 3114,168 2860,153 2805,106 2484,113"/>
                <Baseline points="2504,173 2544,173 2585,175 2625,178 2666,179 2707,181 2747,183 2788,185 2828,186 2869,188 2910,191 2950,191 2991,191 3031,193 3072,196 3113,197 3153,198 3194,200 3234,200 3275,201 3316,200"/>
                <TextEquiv>
                    <Unicode>VON 4. JANUAR 1928</Unicode>
                </TextEquiv>
            </TextLine>
            <TextLine id="tr_1_tl_3" custom="readingOrder {index:2;}">
                <Coords points="1096,227 1119,227 1131,239 1146,231 1166,231 1170,239 1182,231 1189,239 1201,235 1225,239 1229,172 1205,172 1189,164 1178,172 1146,168 1096,176"/>
                <Baseline points="1116,211 1146,211 1177,211 1207,210 1238,208"/>
                <TextEquiv>
                    <Unicode></Unicode>
                </TextEquiv>
            </TextLine>
            <TextLine id="tr_1_tl_4" custom="readingOrder {index:3;}">
                <Coords points="1350,246 1412,266 1616,239 1722,270 1772,246 2121,250 2121,192 1941,172 1350,172"/>
                <Baseline points="1373,217 1410,217 1448,217 1486,219 1524,221 1562,223 1600,223 1638,226 1676,226 1714,226 1752,227 1789,229 1827,229 1865,229 1903,221 1941,226 1979,229 2017,230 2055,232 2093,232 2131,235"/>
                <TextEquiv>
                    <Unicode>ET</Unicode>
                </TextEquiv>
            </TextLine>
            <TextLine id="tr_1_tl_5" custom="readingOrder {index:4;}">
                <Coords points="2265,266 2363,278 2406,250 2535,246 2571,274 3005,262 3005,200 2265,188"/>
                <Baseline points="2286,229 2322,231 2358,232 2394,233 2431,234 2467,232 2503,235 2540,235 2576,236 2612,238 2649,238 2685,241 2721,239 2757,240 2794,241 2830,241 2866,241 2903,243 2939,244 2975,242 3012,238"/>
                <TextEquiv>
                    <Unicode></Unicode>
                </TextEquiv>
            </TextLine>
            <TextLine id="tr_1_tl_6" custom="readingOrder {index:5;}">
                <Coords points="1565,344 1588,344 1608,356 1616,352 1628,364 1643,352 1651,360 1667,356 1675,344 1686,356 1725,364 1737,352 1757,352 1753,290 1725,293 1682,278 1663,286 1643,274 1600,274 1581,286 1561,286"/>
                <Baseline points="1585,337 1610,335 1635,334 1660,336 1685,337 1710,337 1735,337 1761,337"/>
                <TextEquiv>
                    <Unicode>über</Unicode>
                </TextEquiv>
            </TextLine>
            <TextLine id="tr_1_tl_7" custom="readingOrder {index:6;}">
                <Coords points="1522,419 1581,442 1608,434 1620,446 1632,430 1667,438 1678,426 1710,426 1725,442 1804,434 1804,356 1772,344 1745,368 1690,356 1667,364 1643,348 1628,364 1592,348 1522,348"/>
                <Baseline points="1543,406 1569,408 1596,409 1623,411 1650,412 1677,414 1704,414 1731,413 1758,412 1785,411 1812,411"/>
                <TextEquiv>
                    <Unicode>Uznach</Unicode>
                </TextEquiv>
            </TextLine>
            <TextLine id="tr_1_tl_8" custom="readingOrder {index:7;}">
                <Coords points="180,446 1369,466 1369,336 1232,372 1158,336 1088,372 966,352 916,391 520,348 442,395 317,352 180,383"/>
                <Baseline points="203,409 261,416 320,422 379,420 438,421 497,421 555,423 614,424 673,426 732,424 791,426 849,429 908,432 967,435 1026,432 1085,432 1143,432 1202,432 1261,432 1320,435 1379,438"/>
                <TextEquiv>
                    <Unicode>von Falle</Unicode>
                </TextEquiv>
            </TextLine>
            <TextLine id="tr_1_tl_9" custom="readingOrder {index:8;}">
                <Coords points="1874,450 1948,477 1984,470 2007,481 2046,466 2152,477 2148,317 2121,325 2058,278 2011,321 1984,305 1972,313 1952,293 1898,352 1874,352"/>
                <Baseline points="1895,444 1921,446 1948,448 1975,452 2001,452 2028,450 2055,452 2081,453 2108,451 2135,450 2162,449"/>
                <TextEquiv>
                    <Unicode>zu</Unicode>
                </TextEquiv>
            </TextLine>
            <TextLine id="tr_1_tl_10" custom="readingOrder {index:9;}">
                <Coords points="2308,462 2371,470 2406,497 2453,473 2637,493 2813,462 2813,333 2739,329 2700,301 2676,321 2594,305 2539,336 2422,301 2398,321 2351,309 2308,325"/>
                <Baseline points="2328,453 2354,453 2380,453 2406,455 2432,456 2458,456 2484,456 2510,456 2536,456 2562,456 2589,456 2615,456 2641,456 2667,458 2693,459 2719,461 2745,462 2771,462 2797,463 2824,462"/>
                <TextEquiv>
                    <Unicode>On</Unicode>
                </TextEquiv>
            </TextLine>
            <TextLine id="tr_1_tl_11" custom="readingOrder {index:10;}">
                <Coords points="1463,505 1526,501 1569,520 1639,505 1667,524 1690,505 1729,524 1780,505 1800,520 1843,520 1839,434 1761,434 1741,450 1694,426 1663,446 1612,434 1588,446 1545,419 1463,423"/>
                <Baseline points="1486,480 1511,482 1537,483 1563,485 1589,486 1615,486 1641,489 1667,492 1692,492 1718,492 1744,492 1770,492 1796,492 1822,491 1848,489"/>
                <TextEquiv>
                    <Unicode>Broadway</Unicode>
                </TextEquiv>
            </TextLine>
            <TextLine id="tr_1_tl_12" custom="readingOrder {index:11;}">
                <Coords points="168,603 231,579 325,591 348,567 376,587 454,579 473,599 513,579 704,591 732,583 732,516 622,497 454,520 403,501 164,505"/>
                <Baseline points="188,558 215,558 243,559 271,561 299,561 326,561 354,561 382,562 410,564 437,564 465,564 493,564 521,564 548,564 576,564 604,564 632,564 659,564 687,564 715,566 743,564"/>
                <TextEquiv>
                    <Unicode>Vient de paraître.</Unicode>
                </TextEquiv>
            </TextLine>
            <TextLine id="tr_1_tl_13" custom="readingOrder {index:12;}">
                <Coords points="904,579 3294,614 3290,509 3161,532 3048,493 2946,544 2747,548 2394,497 2070,540 1886,497 1831,540 904,505"/>
                <Baseline points="925,558 1050,557 1175,555 1300,558 1425,558 1551,561 1676,567 1801,567 1926,570 2051,573 2177,576 2302,570 2427,573 2552,573 2677,576 2803,582 2928,585 3053,590 3178,594 3304,591"/>
                <TextEquiv>
                    <Unicode>Muse aus dem Dancing zu hören, ohne an das Wunder zu stisches Lügengestammel, sondern die Rückkehr zur commedi¬</Unicode>
                </TextEquiv>
            </TextLine>
            <TextLine id="tr_1_tl_14" custom="readingOrder {index:13;}">
                <Coords points="904,626 927,626 939,614 947,618 955,610 978,618 1021,599 1041,614 1068,610 1068,571 1049,571 1033,563 904,575"/>
                <Baseline points="925,600 950,600 975,600 1001,599 1026,597 1051,597 1077,597"/>
                <TextEquiv>
                    <Unicode>glauben</Unicode>
                </TextEquiv>
            </TextLine>
            <TextLine id="tr_1_tl_15" custom="readingOrder {index:14;}">
                <Coords points="2113,630 3177,638 3177,603 3110,587 2113,587"/>
                <Baseline points="2134,617 2186,617 2239,614 2291,610 2344,611 2396,612 2449,612 2501,612 2554,613 2606,616 2659,617 2712,617 2764,620 2817,621 2869,623 2922,625 2974,626 3027,629 3079,629 3132,632 3185,632"/>
                <TextEquiv>
                    <Unicode>dell'arte, dem tänzerisch-schöpferisch Improvisatorischen.</Unicode>
                </TextEquiv>
            </TextLine>
            <TextLine id="tr_1_tl_16" custom="readingOrder {index:15;}">
                <Coords points="215,626 317,646 857,646 857,579 794,567 693,599 603,575 481,599 442,575 380,587 356,563 325,595 215,587"/>
                <Baseline points="238,617 269,617 301,619 332,623 364,623 395,623 427,624 458,626 490,624 521,623 553,623 584,623 616,624 647,626 679,623 710,625 742,627 773,629 805,631 836,633 868,632"/>
                <TextEquiv>
                    <Unicode>Wien-Hietzing, bei Jahreswechsel.</Unicode>
                </TextEquiv>
            </TextLine>
            <TextLine id="tr_1_tl_17" custom="readingOrder {index:16;}">
                <Coords points="990,646 1917,669 2089,661 2085,599 1886,618 1761,567 1639,606 1463,571 1373,610 1236,575 986,603"/>
                <Baseline points="1006,638 1060,636 1115,637 1170,635 1225,635 1279,635 1334,637 1389,637 1444,640 1498,641 1553,641 1608,641 1663,643 1717,644 1772,644 1827,647 1882,647 1936,647 1991,647 2046,650 2101,653"/>
                <TextEquiv>
                    <Unicode>Herrlich bleibt das einzigartige Orchester, der leuchtend</Unicode>
                </TextEquiv>
            </TextLine>
            <TextLine id="tr_1_tl_18" custom="readingOrder {index:17;}">
                <Coords points="2195,665 3294,681 3290,630 2195,622"/>
                <Baseline points="2218,653 2272,648 2326,649 2380,649 2435,650 2489,650 2543,653 2598,653 2652,655 2706,656 2761,659 2815,660 2869,662 2923,664 2978,668 3032,666 3086,668 3141,670 3195,671 3249,671 3304,671"/>
                <TextEquiv>
                    <Unicode>Im Mittelpunkt steht ein Tanzkomiker, von Harald</Unicode>
                </TextEquiv>
            </TextLine>
            <TextLine id="tr_1_tl_19" custom="readingOrder {index:18;}">
                <Coords points="156,681 3294,724 3294,677 2719,653 156,626"/>
                <Baseline points="179,671 335,671 491,671 647,673 804,677 960,676 1116,674 1272,674 1429,680 1585,682 1741,686 1897,686 2054,692 2210,692 2366,690 2522,694 2679,696 2835,700 2991,705 3147,709 3304,713"/>
                <TextEquiv>
                    <Unicode>n vor allem sind es, deren Bekannt- Glanz der Streicher unter der hingebungsvollen Direktion Paulsen, eruptiv gestaltet. Harald Paulsen sollte das Stück</Unicode>
                </TextEquiv>
            </TextLine>
            <TextLine id="tr_1_tl_20" custom="readingOrder {index:19;}">
                <Coords points="192,712 3294,763 3240,716 2696,696 192,685"/>
                <Baseline points="214,710 368,712 523,710 677,711 832,718 986,716 1141,716 1295,716 1450,719 1604,722 1759,725 1913,728 2068,728 2222,734 2377,729 2531,734 2686,737 2840,740 2995,746 3149,748 3304,752"/>
                <TextEquiv>
                    <Unicode>Zeit reizte und Anlaß wurde, nach Schalks. Die Chöre zeichneten sich nicht nur durch musika eigentlich heißen, denn mit welcher Intensität dieser Darsteller</Unicode>
                </TextEquiv>
            </TextLine>
            <TextLine id="tr_1_tl_21" custom="readingOrder {index:20;}">
                <Coords points="188,759 2093,782 2093,739 1956,728 188,708"/>
                <Baseline points="211,746 305,752 400,752 494,752 589,753 684,755 778,755 873,756 968,758 1062,758 1157,755 1252,756 1346,758 1441,761 1536,760 1630,764 1725,767 1820,767 1914,767 2009,770 2104,773"/>
                <TextEquiv>
                    <Unicode>Wolfgang Korngold's „Wunschen, sondern auch in der Bewegung glücklichen Fluß aus</Unicode>
                </TextEquiv>
            </TextLine>
            <TextLine id="tr_1_tl_22" custom="readingOrder {index:21;}">
                <Coords points="2121,782 3298,802 3298,763 3216,755 2121,747"/>
                <Baseline points="2143,773 2201,772 2259,770 2317,770 2375,770 2434,771 2492,773 2550,773 2608,776 2666,776 2725,776 2783,779 2841,779 2899,782 2957,782 3016,785 3074,788 3132,788 3190,789 3248,791 3307,791"/>
                <TextEquiv>
                    <Unicode>vom Rhythmus besessen, sich verströmt und alle mitreißt zu</Unicode>
                </TextEquiv>
            </TextLine>
            <TextLine id="tr_1_tl_23" custom="readingOrder {index:22;}">
                <Coords points="164,802 3294,841 3294,802 3079,782 164,763"/>
                <Baseline points="185,788 349,791 513,793 677,794 841,797 1005,796 1169,797 1334,797 1498,801 1662,803 1826,806 1990,808 2154,815 2319,809 2483,812 2647,815 2811,818 2975,823 3139,826 3304,829"/>
                <TextEquiv>
                    <Unicode>in Hamburg uraufgeführt, gleich der wie die Gesamtregie Dr. Lothar Wallersteins; Roller's Bühnen-orgiastischem Tanzrausch, das läßt sich schwerlich in Worte</Unicode>
                </TextEquiv>
            </TextLine>
            <TextLine id="tr_1_tl_24" custom="readingOrder {index:23;}">
                <Coords points="156,837 3087,880 3294,880 3294,841 153,782"/>
                <Baseline points="179,829 335,832 491,829 647,830 804,835 960,837 1116,835 1272,836 1429,836 1585,841 1741,845 1897,847 2054,848 2210,851 2366,850 2522,851 2679,854 2835,859 2991,863 3147,867 3304,868"/>
                <TextEquiv>
                    <Unicode>ch gelegentlich der Wiener Première bilder und Kostüme hatten vollendeten Geschmack. Das Werk fassen. Ich hatte auf den eigenartigen Typ Harald Paulsen vor</Unicode>
                </TextEquiv>
            </TextLine>
            <TextLine id="tr_1_tl_25" custom="readingOrder {index:24;}">
                <Coords points="164,880 3290,919 3290,880 3173,869 164,841"/>
                <Baseline points="185,868 340,871 496,871 651,871 807,874 963,877 1118,876 1274,877 1430,878 1585,883 1741,884 1897,886 2052,889 2208,890 2364,889 2519,892 2675,895 2831,898 2986,901 3142,906 3298,907"/>
                <TextEquiv>
                    <Unicode>Flugplatz zu belegen, aber der Respekt stellt im Gegensatz zu anderen, neuzeitlichen Opern bühnen zwei Jahren gelegentlich Nelsons Nacht der Nächte im Theater</Unicode>
                </TextEquiv>
            </TextLine>
            <TextLine id="tr_1_tl_26" custom="readingOrder {index:25;}">
                <Coords points="156,923 1776,931 1776,896 1557,880 156,876"/>
                <Baseline points="179,910 259,910 339,911 419,910 500,911 580,913 660,911 741,915 821,916 901,913 982,918 1062,916 1142,916 1222,917 1303,916 1383,919 1463,919 1544,921 1624,922 1704,923 1785,925"/>
                <TextEquiv>
                    <Unicode>ber, als die Schnsucht nach dem technisch und szenisch geringe Anforderungen.</Unicode>
                </TextEquiv>
            </TextLine>
            <TextLine id="tr_1_tl_27" custom="readingOrder {index:26;}">
                <Coords points="2109,935 3286,959 3286,919 3212,912 2109,904"/>
                <Baseline points="2131,931 2189,930 2247,928 2306,928 2364,929 2422,931 2481,931 2539,931 2597,933 2656,933 2714,934 2772,937 2831,937 2889,937 2947,938 3006,942 3064,943 3122,943 3181,946 3239,948 3298,949"/>
                <TextEquiv>
                    <Unicode>am Kurfürstendamm hingewiesen. Dieser blau blonde Jung¬</Unicode>
                </TextEquiv>
            </TextLine>
            <TextLine id="tr_1_tl_28" custom="readingOrder {index:27;}">
                <Coords points="160,986 329,966 364,990 399,962 567,986 677,962 704,982 880,978 880,923 814,916 160,923"/>
                <Baseline points="182,952 217,952 253,952 288,952 324,952 359,952 395,952 430,952 466,952 501,952 537,952 572,954 608,955 643,955 679,955 714,955 750,955 785,956 821,958 856,958 892,955"/>
                <TextEquiv>
                    <Unicode>rte sich die Bekanntschaft mit Hellan¬</Unicode>
                </TextEquiv>
            </TextLine>
            <TextLine id="tr_1_tl_29" custom="readingOrder {index:28;}">
                <Coords points="974,962 3286,998 3286,959 3185,947 1862,904 974,927"/>
                <Baseline points="997,958 1112,955 1227,955 1342,958 1457,960 1572,961 1687,962 1802,964 1917,966 2032,967 2147,969 2262,967 2377,970 2492,970 2607,973 2722,976 2837,976 2952,980 3067,982 3182,985 3298,985"/>
                <TextEquiv>
                    <Unicode>Im Theater in der Josefstadt, der Reinhardt-hat etwas ganz Eigenartiges, man möchte fast vom norddeut</Unicode>
                </TextEquiv>
            </TextLine>
            <TextLine id="tr_1_tl_30" custom="readingOrder {index:29;}">
                <Coords points="896,1009 3294,1041 3290,998 3110,982 896,951"/>
                <Baseline points="919,994 1038,994 1157,994 1276,997 1396,997 1515,1000 1634,1000 1753,1005 1873,1006 1992,1006 2111,1006 2230,1008 2350,1006 2469,1009 2588,1012 2707,1012 2827,1017 2946,1021 3065,1021 3184,1027 3304,1024"/>
                <TextEquiv>
                    <Unicode>Bühne, Wiens kultiviertestem Sprechtheater, sieht man eine schem Charme sprechen. Es ist etwas Herbes, Unberührtes</Unicode>
                </TextEquiv>
            </TextLine>
            <TextLine id="tr_1_tl_31" custom="readingOrder {index:30;}">
                <Coords points="156,1033 2089,1064 2089,1017 2019,1009 156,986"/>
                <Baseline points="179,1029 280,1029 381,1031 482,1032 583,1032 684,1032 785,1035 886,1035 987,1035 1088,1034 1189,1035 1290,1035 1391,1036 1492,1038 1593,1041 1694,1041 1795,1043 1896,1044 1997,1044 2098,1047"/>
                <TextEquiv>
                    <Unicode>vierte Korngold’s, mit der Pantomime französische Komödie, Desiré von Sascha Guitry, von</Unicode>
                </TextEquiv>
            </TextLine>
            <TextLine id="tr_1_tl_32" custom="readingOrder {index:31;}">
                <Coords points="2113,1056 3294,1076 3294,1037 3103,1025 2113,1017"/>
                <Baseline points="2134,1044 2192,1049 2251,1047 2309,1047 2368,1047 2426,1049 2485,1050 2543,1050 2602,1051 2660,1053 2719,1053 2777,1056 2836,1056 2894,1059 2953,1060 3011,1062 3070,1062 3128,1065 3187,1067 3245,1068 3304,1071"/>
                <TextEquiv>
                    <Unicode>von der Waterkant, extra trocken, aber erfüllt zum Zerspringen.</Unicode>
                </TextEquiv>
            </TextLine>
            <TextLine id="tr_1_tl_33" custom="readingOrder {index:32;}">
                <Coords points="160,1080 1917,1107 1917,1056 1827,1045 160,1041"/>
                <Baseline points="182,1071 269,1071 356,1071 443,1071 531,1073 618,1072 705,1071 793,1074 880,1072 967,1074 1055,1074 1142,1074 1229,1074 1316,1074 1404,1077 1491,1077 1578,1079 1666,1080 1753,1082 1840,1083 1928,1086"/>
                <TextEquiv>
                    <Unicode>an die Musik zu Shakespeare's „Viel Berta Zuckerkandl vorzüglich ins Deutsche übersetzt</Unicode>
                </TextEquiv>
            </TextLine>
            <TextLine id="tr_1_tl_34" custom="readingOrder {index:33;}">
                <Coords points="2109,1103 3294,1115 3290,1080 3161,1068 2109,1056"/>
                <Baseline points="2131,1089 2189,1089 2248,1087 2306,1089 2365,1087 2424,1091 2482,1092 2541,1092 2600,1092 2658,1092 2717,1095 2776,1096 2834,1098 2893,1098 2952,1101 3010,1101 3069,1104 3128,1104 3186,1106 3245,1107 3304,1110"/>
                <TextEquiv>
                    <Unicode>Wie ein angekurbelter Motor spricht und springt Harald Paulsen,</Unicode>
                </TextEquiv>
            </TextLine>
            <TextLine id="tr_1_tl_35" custom="readingOrder {index:34;}">
                <Coords points="160,1127 880,1131 880,1084 798,1076 160,1080"/>
                <Baseline points="182,1113 217,1113 253,1113 288,1113 324,1113 359,1113 395,1113 430,1113 466,1113 501,1113 537,1113 572,1113 608,1111 643,1111 679,1113 714,1113 750,1113 785,1113 821,1113 856,1112 892,1110"/>
                <TextEquiv>
                    <Unicode>inzurechnet, eigentlich sein sechstes</Unicode>
                </TextEquiv>
            </TextLine>
            <TextLine id="tr_1_tl_36" custom="readingOrder {index:35;}">
                <Coords points="970,1127 2089,1146 2089,1084 2042,1076 1909,1107 970,1088"/>
                <Baseline points="991,1122 1046,1122 1101,1122 1157,1122 1212,1125 1267,1122 1323,1122 1378,1124 1433,1122 1489,1128 1544,1125 1599,1125 1655,1130 1710,1131 1765,1131 1821,1131 1876,1133 1931,1134 1987,1135 2042,1137 2098,1137"/>
                <TextEquiv>
                    <Unicode>Sascha Guitry ist der Pariser Kurt Götz, oder eigentlich</Unicode>
                </TextEquiv>
            </TextLine>
            <TextLine id="tr_1_tl_37" custom="readingOrder {index:36;}">
                <Coords points="2109,1142 3290,1162 3290,1119 3083,1103 2109,1103"/>
                <Baseline points="2131,1128 2189,1128 2248,1128 2306,1128 2365,1129 2423,1129 2482,1133 2540,1134 2599,1134 2657,1134 2716,1134 2774,1135 2833,1137 2891,1137 2950,1138 3008,1140 3067,1140 3125,1144 3184,1148 3242,1147 3301,1146"/>
                <TextEquiv>
                    <Unicode>drillt seine Girls im Jazz (zu den Synkopen der Band hinter</Unicode>
                </TextEquiv>
            </TextLine>
            <TextLine id="tr_1_tl_38" custom="readingOrder {index:37;}">
                <Coords points="896,1170 3290,1197 3290,1158 892,1127"/>
                <Baseline points="919,1161 1038,1162 1157,1164 1276,1164 1395,1164 1514,1165 1633,1170 1752,1169 1871,1173 1990,1173 2110,1177 2229,1167 2348,1169 2467,1171 2586,1173 2705,1175 2824,1176 2943,1179 3062,1179 3181,1185 3301,1185"/>
                <TextEquiv>
                    <Unicode>müßte man sagen. Kurt Götz der Berliner Sascha Guitry, ein der Szene: Moonlight on the Ganges, So blue. Always ...) und</Unicode>
                </TextEquiv>
            </TextLine>
            <TextLine id="tr_1_tl_39" custom="readingOrder {index:38;}">
                <Coords points="160,1201 3286,1232 3286,1193 3228,1185 916,1174 829,1127 622,1166 466,1131 160,1154"/>
                <Baseline points="182,1194 337,1191 493,1191 649,1194 805,1191 961,1203 1116,1203 1272,1206 1428,1204 1584,1209 1740,1210 1895,1212 2051,1215 2207,1207 2363,1208 2519,1212 2674,1215 2830,1218 2986,1221 3142,1223 3298,1227"/>
                <TextEquiv>
                    <Unicode>tomime „Der Schneemann", mit spielender Dramatiker, voil entzückend elastischer Lustspiel- das wirkt ganz elementar, wie der Gegenpol zu Josefine Baker</Unicode>
                </TextEquiv>
            </TextLine>
            <TextLine id="tr_1_tl_40" custom="readingOrder {index:39;}">
                <Coords points="176,1232 2089,1268 2089,1225 2038,1221 176,1205"/>
                <Baseline points="197,1230 291,1230 386,1230 481,1231 576,1231 671,1233 766,1233 861,1233 956,1240 1051,1244 1146,1244 1240,1241 1335,1244 1430,1245 1525,1247 1620,1248 1715,1250 1810,1253 1905,1253 2000,1253 2095,1256"/>
                <TextEquiv>
                    <Unicode>der Wiener Staatsoper uraufgeführt, technik, mit charmantem Dialog, reizend pointierten Raketen</Unicode>
                </TextEquiv>
            </TextLine>
            <TextLine id="tr_1_tl_41" custom="readingOrder {index:40;}">
                <Coords points="2113,1256 3286,1272 3286,1232 3169,1225 2113,1221"/>
                <Baseline points="2134,1250 2192,1246 2250,1246 2308,1247 2366,1247 2425,1247 2483,1249 2541,1253 2599,1253 2657,1253 2716,1253 2774,1256 2832,1258 2890,1256 2948,1257 3007,1259 3065,1261 3123,1259 3181,1263 3239,1265 3298,1262"/>
                <TextEquiv>
                    <Unicode>prägt sich einem unvergeßlich ein. Es erscheint belanglos</Unicode>
                </TextEquiv>
            </TextLine>
            <TextLine id="tr_1_tl_42" custom="readingOrder {index:41;}">
                <Coords points="168,1279 880,1283 880,1240 168,1240"/>
                <Baseline points="188,1268 223,1270 258,1269 293,1269 328,1271 363,1274 398,1272 433,1271 468,1271 503,1271 538,1271 573,1271 608,1271 643,1272 678,1274 713,1274 748,1274 783,1273 818,1271 853,1274 889,1274"/>
                <TextEquiv>
                    <Unicode>Das Tänzerische dieser Musik reiß</Unicode>
                </TextEquiv>
            </TextLine>
            <TextLine id="tr_1_tl_43" custom="readingOrder {index:42;}">
                <Coords points="900,1291 2081,1307 2081,1268 2015,1260 900,1252"/>
                <Baseline points="922,1283 980,1283 1039,1281 1097,1283 1156,1282 1214,1282 1273,1283 1331,1286 1390,1286 1448,1286 1507,1286 1565,1287 1624,1289 1682,1289 1741,1290 1799,1292 1858,1289 1916,1292 1975,1294 2033,1295 2092,1295"/>
                <TextEquiv>
                    <Unicode>gepflegt bis in die Fingerspitzen. In diesen petit riens geht</Unicode>
                </TextEquiv>
            </TextLine>
            <TextLine id="tr_1_tl_44" custom="readingOrder {index:43;}">
                <Coords points="2113,1295 3286,1315 3286,1275 3204,1264 2113,1260"/>
                <Baseline points="2134,1286 2192,1288 2250,1286 2308,1286 2366,1288 2425,1287 2483,1291 2541,1292 2599,1292 2657,1292 2716,1292 2774,1295 2832,1295 2890,1295 2948,1298 3007,1298 3065,1298 3123,1301 3181,1302 3239,1304 3298,1301"/>
                <TextEquiv>
                    <Unicode>daneben, daß Paulsen eine reizende Partnerin hat, Fried</Unicode>
                </TextEquiv>
            </TextLine>
            <TextLine id="tr_1_tl_45" custom="readingOrder {index:44;}">
                <Coords points="156,1338 869,1326 869,1283 826,1279 156,1272"/>
                <Baseline points="179,1316 213,1313 248,1313 283,1313 318,1313 353,1314 388,1316 423,1313 458,1313 493,1313 528,1314 562,1316 597,1314 632,1315 667,1315 702,1313 737,1313 772,1315 807,1315 842,1312 877,1310"/>
                <TextEquiv>
                    <Unicode>de gleichzeitig entstandenen 7 Märchen</Unicode>
                </TextEquiv>
            </TextLine>
            <TextLine id="tr_1_tl_46" custom="readingOrder {index:45;}">
                <Coords points="896,1334 2078,1346 2046,1295 892,1291"/>
                <Baseline points="913,1319 971,1320 1030,1320 1089,1322 1148,1322 1207,1322 1265,1325 1324,1325 1383,1325 1442,1327 1501,1325 1559,1326 1618,1328 1677,1328 1736,1331 1795,1331 1853,1331 1912,1332 1971,1334 2030,1334 2089,1334"/>
                <TextEquiv>
                    <Unicode>um die wechselseitige Gefühlsverwirrung infolge der Erkenntni</Unicode>
                </TextEquiv>
            </TextLine>
            <TextLine id="tr_1_tl_47" custom="readingOrder {index:46;}">
                <Coords points="2117,1338 3286,1354 3286,1315 3083,1299 2117,1295"/>
                <Baseline points="2137,1325 2195,1327 2253,1325 2311,1325 2369,1328 2427,1329 2485,1331 2543,1331 2601,1332 2659,1334 2717,1331 2775,1334 2833,1334 2891,1337 2949,1337 3007,1338 3065,1340 3123,1340 3181,1340 3239,1342 3298,1340"/>
                <TextEquiv>
                    <Unicode>Haerlin, die allerdings in allem eine Kopie Elisabeth Bergners</Unicode>
                </TextEquiv>
            </TextLine>
            <TextLine id="tr_1_tl_48" custom="readingOrder {index:47;}">
                <Coords points="896,1365 3286,1393 3286,1354 2930,1334 896,1334"/>
                <Baseline points="916,1358 1035,1361 1154,1362 1273,1364 1392,1364 1511,1367 1630,1367 1749,1370 1868,1370 1987,1373 2107,1371 2226,1364 2345,1367 2464,1370 2583,1371 2702,1373 2821,1373 2940,1374 3059,1379 3178,1382 3298,1382"/>
                <TextEquiv>
                    <Unicode>der Dame, daß auch der Kammerdiener gleichsam ein Mann ist. Von den anderen Darstellern bleibt vor Allen das ent¬</Unicode>
                </TextEquiv>
            </TextLine>
            <TextLine id="tr_1_tl_49" custom="readingOrder {index:48;}">
                <Coords points="160,1408 3286,1432 3286,1389 3204,1381 160,1334"/>
                <Baseline points="182,1394 337,1392 493,1391 648,1394 804,1394 960,1400 1115,1401 1271,1403 1427,1406 1582,1408 1738,1410 1894,1412 2049,1413 2205,1404 2361,1406 2516,1411 2672,1412 2828,1415 2983,1418 3139,1421 3295,1418"/>
                <TextEquiv>
                    <Unicode>pieloper „Der Ring des Poly- ist. Das reizendste Drum und Dran und die seiltänzerische zückende Girl Trude Brionnes zu nennen, die glänzende, abge¬</Unicode>
                </TextEquiv>
            </TextLine>
            <TextLine id="tr_1_tl_50" custom="readingOrder {index:49;}">
                <Coords points="160,1440 3286,1475 3286,1432 3185,1420 2692,1408 160,1405"/>
                <Baseline points="182,1430 337,1433 493,1436 649,1435 805,1433 961,1441 1116,1441 1272,1441 1428,1444 1584,1447 1740,1450 1895,1450 2051,1453 2207,1444 2363,1445 2519,1447 2674,1451 2830,1452 2986,1456 3142,1459 3298,1462"/>
                <TextEquiv>
                    <Unicode>ganz wenigen, komischen Opern deut¬ Sicherheit, das Gewagte nie ins Unmögliche purzeln zu lassen, tackelte Chansonnette von Emmy Schleinitz, der schwierige</Unicode>
                </TextEquiv>
            </TextLine>
            <TextLine id="tr_1_tl_51" custom="readingOrder {index:50;}">
                <Coords points="168,1491 2089,1498 2089,1463 1964,1455 168,1440"/>
                <Baseline points="188,1471 283,1474 379,1474 474,1474 570,1474 665,1474 761,1474 856,1474 952,1480 1047,1480 1143,1480 1238,1483 1334,1483 1429,1486 1525,1483 1620,1488 1716,1489 1811,1489 1907,1492 2002,1492 2098,1489"/>
                <TextEquiv>
                    <Unicode>leichter Hand und fröhlichem Herzen bilden Sascha Guitry's Reiz. Wie kultiviert und graziös so</Unicode>
                </TextEquiv>
            </TextLine>
            <TextLine id="tr_1_tl_52" custom="readingOrder {index:51;}">
                <Coords points="2109,1491 3286,1510 3283,1475 3087,1455 2109,1452"/>
                <Baseline points="2131,1480 2189,1483 2247,1483 2305,1483 2363,1484 2422,1486 2480,1486 2538,1489 2596,1489 2654,1491 2713,1492 2771,1492 2829,1494 2887,1495 2945,1493 3004,1495 3062,1497 3120,1498 3178,1498 3236,1500 3295,1501"/>
                <TextEquiv>
                    <Unicode>Kneipenwirt Artur Peisers und der zynische Detektiv Theodor</Unicode>
                </TextEquiv>
            </TextLine>
            <TextLine id="tr_1_tl_53" custom="readingOrder {index:52;}">
                <Coords points="168,1514 2085,1553 2062,1495 168,1487"/>
                <Baseline points="191,1513 286,1513 381,1516 476,1516 571,1515 667,1514 762,1516 857,1513 952,1519 1047,1519 1143,1519 1238,1520 1333,1522 1428,1525 1523,1523 1619,1527 1714,1528 1809,1531 1904,1531 1999,1531 2095,1531"/>
                <TextEquiv>
                    <Unicode>man dieses Juwel etwa einmal in etwas in der Josefstadt gespielt wird, das kann man allenfalls</Unicode>
                </TextEquiv>
            </TextLine>
            <TextLine id="tr_1_tl_54" custom="readingOrder {index:53;}">
                <Coords points="2105,1530 3294,1545 3294,1506 3138,1498 2105,1495"/>
                <Baseline points="2128,1519 2186,1522 2245,1522 2303,1522 2362,1523 2421,1527 2479,1528 2538,1528 2597,1529 2655,1531 2714,1531 2773,1531 2831,1533 2890,1531 2949,1536 3007,1536 3066,1537 3125,1538 3183,1540 3242,1540 3301,1537"/>
                <TextEquiv>
                    <Unicode>Griegs, der übrigens in Maske, Haltung und Organ eine frap¬</Unicode>
                </TextEquiv>
            </TextLine>
            <TextLine id="tr_1_tl_55" custom="readingOrder {index:54;}">
                <Coords points="153,1565 1686,1581 1686,1538 1616,1526 153,1522"/>
                <Baseline points="173,1552 249,1552 325,1554 401,1555 478,1555 554,1555 630,1555 706,1552 783,1555 859,1551 935,1556 1011,1558 1088,1561 1164,1561 1240,1561 1316,1561 1393,1561 1469,1561 1545,1561 1621,1564 1698,1564"/>
                <TextEquiv>
                    <Unicode>alter mit der von gehört hat, be¬ nur noch in der Berliner Komödie erleben.</Unicode>
                </TextEquiv>
            </TextLine>
            <TextLine id="tr_1_tl_56" custom="readingOrder {index:55;}">
                <Coords points="2105,1565 3286,1588 3286,1549 3204,1542 2105,1530"/>
                <Baseline points="2125,1558 2183,1558 2242,1560 2300,1564 2359,1564 2418,1564 2476,1567 2535,1567 2594,1567 2652,1569 2711,1570 2770,1571 2828,1571 2887,1573 2946,1571 3004,1575 3063,1573 3122,1577 3180,1579 3239,1579 3298,1576"/>
                <TextEquiv>
                    <Unicode>pierende Aehnlichkeit mit dem Schriftsteller Paul Cohen-Port¬</Unicode>
                </TextEquiv>
            </TextLine>
            <TextLine id="tr_1_tl_57" custom="readingOrder {index:56;}">
                <Coords points="176,1620 286,1604 419,1624 493,1600 880,1620 880,1565 826,1553 176,1565"/>
                <Baseline points="197,1591 231,1593 266,1594 300,1594 335,1594 370,1594 404,1594 439,1594 473,1594 508,1594 543,1594 577,1594 612,1595 646,1597 681,1595 716,1596 750,1596 785,1594 819,1594 854,1592 889,1594"/>
                <TextEquiv>
                    <Unicode>es noch immer so wenig aufgeführt</Unicode>
                </TextEquiv>
            </TextLine>
            <TextLine id="tr_1_tl_58" custom="readingOrder {index:57;}">
                <Coords points="2105,1608 3286,1624 3247,1585 2105,1565"/>
                <Baseline points="2128,1597 2186,1597 2244,1599 2303,1603 2361,1601 2419,1603 2478,1605 2536,1606 2594,1607 2653,1609 2711,1609 2769,1610 2828,1612 2886,1612 2944,1613 3003,1615 3061,1615 3119,1615 3178,1616 3236,1618 3295,1618"/>
                <TextEquiv>
                    <Unicode>heim besitzt. Diese Aufführung der Kammerspiele, über 100 Mal</Unicode>
                </TextEquiv>
            </TextLine>
            <TextLine id="tr_1_tl_59" custom="readingOrder {index:58;}">
                <Coords points="2105,1639 2457,1686 2563,1651 3283,1675 3283,1628 3212,1620 2105,1608"/>
                <Baseline points="2125,1636 2183,1639 2241,1639 2300,1642 2358,1643 2417,1645 2475,1645 2533,1647 2592,1647 2650,1646 2709,1647 2767,1650 2825,1650 2884,1650 2942,1653 3001,1653 3059,1653 3117,1653 3176,1653 3234,1655 3292,1653"/>
                <TextEquiv>
                    <Unicode>gegeben, gehört zu den Sehenswürdigkeiten des Wiener</Unicode>
                </TextEquiv>
            </TextLine>
            <TextLine id="tr_1_tl_60" custom="readingOrder {index:59;}">
                <Coords points="153,1678 880,1678 880,1616 794,1635 673,1635 638,1612 544,1632 153,1620"/>
                <Baseline points="176,1674 211,1674 247,1672 283,1672 319,1674 355,1674 390,1672 426,1673 462,1673 498,1672 534,1674 569,1674 605,1674 641,1674 677,1674 713,1674 748,1672 784,1671 820,1671 856,1671 892,1671"/>
                <TextEquiv>
                    <Unicode>im Publikum steht das Schwesterstück,</Unicode>
                </TextEquiv>
            </TextLine>
            <TextLine id="tr_1_tl_61" custom="readingOrder {index:60;}">
                <Coords points="2113,1702 2148,1706 2171,1690 2183,1694 2199,1678 2222,1678 2234,1686 2273,1686 2273,1647 2109,1643"/>
                <Baseline points="2134,1674 2163,1674 2193,1674 2223,1674 2253,1676 2283,1677"/>
                <TextEquiv>
                    <Unicode>Theaters</Unicode>
                </TextEquiv>
            </TextLine>
            <TextLine id="tr_1_tl_62" custom="readingOrder {index:61;}">
                <Coords points="156,1725 880,1718 880,1678 156,1678"/>
                <Baseline points="179,1713 214,1713 250,1713 285,1713 321,1713 357,1713 392,1713 428,1713 464,1713 499,1713 535,1713 571,1713 606,1715 642,1715 678,1713 713,1713 749,1713 785,1711 820,1711 856,1713 892,1713"/>
                <TextEquiv>
                    <Unicode>Violanta", bereits ein Meisterwurf,</Unicode>
                </TextEquiv>
            </TextLine>
            <TextLine id="tr_1_tl_63" custom="readingOrder {index:62;}">
                <Coords points="2179,1722 3185,1749 3279,1745 3275,1682 2477,1690 2391,1655 2175,1682"/>
                <Baseline points="2197,1713 2251,1716 2306,1717 2360,1719 2415,1722 2470,1722 2524,1721 2579,1721 2634,1724 2688,1725 2743,1725 2798,1726 2852,1728 2907,1728 2962,1731 3016,1731 3071,1731 3126,1733 3180,1737 3235,1734 3290,1734"/>
                <TextEquiv>
                    <Unicode>Eine amerikanische Sensation anderer Art, der größte</Unicode>
                </TextEquiv>
            </TextLine>
            <TextLine id="tr_1_tl_64" custom="readingOrder {index:63;}">
                <Coords points="184,1757 544,1776 876,1757 876,1718 818,1714 184,1725"/>
                <Baseline points="205,1755 239,1755 273,1754 307,1752 341,1752 375,1752 409,1753 443,1755 477,1755 511,1753 545,1752 579,1752 613,1752 647,1752 681,1752 715,1752 749,1752 783,1750 817,1750 851,1751 886,1749"/>
                <TextEquiv>
                    <Unicode>Jeritza kürzlich erst in New-York</Unicode>
                </TextEquiv>
            </TextLine>
            <TextLine id="tr_1_tl_65" custom="readingOrder {index:64;}">
                <Coords points="2101,1757 3283,1784 3283,1741 3197,1733 2445,1737 2101,1698"/>
                <Baseline points="2122,1749 2180,1755 2239,1755 2297,1758 2356,1761 2414,1761 2473,1761 2531,1761 2590,1762 2648,1764 2707,1764 2765,1764 2824,1766 2882,1767 2941,1770 2999,1770 3058,1773 3116,1771 3175,1773 3233,1775 3292,1773"/>
                <TextEquiv>
                    <Unicode>Erfolg seit Jahren in U. S. A., der uns unbegreiflich erscheint,</Unicode>
                </TextEquiv>
            </TextLine>
            <TextLine id="tr_1_tl_66" custom="readingOrder {index:65;}">
                <Coords points="904,1808 951,1808 974,1796 998,1800 1013,1788 1037,1804 1060,1808 1068,1737 1037,1729 1017,1737 1002,1718 966,1718 955,1725 955,1718 916,1718"/>
                <Baseline points="931,1785 959,1782 987,1778 1015,1775 1043,1770 1071,1764"/>
                <TextEquiv>
                    <Unicode></Unicode>
                </TextEquiv>
            </TextLine>
            <TextLine id="tr_1_tl_67" custom="readingOrder {index:66;}">
                <Coords points="145,1808 876,1800 876,1757 145,1757"/>
                <Baseline points="167,1791 204,1793 242,1794 280,1793 318,1792 356,1794 394,1794 431,1794 469,1794 507,1794 545,1794 583,1794 621,1794 658,1794 696,1794 734,1794 772,1793 810,1791 848,1791 886,1788"/>
                <TextEquiv>
                    <Unicode>hl das vollendetste, was Korngold bis</Unicode>
                </TextEquiv>
            </TextLine>
            <TextLine id="tr_1_tl_68" custom="readingOrder {index:67;}">
                <Coords points="2097,1796 3286,1819 3286,1784 3107,1768 2097,1765"/>
                <Baseline points="2119,1791 2177,1794 2236,1794 2295,1797 2354,1797 2413,1799 2471,1803 2530,1802 2589,1801 2648,1803 2707,1803 2765,1803 2824,1805 2883,1806 2942,1809 3001,1809 3059,1809 3118,1810 3177,1812 3236,1812 3295,1812"/>
                <TextEquiv>
                    <Unicode>ist Dreimal Hochzeit (Abies Irish Rose, ein New¬</Unicode>
                </TextEquiv>
            </TextLine>
            <TextLine id="tr_1_tl_69" custom="readingOrder {index:68;}">
                <Coords points="1123,1839 1193,1819 1502,1851 1545,1823 1874,1835 1870,1757 1819,1745 1722,1768 1682,1741 1452,1765 1123,1749"/>
                <Baseline points="1146,1806 1182,1808 1219,1809 1256,1809 1292,1810 1329,1812 1366,1812 1402,1812 1439,1812 1476,1813 1513,1815 1549,1815 1586,1815 1623,1815 1659,1815 1696,1815 1733,1815 1769,1815 1806,1815 1843,1815 1880,1815"/>
                <TextEquiv>
                    <Unicode>Eine Morgenstunde</Unicode>
                </TextEquiv>
            </TextLine>
            <TextLine id="tr_1_tl_70" custom="readingOrder {index:69;}">
                <Coords points="156,1839 876,1847 876,1804 156,1804"/>
                <Baseline points="179,1833 214,1833 249,1836 284,1834 319,1834 355,1835 390,1833 425,1833 460,1833 495,1833 531,1833 566,1836 601,1834 636,1834 671,1835 707,1833 742,1833 777,1833 812,1833 847,1832 883,1830"/>
                <TextEquiv>
                    <Unicode>Schauspielmusik zu „Viel Lärm um</Unicode>
                </TextEquiv>
            </TextLine>
            <TextLine id="tr_1_tl_71" custom="readingOrder {index:70;}">
                <Coords points="2105,1839 3279,1870 3275,1823 3173,1811 2105,1800"/>
                <Baseline points="2128,1830 2186,1833 2244,1833 2302,1836 2360,1837 2418,1839 2476,1839 2534,1839 2592,1842 2650,1842 2709,1842 2767,1843 2825,1845 2883,1845 2941,1845 2999,1848 3057,1848 3115,1851 3173,1851 3231,1852 3290,1853"/>
                <TextEquiv>
                    <Unicode>yorker Schwank in 3 Akten von Anna Nichols, deutsch von</Unicode>
                </TextEquiv>
            </TextLine>
            <TextLine id="tr_1_tl_72" custom="readingOrder {index:71;}">
                <Coords points="153,1878 872,1882 872,1843 822,1835 153,1843"/>
                <Baseline points="173,1871 208,1873 244,1872 279,1872 315,1874 350,1874 386,1874 421,1874 457,1874 492,1874 528,1874 563,1872 599,1873 634,1874 670,1874 705,1871 741,1873 776,1873 812,1871 847,1871 883,1874"/>
                <TextEquiv>
                    <Unicode>rent, voll klingender Erfindung und</Unicode>
                </TextEquiv>
            </TextLine>
            <TextLine id="tr_1_tl_73" custom="readingOrder {index:72;}">
                <Coords points="2105,1882 3173,1909 3283,1898 3279,1858 2101,1843"/>
                <Baseline points="2122,1868 2180,1871 2239,1873 2297,1877 2356,1875 2414,1877 2473,1877 2531,1880 2590,1880 2648,1882 2707,1883 2765,1883 2824,1883 2882,1883 2941,1886 2999,1888 3058,1886 3116,1889 3175,1891 3233,1890 3292,1892"/>
                <TextEquiv>
                    <Unicode>Felix Salten. Ein jüdisches Rührstück, weiß Gott kein Irish</Unicode>
                </TextEquiv>
            </TextLine>
            <TextLine id="tr_1_tl_74" custom="readingOrder {index:73;}">
                <Coords points="1076,1905 1913,1925 1913,1823 1765,1847 1545,1827 1514,1851 1076,1827"/>
                <Baseline points="1098,1883 1139,1883 1180,1888 1221,1887 1262,1886 1303,1888 1344,1889 1385,1889 1426,1889 1467,1889 1508,1889 1549,1892 1590,1892 1631,1892 1672,1890 1713,1891 1754,1892 1795,1892 1836,1892 1877,1893 1919,1898"/>
                <TextEquiv>
                    <Unicode>bei Arthur Schnitzler.</Unicode>
                </TextEquiv>
            </TextLine>
            <TextLine id="tr_1_tl_75" custom="readingOrder {index:74;}">
                <Coords points="153,1921 872,1925 872,1882 798,1874 153,1882"/>
                <Baseline points="173,1913 208,1913 243,1913 279,1913 314,1913 349,1916 385,1914 420,1913 455,1913 491,1913 526,1913 561,1913 597,1913 632,1913 667,1913 703,1913 738,1913 773,1912 809,1911 844,1913 880,1913"/>
                <TextEquiv>
                    <Unicode>haffen, um zu bleiben, wie Mendelssohn</Unicode>
                </TextEquiv>
            </TextLine>
            <TextLine id="tr_1_tl_76" custom="readingOrder {index:75;}">
                <Coords points="2093,1929 3283,1941 3283,1901 3232,1894 2093,1882"/>
                <Baseline points="2116,1910 2174,1911 2233,1913 2291,1913 2350,1916 2408,1916 2467,1919 2525,1919 2584,1922 2642,1922 2701,1922 2760,1924 2818,1924 2877,1922 2935,1924 2994,1926 3052,1928 3111,1929 3169,1929 3228,1930 3287,1928"/>
                <TextEquiv>
                    <Unicode>Stew, mit sehr viel Gänseschmalz, Romeo und Julia in Wite¬</Unicode>
                </TextEquiv>
            </TextLine>
            <TextLine id="tr_1_tl_77" custom="readingOrder {index:76;}">
                <Coords points="149,1960 869,1960 869,1925 845,1921 149,1925"/>
                <Baseline points="170,1952 205,1954 241,1955 276,1955 312,1955 347,1955 383,1955 418,1955 454,1954 489,1952 525,1952 560,1952 596,1952 631,1953 667,1955 702,1952 738,1952 773,1952 809,1952 844,1952 880,1952"/>
                <TextEquiv>
                    <Unicode>straum“, Muß man noch von de</Unicode>
                </TextEquiv>
            </TextLine>
            <TextLine id="tr_1_tl_78" custom="readingOrder {index:77;}">
                <Coords points="2097,1956 2903,1988 3279,1980 3279,1941 2093,1917"/>
                <Baseline points="2119,1946 2177,1952 2236,1952 2294,1955 2353,1955 2411,1957 2470,1958 2528,1961 2587,1958 2645,1960 2704,1964 2763,1962 2821,1964 2880,1967 2938,1965 2997,1967 3055,1967 3114,1968 3172,1972 3231,1971 3290,1976"/>
                <TextEquiv>
                    <Unicode>chapel, oder Samuel Levy und Rose Christine Abel lösen auf</Unicode>
                </TextEquiv>
            </TextLine>
            <TextLine id="tr_1_tl_79" custom="readingOrder {index:78;}">
                <Coords points="1299,1991 1448,1976 1471,1991 1498,1980 1557,1995 1608,1980 1628,1995 1667,1976 1667,1913 1632,1901 1612,1917 1565,1921 1538,1901 1502,1921 1479,1905 1424,1909 1373,1929 1322,1905 1299,1909"/>
                <Baseline points="1319,1964 1344,1964 1370,1964 1395,1964 1421,1964 1446,1964 1472,1965 1498,1967 1523,1967 1549,1967 1574,1967 1600,1967 1625,1967 1651,1968 1677,1970"/>
                <TextEquiv>
                    <Unicode>Kein Interview.</Unicode>
                </TextEquiv>
            </TextLine>
            <TextLine id="tr_1_tl_80" custom="readingOrder {index:79;}">
                <Coords points="200,2007 880,2003 880,1960 200,1964"/>
                <Baseline points="223,1991 256,1993 289,1994 322,1994 355,1994 388,1994 421,1994 455,1994 488,1994 521,1992 554,1992 587,1994 620,1994 653,1994 687,1994 720,1994 753,1994 786,1992 819,1992 852,1994 886,1994"/>
                <TextEquiv>
                    <Unicode>Sie hat sich die Welt erobert, wie</Unicode>
                </TextEquiv>
            </TextLine>
            <TextLine id="tr_1_tl_81" custom="readingOrder {index:80;}">
                <Coords points="2097,1995 3286,2031 3286,1980 3220,1972 2097,1964"/>
                <Baseline points="2119,1988 2177,1991 2236,1993 2294,1994 2353,1995 2412,1997 2470,2000 2529,2000 2588,2000 2646,2000 2705,2003 2764,2002 2822,2002 2881,2006 2940,2006 2998,2006 3057,2009 3116,2009 3174,2011 3233,2012 3292,2012"/>
                <TextEquiv>
                    <Unicode>ihre Art das Rassenproblem, lassen sich erst standesamtlich,</Unicode>
                </TextEquiv>
            </TextLine>
            <TextLine id="tr_1_tl_82" custom="readingOrder {index:81;}">
                <Coords points="168,2042 786,2038 814,2058 861,2038 861,1999 168,2003"/>
                <Baseline points="188,2033 222,2034 256,2035 290,2033 324,2035 358,2038 392,2038 427,2036 461,2033 495,2033 529,2032 563,2030 597,2033 631,2033 666,2034 700,2036 734,2036 768,2036 802,2035 836,2032 871,2030"/>
                <TextEquiv>
                    <Unicode>und vor „Jonny kein zweites, musi</Unicode>
                </TextEquiv>
            </TextLine>
            <TextLine id="tr_1_tl_83" custom="readingOrder {index:82;}">
                <Coords points="970,2031 3279,2062 3279,2019 2019,1999 1952,1964 1706,2007 970,1976"/>
                <Baseline points="991,2021 1105,2023 1220,2030 1335,2030 1450,2028 1565,2030 1679,2033 1794,2033 1909,2033 2024,2036 2139,2030 2253,2033 2368,2036 2483,2039 2598,2042 2713,2043 2827,2044 2942,2046 3057,2048 3172,2049 3287,2051"/>
                <TextEquiv>
                    <Unicode>Sylvestermorgen, 10° unter Null, strahlende Sonne hernach jüdisch und schließlich noch katholisch trauen (Du muß¬</Unicode>
                </TextEquiv>
            </TextLine>
            <TextLine id="tr_1_tl_84" custom="readingOrder {index:83;}">
                <Coords points="145,2089 2078,2093 2078,2046 1960,2038 145,2034"/>
                <Baseline points="167,2071 268,2073 369,2074 470,2072 571,2071 672,2074 773,2074 874,2074 975,2068 1076,2071 1177,2074 1278,2075 1379,2074 1480,2076 1581,2077 1682,2077 1783,2078 1884,2080 1985,2080 2086,2074"/>
                <TextEquiv>
                    <Unicode>utscher Herkunft und scheint mir die und blauer Himmel über Wien. Von Hietzing schweift der</Unicode>
                </TextEquiv>
            </TextLine>
            <TextLine id="tr_1_tl_85" custom="readingOrder {index:84;}">
                <Coords points="2097,2078 3279,2097 3279,2058 3189,2050 2097,2038"/>
                <Baseline points="2119,2065 2177,2069 2235,2071 2294,2074 2352,2074 2411,2076 2469,2077 2527,2080 2586,2078 2644,2080 2703,2083 2761,2083 2819,2083 2878,2083 2936,2086 2995,2086 3053,2086 3111,2086 3170,2089 3228,2091 3287,2089"/>
                <TextEquiv>
                    <Unicode>es dreimal sagen), und die feindlichen, strenggläubigen Väter</Unicode>
                </TextEquiv>
            </TextLine>
            <TextLine id="tr_1_tl_86" custom="readingOrder {index:85;}">
                <Coords points="153,2124 865,2124 865,2085 822,2078 153,2081"/>
                <Baseline points="173,2113 208,2113 243,2113 278,2114 313,2116 348,2113 383,2115 418,2115 453,2114 488,2116 523,2114 558,2113 593,2114 628,2116 663,2116 698,2114 733,2113 768,2113 803,2113 838,2116 874,2113"/>
                <TextEquiv>
                    <Unicode>bedeuten, seit langem angestrebt, abe</Unicode>
                </TextEquiv>
            </TextLine>
            <TextLine id="tr_1_tl_87" custom="readingOrder {index:86;}">
                <Coords points="2097,2121 3279,2140 3275,2101 3169,2085 2097,2078"/>
                <Baseline points="2119,2104 2177,2108 2236,2110 2294,2113 2353,2113 2411,2115 2470,2119 2528,2116 2587,2119 2645,2119 2704,2122 2763,2122 2821,2122 2880,2122 2938,2125 2997,2127 3055,2125 3114,2128 3172,2128 3231,2128 3290,2131"/>
                <TextEquiv>
                    <Unicode>werden durch das Enkelzwillingspärchen unter liebenswürdiger</Unicode>
                </TextEquiv>
            </TextLine>
            <TextLine id="tr_1_tl_88" custom="readingOrder {index:87;}">
                <Coords points="888,2132 2078,2140 2078,2089 888,2078"/>
                <Baseline points="910,2116 972,2119 1034,2119 1096,2119 1158,2119 1220,2125 1282,2124 1344,2124 1406,2125 1468,2125 1530,2125 1592,2126 1654,2126 1716,2128 1778,2128 1840,2128 1902,2128 1964,2131 2026,2131 2089,2128"/>
                <TextEquiv>
                    <Unicode>Blick über hügelige Landschaft, man könnte wähnen, in</Unicode>
                </TextEquiv>
            </TextLine>
            <TextLine id="tr_1_tl_89" custom="readingOrder {index:88;}">
                <Coords points="149,2164 869,2164 869,2124 149,2124"/>
                <Baseline points="170,2155 205,2155 240,2155 275,2155 310,2155 346,2158 381,2158 416,2156 451,2155 486,2155 522,2155 557,2155 592,2156 627,2158 662,2158 698,2156 733,2157 768,2157 803,2155 838,2155 874,2155"/>
                <TextEquiv>
                    <Unicode>erzeugen, gebildet ausgedrückt, zwi¬</Unicode>
                </TextEquiv>
            </TextLine>
            <TextLine id="tr_1_tl_90" custom="readingOrder {index:89;}">
                <Coords points="2105,2164 3279,2179 3279,2140 2105,2117"/>
                <Baseline points="2128,2149 2186,2149 2244,2151 2302,2152 2360,2152 2418,2153 2476,2155 2534,2155 2592,2158 2650,2160 2709,2161 2767,2161 2825,2163 2883,2164 2941,2164 2999,2165 3057,2167 3115,2167 3173,2168 3231,2170 3290,2170"/>
                <TextEquiv>
                    <Unicode>Assistenz von Pfarrer und Rabbiner mit ihren Kindern wieder</Unicode>
                </TextEquiv>
            </TextLine>
            <TextLine id="tr_1_tl_91" custom="readingOrder {index:90;}">
                <Coords points="892,2168 3279,2218 3279,2179 2038,2128 892,2128"/>
                <Baseline points="913,2158 1031,2164 1150,2165 1269,2167 1387,2170 1506,2170 1625,2173 1743,2173 1862,2176 1981,2176 2100,2180 2218,2192 2337,2194 2456,2197 2574,2200 2693,2202 2812,2203 2930,2206 3049,2208 3168,2212 3287,2212"/>
                <TextEquiv>
                    <Unicode>den Harz versetzt zu sein. Die Luft ist klar, wie in den zusammengeführt. Schließlich gemeinsames Chanukah-</Unicode>
                </TextEquiv>
            </TextLine>
            <TextLine id="tr_1_tl_92" custom="readingOrder {index:91;}">
                <Coords points="149,2203 3279,2258 3279,2218 3197,2214 149,2164"/>
                <Baseline points="170,2197 325,2195 481,2197 637,2197 793,2197 949,2206 1105,2210 1260,2212 1416,2215 1572,2215 1728,2218 1884,2218 2040,2221 2196,2230 2351,2233 2507,2238 2663,2242 2819,2242 2975,2245 3131,2247 3287,2248"/>
                <TextEquiv>
                    <Unicode>Die und romanischem Melos, populär Bergen. Von der wunderschönen Villa des Dichters im unterm Weihnachtsbaum (oder zumindest so etwas</Unicode>
                </TextEquiv>
            </TextLine>
            <TextLine id="tr_1_tl_93" custom="readingOrder {index:92;}">
                <Coords points="145,2246 857,2242 857,2207 728,2195 145,2207"/>
                <Baseline points="167,2236 202,2236 237,2236 272,2236 307,2236 342,2237 377,2239 412,2239 447,2237 482,2236 517,2236 552,2236 587,2238 622,2239 657,2239 692,2239 727,2236 762,2238 797,2238 832,2235 868,2233"/>
                <TextEquiv>
                    <Unicode>hard Strauß und Puccini, bei selbst</Unicode>
                </TextEquiv>
            </TextLine>
            <TextLine id="tr_1_tl_94" custom="readingOrder {index:93;}">
                <Coords points="892,2261 1667,2269 1823,2312 2089,2265 3279,2301 3279,2261 3091,2246 892,2214"/>
                <Baseline points="913,2251 1031,2254 1150,2255 1269,2257 1387,2260 1506,2262 1625,2262 1743,2265 1862,2265 1981,2265 2100,2265 2218,2271 2337,2271 2456,2274 2574,2280 2693,2280 2812,2282 2930,2283 3049,2286 3168,2289 3287,2286"/>
                <TextEquiv>
                    <Unicode>Währinger Cottage, mitten im Park, aus, sieht das unbe¬ Aehnliches). Diese Schmarrn ist größtmöglicher Kitsch, fern</Unicode>
                </TextEquiv>
            </TextLine>
            <TextLine id="tr_1_tl_95" custom="readingOrder {index:94;}">
                <Coords points="141,2293 861,2289 861,2246 747,2234 141,2246"/>
                <Baseline points="161,2277 196,2277 232,2277 267,2277 303,2277 338,2277 374,2277 409,2277 445,2277 480,2276 516,2274 551,2277 587,2277 622,2277 658,2277 693,2277 729,2277 764,2277 800,2277 835,2276 871,2274"/>
                <TextEquiv>
                    <Unicode>zender, subtilster Beherrschung de</Unicode>
                </TextEquiv>
            </TextLine>
            <TextLine id="tr_1_tl_96" custom="readingOrder {index:95;}">
                <Coords points="888,2328 986,2308 1592,2324 1592,2269 1569,2265 888,2265"/>
                <Baseline points="910,2298 944,2298 979,2300 1013,2302 1048,2304 1083,2304 1117,2304 1152,2304 1187,2305 1221,2307 1256,2307 1291,2307 1325,2307 1360,2307 1395,2307 1429,2309 1464,2310 1499,2310 1533,2310 1568,2310 1603,2310"/>
                <TextEquiv>
                    <Unicode>wehrte Auge bis zum Semmering.</Unicode>
                </TextEquiv>
            </TextLine>
            <TextLine id="tr_1_tl_97" custom="readingOrder {index:96;}">
                <Coords points="153,2324 865,2328 865,2289 814,2281 153,2289"/>
                <Baseline points="173,2316 208,2318 243,2319 278,2319 313,2319 348,2319 383,2319 418,2318 453,2317 488,2319 523,2319 558,2317 593,2316 628,2317 663,2319 698,2319 733,2319 768,2319 803,2319 838,2316 874,2316"/>
                <TextEquiv>
                    <Unicode>Inspiration, die nicht an Gefühlsschen</Unicode>
                </TextEquiv>
            </TextLine>
            <TextLine id="tr_1_tl_98" custom="readingOrder {index:97;}">
                <Coords points="2097,2320 3275,2336 3275,2297 3197,2293 2097,2277"/>
                <Baseline points="2119,2304 2177,2307 2235,2309 2293,2313 2352,2313 2410,2313 2468,2315 2526,2316 2585,2316 2643,2318 2701,2319 2759,2320 2818,2320 2876,2322 2934,2322 2992,2322 3051,2324 3109,2325 3167,2329 3225,2329 3284,2328"/>
                <TextEquiv>
                    <Unicode>von Geschmack. Aber wie man sieht, wirkt er nicht nur auf</Unicode>
                </TextEquiv>
            </TextLine>
            <TextLine id="tr_1_tl_99" custom="readingOrder {index:98;}">
                <Coords points="970,2367 2070,2371 2070,2277 1874,2328 1792,2289 1573,2328 970,2308"/>
                <Baseline points="991,2346 1045,2347 1099,2349 1154,2349 1208,2352 1263,2352 1317,2352 1372,2354 1426,2353 1481,2355 1535,2355 1589,2355 1644,2355 1698,2357 1753,2358 1807,2358 1862,2358 1916,2358 1971,2361 2025,2361 2080,2361"/>
                <TextEquiv>
                    <Unicode>In diesen Zeitläuften hat Arthur Schnitzler Sinn un¬</Unicode>
                </TextEquiv>
            </TextLine>
            <TextLine id="tr_1_tl_100" custom="readingOrder {index:99;}">
                <Coords points="149,2363 282,2367 301,2387 344,2363 861,2367 861,2332 814,2324 149,2328"/>
                <Baseline points="170,2361 205,2358 240,2358 275,2360 310,2361 345,2361 380,2361 415,2361 450,2359 485,2358 520,2358 555,2358 590,2358 625,2358 660,2359 695,2361 730,2358 765,2358 800,2358 835,2358 871,2358"/>
                <TextEquiv>
                    <Unicode>z starke, persönlich zwingende Not¬</Unicode>
                </TextEquiv>
            </TextLine>
            <TextLine id="tr_1_tl_101" custom="readingOrder {index:100;}">
                <Coords points="2093,2359 3283,2379 3283,2340 3220,2332 2093,2320"/>
                <Baseline points="2113,2346 2171,2349 2230,2351 2289,2352 2348,2352 2407,2354 2466,2355 2524,2358 2583,2358 2642,2358 2701,2361 2760,2361 2819,2361 2878,2361 2936,2362 2995,2364 3054,2364 3113,2367 3172,2367 3231,2370 3290,2370"/>
                <TextEquiv>
                    <Unicode>amerikanische Gemüter, denn auch in Wien wird er zwar nicht</Unicode>
                </TextEquiv>
            </TextLine>
            <TextLine id="tr_1_tl_102" custom="readingOrder {index:101;}">
                <Coords points="2097,2394 3279,2418 3279,2379 3189,2371 2097,2359"/>
                <Baseline points="2119,2385 2177,2389 2235,2391 2294,2391 2352,2394 2411,2394 2469,2396 2527,2394 2586,2398 2644,2400 2703,2400 2761,2402 2819,2400 2878,2400 2936,2403 2995,2403 3053,2406 3111,2406 3170,2406 3228,2408 3287,2412"/>
                <TextEquiv>
                    <Unicode>von mehreren Truppen seit Jahren, jedoch bereits über 100 mal</Unicode>
                </TextEquiv>
            </TextLine>
            <TextLine id="tr_1_tl_103" custom="readingOrder {index:102;}">
                <Coords points="145,2406 2078,2414 2078,2371 1663,2351 145,2371"/>
                <Baseline points="167,2400 262,2400 358,2400 454,2400 550,2400 646,2400 741,2400 837,2397 933,2391 1029,2394 1125,2394 1220,2397 1316,2397 1412,2400 1508,2400 1604,2402 1699,2403 1795,2403 1891,2405 1987,2406 2083,2406"/>
                <TextEquiv>
                    <Unicode>Eigene, das Kriterium des Genies ist Bild des Dichters zu wahren gewußt, wie kaum ein an¬</Unicode>
                </TextEquiv>
            </TextLine>
            <TextLine id="tr_1_tl_104" custom="readingOrder {index:103;}">
                <Coords points="2097,2437 3279,2461 3279,2422 3130,2406 2097,2402"/>
                <Baseline points="2119,2430 2177,2431 2235,2431 2294,2433 2352,2433 2411,2435 2469,2436 2527,2439 2586,2439 2644,2439 2703,2439 2761,2443 2819,2443 2878,2442 2936,2443 2995,2445 3053,2448 3111,2448 3170,2448 3228,2448 3287,2448"/>
                <TextEquiv>
                    <Unicode>gespiet, und die versöhnliche Tendenz, allerdings in kunstlosester</Unicode>
                </TextEquiv>
            </TextLine>
            <TextLine id="tr_1_tl_105" custom="readingOrder {index:104;}">
                <Coords points="141,2473 2074,2461 2074,2414 2003,2410 141,2406"/>
                <Baseline points="164,2442 259,2442 355,2442 451,2442 547,2442 643,2442 738,2442 834,2442 930,2438 1026,2439 1122,2439 1217,2442 1313,2442 1409,2445 1505,2446 1601,2446 1696,2446 1792,2451 1888,2451 1984,2451 2080,2451"/>
                <TextEquiv>
                    <Unicode>in Zusammenhang herausgerissen, als derer. Der herrliche Kopf, aus dem im Gespräch ein</Unicode>
                </TextEquiv>
            </TextLine>
            <TextLine id="tr_1_tl_106" custom="readingOrder {index:105;}">
                <Coords points="2101,2477 3279,2496 3279,2461 3189,2449 2101,2437"/>
                <Baseline points="2122,2468 2180,2469 2238,2471 2296,2471 2355,2474 2413,2475 2471,2477 2529,2477 2588,2477 2646,2479 2704,2480 2762,2481 2821,2483 2879,2483 2937,2483 2995,2483 3054,2483 3112,2486 3170,2487 3228,2489 3287,2486"/>
                <TextEquiv>
                    <Unicode>Form, ist immerhin nicht unsympathisch und scheint der jüdisch¬</Unicode>
                </TextEquiv>
            </TextLine>
            <TextLine id="tr_1_tl_107" custom="readingOrder {index:106;}">
                <Coords points="884,2488 3275,2543 3271,2496 3130,2488 884,2445"/>
                <Baseline points="904,2480 1023,2483 1142,2486 1261,2486 1380,2489 1499,2489 1618,2489 1737,2492 1856,2494 1975,2495 2094,2500 2213,2511 2332,2513 2451,2513 2570,2517 2689,2519 2808,2520 2927,2523 3046,2524 3165,2528 3284,2528"/>
                <TextEquiv>
                    <Unicode>blaues Augenpaar das Gegenüber durchleuchtet, wie die katholischen Wiener Bevölkerung sehr zu behagen. Die Auf¬</Unicode>
                </TextEquiv>
            </TextLine>
            <TextLine id="tr_1_tl_108" custom="readingOrder {index:107;}">
                <Coords points="141,2531 861,2527 861,2481 822,2469 466,2488 403,2461 329,2484 141,2461"/>
                <Baseline points="161,2516 196,2518 232,2519 267,2520 303,2522 338,2522 374,2520 409,2521 445,2521 480,2519 516,2519 551,2519 587,2521 622,2521 658,2519 693,2519 729,2519 764,2519 800,2519 835,2519 871,2522"/>
                <TextEquiv>
                    <Unicode>eiter analysiert werden, worin diese</Unicode>
                </TextEquiv>
            </TextLine>
            <TextLine id="tr_1_tl_109" custom="readingOrder {index:108;}">
                <Coords points="884,2539 3275,2578 3275,2539 3197,2527 884,2492"/>
                <Baseline points="907,2525 1025,2528 1144,2532 1263,2534 1382,2533 1501,2535 1620,2537 1738,2537 1857,2540 1976,2543 2095,2544 2214,2552 2333,2555 2452,2555 2570,2558 2689,2558 2808,2559 2927,2561 3046,2564 3165,2569 3284,2567"/>
                <TextEquiv>
                    <Unicode>Sonnenstrahlen in zwei Fjorden wiederstrahlen, erschiene führung bringt ein Reinhardt-Ensemble-Gastspiel im Johann</Unicode>
                </TextEquiv>
            </TextLine>
            <TextLine id="tr_1_tl_110" custom="readingOrder {index:109;}">
                <Coords points="141,2571 861,2571 861,2527 767,2520 141,2531"/>
                <Baseline points="161,2558 196,2558 232,2558 267,2559 303,2561 338,2561 374,2561 409,2559 445,2558 480,2558 516,2561 551,2559 587,2560 622,2561 658,2561 693,2561 729,2561 764,2561 800,2561 835,2561 871,2564"/>
                <TextEquiv>
                    <Unicode>aber es scheint mir doch notwendi¬</Unicode>
                </TextEquiv>
            </TextLine>
            <TextLine id="tr_1_tl_111" custom="readingOrder {index:110;}">
                <Coords points="884,2586 2066,2606 2066,2555 1894,2543 884,2539"/>
                <Baseline points="904,2573 962,2576 1021,2578 1079,2579 1138,2579 1197,2579 1255,2582 1314,2579 1373,2582 1431,2582 1490,2585 1549,2585 1607,2587 1666,2588 1725,2588 1783,2588 1842,2588 1901,2591 1959,2589 2018,2591 2077,2588"/>
                <TextEquiv>
                    <Unicode>verehrungswürdig, selbst wenn man nichts wüßte, we</Unicode>
                </TextEquiv>
            </TextLine>
            <TextLine id="tr_1_tl_112" custom="readingOrder {index:111;}">
                <Coords points="2093,2602 3283,2617 3283,2578 3138,2567 2093,2559"/>
                <Baseline points="2116,2588 2174,2591 2233,2591 2292,2594 2350,2594 2409,2594 2468,2594 2526,2597 2585,2598 2644,2600 2703,2600 2761,2600 2820,2602 2879,2603 2937,2603 2996,2605 3055,2606 3113,2606 3172,2608 3231,2609 3290,2606"/>
                <TextEquiv>
                    <Unicode>Strauß-Theater. Sie steht und fällt mit dem unaussprechlich hin¬</Unicode>
                </TextEquiv>
            </TextLine>
            <TextLine id="tr_1_tl_113" custom="readingOrder {index:112;}">
                <Coords points="164,2610 865,2614 865,2574 759,2567 164,2571"/>
                <Baseline points="185,2600 219,2600 253,2598 288,2598 322,2600 357,2600 391,2600 426,2600 460,2600 495,2600 529,2600 563,2600 598,2600 632,2600 667,2600 701,2600 736,2600 770,2600 805,2600 839,2602 874,2600"/>
                <TextEquiv>
                    <Unicode>hier orientalisch glutende Substanz</Unicode>
                </TextEquiv>
            </TextLine>
            <TextLine id="tr_1_tl_114" custom="readingOrder {index:113;}">
                <Coords points="133,2649 904,2672 1025,2629 1291,2645 1326,2590 133,2614"/>
                <Baseline points="155,2639 217,2642 279,2640 341,2642 403,2642 465,2642 527,2639 589,2639 651,2642 713,2639 775,2639 837,2641 899,2626 961,2624 1023,2624 1085,2627 1147,2627 1209,2627 1271,2627 1334,2627"/>
                <TextEquiv>
                    <Unicode>scheint, Korngold's Bestes, das leider Arthur Schnitzler ist</Unicode>
                </TextEquiv>
            </TextLine>
            <TextLine id="tr_1_tl_115" custom="readingOrder {index:114;}">
                <Coords points="2093,2637 3283,2657 3283,2617 2093,2602"/>
                <Baseline points="2113,2630 2171,2631 2230,2633 2289,2633 2347,2634 2406,2636 2465,2636 2523,2636 2582,2639 2641,2637 2700,2639 2758,2639 2817,2639 2876,2642 2934,2643 2993,2645 3052,2645 3110,2645 3169,2647 3228,2648 3287,2648"/>
                <TextEquiv>
                    <Unicode>reißenden, weiblichen Komiker Gisela Werbezirk. Was hier au</Unicode>
                </TextEquiv>
            </TextLine>
            <TextLine id="tr_1_tl_116" custom="readingOrder {index:115;}">
                <Coords points="962,2676 2066,2696 2042,2602 1941,2641 1827,2598 1725,2641 1498,2602 1319,2645 962,2637"/>
                <Baseline points="985,2669 1039,2670 1093,2672 1148,2672 1202,2674 1257,2674 1311,2674 1366,2674 1420,2674 1475,2677 1529,2677 1583,2678 1638,2680 1692,2680 1747,2680 1801,2680 1856,2681 1910,2683 1965,2686 2019,2683 2074,2683"/>
                <TextEquiv>
                    <Unicode>Ob man von der oberschlesischen Heimat erzählt oder</Unicode>
                </TextEquiv>
            </TextLine>
            <TextLine id="tr_1_tl_117" custom="readingOrder {index:116;}">
                <Coords points="2097,2676 3275,2696 3275,2657 3228,2649 2097,2637"/>
                <Baseline points="2119,2666 2177,2672 2235,2672 2293,2674 2352,2674 2410,2674 2468,2674 2526,2677 2585,2677 2643,2677 2701,2677 2759,2680 2818,2678 2876,2680 2934,2681 2992,2683 3051,2683 3109,2683 3167,2686 3225,2686 3284,2683"/>
                <TextEquiv>
                    <Unicode>Pallenblech gewalt wird, das hat Goldwert. Ich muß noch laut</Unicode>
                </TextEquiv>
            </TextLine>
            <TextLine id="tr_1_tl_118" custom="readingOrder {index:117;}">
                <Coords points="137,2696 857,2692 857,2653 755,2645 137,2653"/>
                <Baseline points="158,2677 193,2679 229,2680 264,2681 300,2682 335,2680 371,2682 406,2683 442,2682 477,2680 513,2680 548,2680 584,2680 619,2680 655,2680 690,2680 726,2680 761,2680 797,2680 832,2680 868,2680"/>
                <TextEquiv>
                    <Unicode>erdrängt wurde, wie wir sehen werden</Unicode>
                </TextEquiv>
            </TextLine>
            <TextLine id="tr_1_tl_119" custom="readingOrder {index:118;}">
                <Coords points="2093,2719 3271,2739 3271,2696 3200,2692 2093,2676"/>
                <Baseline points="2113,2707 2171,2710 2229,2710 2288,2710 2346,2713 2405,2713 2463,2715 2521,2716 2580,2716 2638,2716 2697,2716 2755,2717 2813,2719 2872,2719 2930,2720 2989,2722 3047,2725 3105,2725 3164,2725 3222,2727 3281,2728"/>
                <TextEquiv>
                    <Unicode>lachen, wenn ich mich an den Werbezirkus erinnere. Herrlich</Unicode>
                </TextEquiv>
            </TextLine>
            <TextLine id="tr_1_tl_120" custom="readingOrder {index:119;}">
                <Coords points="145,2731 1948,2727 3122,2786 3271,2778 3271,2735 923,2660 782,2696 141,2692"/>
                <Baseline points="167,2722 322,2722 478,2721 634,2722 789,2722 945,2713 1101,2716 1256,2716 1412,2720 1568,2725 1724,2726 1879,2728 2035,2727 2191,2749 2346,2753 2502,2753 2658,2756 2813,2760 2969,2762 3125,2766 3281,2767"/>
                <TextEquiv>
                    <Unicode>dem „Wunder der Heline" entgegen der Dichter sich im Anschluß an die Lektüre der Tage wirkt der katholische Pfarrer Hugo Thimigs, mit sparsamsten</Unicode>
                </TextEquiv>
            </TextLine>
            <TextLine id="tr_1_tl_121" custom="readingOrder {index:120;}">
                <Coords points="141,2774 861,2782 861,2727 141,2735"/>
                <Baseline points="161,2761 196,2761 231,2761 266,2762 301,2764 337,2764 372,2764 407,2762 442,2761 477,2761 513,2761 548,2763 583,2763 618,2762 653,2764 689,2764 724,2764 759,2764 794,2764 829,2764 865,2761"/>
                <TextEquiv>
                    <Unicode>noch ein luftig beschwingtes Streich¬</Unicode>
                </TextEquiv>
            </TextLine>
            <TextLine id="tr_1_tl_122" custom="readingOrder {index:121;}">
                <Coords points="880,2770 2015,2794 2070,2782 2070,2739 876,2719"/>
                <Baseline points="901,2755 963,2759 1025,2759 1087,2761 1149,2761 1211,2761 1273,2764 1335,2764 1397,2767 1459,2767 1521,2767 1583,2768 1645,2770 1707,2773 1769,2772 1831,2772 1893,2773 1955,2773 2017,2776 2080,2776"/>
                <TextEquiv>
                    <Unicode>bücher Theodor Herzl's erinnert, Persönliches mitteilt, und</Unicode>
                </TextEquiv>
            </TextLine>
            <TextLine id="tr_1_tl_123" custom="readingOrder {index:122;}">
                <Coords points="2093,2801 3275,2817 3275,2778 3220,2770 2093,2754"/>
                <Baseline points="2113,2788 2171,2789 2230,2791 2288,2791 2347,2794 2405,2794 2464,2794 2522,2794 2581,2797 2639,2797 2698,2797 2757,2798 2815,2800 2874,2800 2932,2801 2991,2803 3049,2803 3108,2806 3166,2808 3225,2809 3284,2806"/>
                <TextEquiv>
                    <Unicode>Mitteln so gütig gezeichnet, daß man ihm die Hand drücken</Unicode>
                </TextEquiv>
            </TextLine>
            <TextLine id="tr_1_tl_124" custom="readingOrder {index:123;}">
                <Coords points="133,2821 579,2813 579,2774 227,2766 196,2778 133,2766"/>
                <Baseline points="155,2803 180,2803 205,2803 230,2803 256,2803 281,2803 306,2803 332,2803 357,2803 382,2803 407,2803 433,2803 458,2803 483,2803 509,2803 534,2803 559,2803 585,2803"/>
                <TextEquiv>
                    <Unicode>m Shakespeare-Motto:</Unicode>
                </TextEquiv>
            </TextLine>
            <TextLine id="tr_1_tl_125" custom="readingOrder {index:124;}">
                <Coords points="872,2821 2066,2825 2066,2782 872,2774"/>
                <Baseline points="895,2800 957,2803 1019,2805 1081,2803 1143,2808 1205,2809 1267,2810 1329,2812 1391,2809 1453,2813 1515,2812 1577,2812 1639,2814 1701,2818 1763,2818 1825,2818 1887,2818 1949,2821 2011,2818 2074,2821"/>
                <TextEquiv>
                    <Unicode>wie stets bedeutsam urteilt, ob er die Bewunderung für</Unicode>
                </TextEquiv>
            </TextLine>
            <TextLine id="tr_1_tl_126" custom="readingOrder {index:125;}">
                <Coords points="2093,2837 3267,2852 3267,2817 3200,2805 2093,2801"/>
                <Baseline points="2113,2827 2171,2830 2229,2830 2287,2833 2346,2833 2404,2833 2462,2833 2520,2836 2579,2834 2637,2836 2695,2836 2753,2837 2812,2837 2870,2839 2928,2840 2986,2842 3045,2844 3103,2845 3161,2846 3219,2848 3278,2845"/>
                <TextEquiv>
                    <Unicode>möchte. Schwächer der Rabbiner des sonst prachtvollen Egon</Unicode>
                </TextEquiv>
            </TextLine>
            <TextLine id="tr_1_tl_127" custom="readingOrder {index:126;}">
                <Coords points="129,2864 188,2872 254,2856 290,2876 321,2860 450,2856 501,2880 563,2872 563,2817 540,2813 446,2809 383,2825 168,2813 129,2825"/>
                <Baseline points="149,2854 175,2854 202,2853 228,2852 255,2852 281,2854 308,2852 334,2851 361,2853 387,2854 414,2854 440,2854 467,2854 493,2854 520,2855 546,2857 573,2857"/>
                <TextEquiv>
                    <Unicode>lein singen tiri-lirilei,</Unicode>
                </TextEquiv>
            </TextLine>
            <TextLine id="tr_1_tl_128" custom="readingOrder {index:127;}">
                <Coords points="869,2860 2066,2880 2034,2825 869,2821"/>
                <Baseline points="889,2845 948,2848 1007,2850 1066,2851 1126,2853 1185,2853 1244,2854 1303,2856 1363,2856 1422,2860 1481,2859 1540,2859 1600,2857 1659,2861 1718,2863 1777,2863 1837,2863 1896,2866 1955,2866 2014,2866 2074,2866"/>
                <TextEquiv>
                    <Unicode>sein neuestes Werk, das man vor wenigen Tagen dank</Unicode>
                </TextEquiv>
            </TextLine>
            <TextLine id="tr_1_tl_129" custom="readingOrder {index:128;}">
                <Coords points="2089,2880 3267,2895 3267,2856 3173,2840 2089,2837"/>
                <Baseline points="2110,2869 2168,2869 2226,2871 2285,2872 2343,2872 2402,2872 2460,2872 2518,2872 2577,2874 2635,2874 2694,2875 2752,2876 2810,2878 2869,2878 2927,2880 2986,2880 3044,2883 3102,2880 3161,2883 3219,2885 3278,2883"/>
                <TextEquiv>
                    <Unicode>Friedell, begründet in der etwas farblosen Rolle. Köstlich</Unicode>
                </TextEquiv>
            </TextLine>
            <TextLine id="tr_1_tl_130" custom="readingOrder {index:129;}">
                <Coords points="137,2911 180,2899 200,2911 262,2911 297,2899 364,2915 399,2907 430,2923 450,2903 489,2895 489,2860 450,2856 387,2868 282,2868 246,2852 231,2864 137,2864"/>
                <Baseline points="158,2892 184,2892 210,2892 236,2892 262,2892 288,2892 314,2892 341,2892 367,2892 393,2892 419,2892 445,2892 471,2892 498,2895"/>
                <TextEquiv>
                    <Unicode>je liebt den Mai.</Unicode>
                </TextEquiv>
            </TextLine>
            <TextLine id="tr_1_tl_131" custom="readingOrder {index:130;}">
                <Coords points="876,2907 3271,2930 3271,2895 3110,2880 876,2856"/>
                <Baseline points="898,2895 1017,2895 1136,2898 1255,2898 1374,2901 1493,2904 1612,2904 1732,2907 1851,2907 1970,2910 2089,2907 2208,2910 2327,2910 2446,2910 2566,2916 2685,2915 2804,2916 2923,2919 3042,2921 3161,2925 3281,2925"/>
                <TextEquiv>
                    <Unicode>bar empfing, das weise „Buch der Sprüche und Be- typisch Gisela Werbezirks (Frau Isak Cohens) schlechtere</Unicode>
                </TextEquiv>
            </TextLine>
            <TextLine id="tr_1_tl_132" custom="readingOrder {index:131;}">
                <Coords points="129,2958 3267,2974 3267,2930 3060,2923 1119,2915 685,2876 129,2911"/>
                <Baseline points="149,2940 305,2941 461,2940 618,2943 774,2943 931,2939 1087,2942 1244,2945 1400,2946 1557,2948 1713,2949 1869,2952 2026,2955 2182,2949 2339,2949 2495,2952 2652,2955 2808,2957 2965,2961 3121,2964 3278,2964"/>
                <TextEquiv>
                    <Unicode>Schwingend im Klang, und dann sind denken wahrhaft rührend bescheiden, wie es nur das Hälfte, von der die liebevolle Gattin allerdings behauptet, sie</Unicode>
                </TextEquiv>
            </TextLine>
            <TextLine id="tr_1_tl_133" custom="readingOrder {index:132;}">
                <Coords points="133,2997 2066,3005 2066,2966 1995,2954 133,2954"/>
                <Baseline points="155,2982 256,2985 357,2982 458,2982 559,2982 660,2982 761,2982 862,2979 963,2985 1064,2988 1165,2988 1266,2991 1367,2991 1468,2993 1569,2994 1670,2994 1771,2998 1872,2997 1973,3000 2074,3000"/>
                <TextEquiv>
                    <Unicode>dien zum „Wunder der Heliane“, 3 Ge- Genie sein kann, fast schüchtern abwehrt, wie er sprühen</Unicode>
                </TextEquiv>
            </TextLine>
            <TextLine id="tr_1_tl_134" custom="readingOrder {index:133;}">
                <Coords points="2085,2997 3279,3013 3275,2977 3212,2970 2085,2958"/>
                <Baseline points="2107,2982 2165,2986 2224,2988 2283,2988 2341,2990 2400,2988 2459,2991 2517,2991 2576,2992 2635,2994 2694,2997 2752,2997 2811,2999 2870,2997 2928,3000 2987,3000 3046,3000 3104,3003 3163,3003 3222,3003 3281,3003"/>
                <TextEquiv>
                    <Unicode>sei nur so angezogen wie ein Mann. Schließlich muß sie es ja</Unicode>
                </TextEquiv>
            </TextLine>
            <TextLine id="tr_1_tl_135" custom="readingOrder {index:134;}">
                <Coords points="2089,3036 3271,3056 3271,3009 3224,3005 2089,2997"/>
                <Baseline points="2110,3021 2168,3025 2227,3027 2285,3030 2344,3030 2402,3030 2461,3030 2519,3033 2578,3033 2636,3035 2695,3036 2754,3036 2812,3036 2871,3036 2929,3039 2988,3039 3046,3042 3105,3042 3163,3042 3222,3044 3281,3045"/>
                <TextEquiv>
                    <Unicode>wissen, aber diese halbe Portion von Viktor Franz ist auch</Unicode>
                </TextEquiv>
            </TextLine>
            <TextLine id="tr_1_tl_136" custom="readingOrder {index:135;}">
                <Coords points="149,3036 3271,3095 3267,3056 3169,3040 2195,3040 2031,3001 149,2989"/>
                <Baseline points="170,3021 325,3024 481,3021 636,3024 792,3021 947,3030 1103,3035 1258,3036 1414,3038 1569,3039 1725,3042 1881,3045 2036,3045 2192,3066 2347,3069 2503,3072 2658,3075 2814,3075 2969,3079 3125,3081 3281,3084"/>
                <TextEquiv>
                    <Unicode>Hans Kaltneker. Sie schienen bereits und in jugendlichem Feuer über James Joyce, die rührend vertrottelt. Springlebendig, nicht totzukriegen, Salomon</Unicode>
                </TextEquiv>
            </TextLine>
            <TextLine id="tr_1_tl_137" custom="readingOrder {index:136;}">
                <Coords points="129,3071 3267,3130 3208,3087 2187,3079 1988,3040 129,3024"/>
                <Baseline points="152,3063 308,3064 464,3066 620,3066 776,3063 932,3078 1088,3078 1245,3081 1401,3084 1557,3084 1713,3086 1869,3086 2025,3090 2181,3104 2338,3109 2494,3110 2650,3116 2806,3116 2962,3119 3118,3122 3275,3125"/>
                <TextEquiv>
                    <Unicode>Korngold hinzuweisen, bei dem das Dinge des Theaters handelt und auf Bitten von eigenen Levy von Ludwig Stärk, der gleichzeitig vorzüglich Regie führt,</Unicode>
                </TextEquiv>
            </TextLine>
            <TextLine id="tr_1_tl_138" custom="readingOrder {index:137;}">
                <Coords points="129,3107 164,3118 184,3110 243,3122 250,3114 262,3126 286,3110 348,3118 356,3110 368,3118 426,3110 426,3075 336,3067 329,3075 258,3075 250,3067 235,3079 129,3075"/>
                <Baseline points="152,3104 178,3104 204,3104 230,3104 256,3104 282,3102 308,3101 334,3101 360,3101 386,3101 412,3101 438,3101"/>
                <TextEquiv>
                    <Unicode>che überwiegt.</Unicode>
                </TextEquiv>
            </TextLine>
            <TextLine id="tr_1_tl_139" custom="readingOrder {index:138;}">
                <Coords points="872,3134 2966,3181 3263,3173 3263,3126 869,3083"/>
                <Baseline points="895,3119 1013,3120 1132,3123 1251,3125 1370,3126 1489,3129 1608,3131 1726,3133 1845,3132 1964,3137 2083,3136 2202,3147 2321,3149 2440,3149 2558,3152 2677,3153 2796,3155 2915,3155 3034,3158 3153,3161 3272,3161"/>
                <TextEquiv>
                    <Unicode>Plänen berichtet, wie er teil hat an allem, was uns be- und voll cholerischer Vitalität Wilhelm Diegelmann's Patrick</Unicode>
                </TextEquiv>
            </TextLine>
            <TextLine id="tr_1_tl_140" custom="readingOrder {index:139;}">
                <Coords points="133,3157 845,3153 845,3083 728,3118 642,3083 563,3118 462,3087 426,3114 133,3114"/>
                <Baseline points="155,3143 190,3143 225,3146 260,3144 295,3143 330,3142 365,3140 400,3142 435,3143 470,3143 505,3143 540,3143 575,3143 610,3143 645,3143 680,3143 715,3143 750,3143 785,3143 820,3142 856,3140"/>
                <TextEquiv>
                    <Unicode>der der Hellane schrieb Han</Unicode>
                </TextEquiv>
            </TextLine>
            <TextLine id="tr_1_tl_141" custom="readingOrder {index:140;}">
                <Coords points="876,3177 3263,3212 3259,3153 876,3134"/>
                <Baseline points="898,3167 1016,3169 1135,3170 1253,3173 1372,3173 1490,3175 1609,3176 1727,3176 1846,3179 1964,3181 2083,3181 2202,3185 2320,3188 2439,3191 2557,3191 2676,3194 2794,3194 2913,3197 3031,3200 3150,3200 3269,3200"/>
                <TextEquiv>
                    <Unicode>wegt, das ist menschlich so groß und erschütternd, daß es Abel, sehr sympathisch die jungen Leute, Lutz Altschul's Samy</Unicode>
                </TextEquiv>
            </TextLine>
            <TextLine id="tr_1_tl_142" custom="readingOrder {index:141;}">
                <Coords points="129,3189 853,3189 853,3153 779,3146 129,3161"/>
                <Baseline points="149,3185 184,3185 220,3185 255,3185 291,3185 327,3185 362,3185 398,3183 434,3181 469,3180 505,3182 541,3184 576,3185 612,3185 648,3185 683,3185 719,3185 755,3185 790,3184 826,3182 862,3182"/>
                <TextEquiv>
                    <Unicode>der „Violanta“ — übrigens hat Korn¬</Unicode>
                </TextEquiv>
            </TextLine>
            <TextLine id="tr_1_tl_143" custom="readingOrder {index:142;}">
                <Coords points="141,3228 3267,3251 3240,3208 2527,3189 141,3200"/>
                <Baseline points="161,3224 316,3226 472,3224 628,3224 783,3224 939,3212 1095,3214 1250,3215 1406,3218 1562,3221 1718,3218 1873,3224 2029,3225 2185,3227 2340,3228 2496,3227 2652,3233 2807,3234 2963,3236 3119,3241 3275,3242"/>
                <TextEquiv>
                    <Unicode>zu Müllers Schauspiel „Vampyr ein mir als inferior erschiene, ein Interview daraus zu und Irmgard Richter's Rose Christine. Auch an diesen Abend</Unicode>
                </TextEquiv>
            </TextLine>
            <TextLine id="tr_1_tl_144" custom="readingOrder {index:143;}">
                <Coords points="129,3279 865,3267 916,3294 1088,3267 1064,3212 129,3236"/>
                <Baseline points="149,3266 196,3266 243,3266 291,3265 338,3264 386,3266 433,3265 481,3263 528,3263 576,3263 623,3263 670,3263 718,3265 765,3264 813,3263 860,3260 908,3253 955,3257 1003,3257 1050,3257 1098,3257"/>
                <TextEquiv>
                    <Unicode>teuert — nach einem Mysterium aus schleimen.</Unicode>
                </TextEquiv>
            </TextLine>
            <TextLine id="tr_1_tl_145" custom="readingOrder {index:144;}">
                <Coords points="2085,3271 3040,3306 3275,3294 3275,3251 2081,3236"/>
                <Baseline points="2107,3260 2165,3264 2224,3268 2283,3269 2342,3269 2401,3269 2460,3269 2518,3272 2577,3272 2636,3274 2695,3275 2754,3274 2813,3274 2872,3278 2930,3278 2989,3280 3048,3281 3107,3279 3166,3281 3225,3284 3284,3281"/>
                <TextEquiv>
                    <Unicode>denkt man gern zurück, zumal gute Vorsätze hernach noch den</Unicode>
                </TextEquiv>
            </TextLine>
            <TextLine id="tr_1_tl_146" custom="readingOrder {index:145;}">
                <Coords points="129,3318 849,3310 849,3275 790,3267 129,3275"/>
                <Baseline points="152,3307 187,3307 222,3307 257,3305 292,3304 327,3304 362,3304 397,3302 432,3303 467,3304 502,3304 537,3304 572,3304 607,3304 642,3305 677,3307 712,3307 747,3305 782,3303 817,3300 853,3295"/>
                <TextEquiv>
                    <Unicode>ckers, dessen Drama „Die Schwester</Unicode>
                </TextEquiv>
            </TextLine>
            <TextLine id="tr_1_tl_147" custom="readingOrder {index:146;}">
                <Coords points="959,3310 2070,3326 2070,3267 1972,3247 1796,3286 1401,3240 959,3267"/>
                <Baseline points="982,3301 1036,3302 1091,3304 1145,3304 1200,3304 1255,3304 1309,3305 1364,3307 1418,3307 1473,3304 1528,3308 1582,3310 1637,3310 1691,3310 1746,3310 1801,3310 1855,3312 1910,3311 1964,3313 2019,3313 2074,3319"/>
                <TextEquiv>
                    <Unicode>O, daß doch jedes Jahr so harmonisch schlösse, wie</Unicode>
                </TextEquiv>
            </TextLine>
            <TextLine id="tr_1_tl_148" custom="readingOrder {index:147;}">
                <Coords points="2089,3310 3240,3345 3267,3294 2085,3271"/>
                <Baseline points="2110,3301 2168,3304 2226,3306 2285,3307 2343,3307 2402,3307 2460,3309 2518,3310 2577,3310 2635,3312 2694,3313 2752,3313 2810,3313 2869,3313 2927,3317 2986,3319 3044,3319 3102,3319 3161,3319 3219,3324 3278,3325"/>
                <TextEquiv>
                    <Unicode>Weg zur „Hölle“ gepflastert hatten, wo es u. a. das witzige</Unicode>
                </TextEquiv>
            </TextLine>
            <TextLine id="tr_1_tl_149" custom="readingOrder {index:148;}">
                <Coords points="129,3353 2066,3373 2066,3330 1995,3314 129,3322"/>
                <Baseline points="149,3346 245,3348 341,3345 437,3344 534,3343 630,3345 726,3346 822,3346 919,3343 1015,3345 1111,3349 1207,3352 1304,3353 1400,3352 1496,3352 1592,3354 1689,3358 1785,3355 1881,3358 1977,3361 2074,3361"/>
                <TextEquiv>
                    <Unicode>len, jungen Dichter bekannt gemacht das Gespräch mit dem Dichter am letzten Dezembertage</Unicode>
                </TextEquiv>
            </TextLine>
            <TextLine id="tr_1_tl_150" custom="readingOrder {index:149;}">
                <Coords points="2081,3388 2179,3349 3173,3376 3138,3322 2081,3306"/>
                <Baseline points="2104,3343 2157,3346 2211,3346 2265,3346 2319,3346 2373,3346 2427,3346 2481,3347 2535,3351 2589,3352 2643,3352 2696,3352 2750,3353 2804,3353 2858,3354 2912,3355 2966,3358 3020,3358 3074,3360 3128,3361 3182,3361"/>
                <TextEquiv>
                    <Unicode>Karl Farkas-Revuelein „Götz von Berlichingen gibt</Unicode>
                </TextEquiv>
            </TextLine>
            <TextLine id="tr_1_tl_151" custom="readingOrder {index:150;}">
                <Coords points="137,3400 978,3408 978,3353 137,3361"/>
                <Baseline points="158,3391 199,3388 241,3388 282,3388 324,3388 365,3388 407,3386 448,3385 490,3385 531,3385 573,3385 614,3385 656,3386 697,3388 739,3388 780,3388 822,3385 863,3387 905,3386 946,3389 988,3397"/>
                <TextEquiv>
                    <Unicode>gsspiel, gleich dem ersten Drama, mit 1927.</Unicode>
                </TextEquiv>
            </TextLine>
            <TextLine id="tr_1_tl_152" custom="readingOrder {index:151;}">
                <Coords points="2152,3396 3267,3412 3267,3337 3153,3376 2152,3357"/>
                <Baseline points="2173,3385 2228,3386 2283,3388 2338,3388 2393,3388 2448,3388 2503,3391 2558,3391 2613,3391 2668,3391 2724,3391 2779,3393 2834,3394 2889,3394 2944,3397 2999,3397 3054,3397 3109,3400 3164,3400 3219,3401 3275,3403"/>
                <TextEquiv>
                    <Unicode>Im Burgtheater sah ich Shaws Candida. Das Werk</Unicode>
                </TextEquiv>
            </TextLine>
            <TextLine id="tr_1_tl_153" custom="readingOrder {index:152;}">
                <Coords points="133,3439 438,3431 513,3451 587,3431 622,3455 704,3431 853,3435 853,3396 802,3392 133,3400"/>
                <Baseline points="155,3427 190,3427 225,3427 260,3427 295,3427 331,3427 366,3427 401,3427 436,3427 471,3427 507,3427 542,3424 577,3424 612,3425 647,3427 683,3427 718,3427 753,3427 788,3426 823,3424 859,3424"/>
                <TextEquiv>
                    <Unicode>und Verklärung oder vielmehr Wieder¬</Unicode>
                </TextEquiv>
            </TextLine>
            <TextLine id="tr_1_tl_154" custom="readingOrder {index:153;}">
                <Coords points="2081,3431 3255,3451 3255,3412 3208,3404 2081,3388"/>
                <Baseline points="2104,3421 2162,3422 2220,3424 2278,3427 2336,3427 2394,3428 2452,3430 2510,3430 2568,3430 2626,3432 2685,3433 2743,3433 2801,3433 2859,3433 2917,3436 2975,3436 3033,3438 3091,3439 3149,3439 3207,3441 3266,3439"/>
                <TextEquiv>
                    <Unicode>wurde erst vor geraumer Zeit an dieser Stelle eingehend be¬</Unicode>
                </TextEquiv>
            </TextLine>
            <TextLine id="tr_1_tl_155" custom="readingOrder {index:154;}">
                <Coords points="121,3494 282,3466 618,3466 771,3494 853,3474 853,3439 806,3431 121,3423"/>
                <Baseline points="143,3469 180,3469 218,3469 256,3468 294,3466 332,3466 370,3466 407,3466 445,3466 483,3466 521,3466 559,3466 597,3466 634,3469 672,3469 710,3469 748,3469 786,3468 824,3466 862,3463"/>
                <TextEquiv>
                    <Unicode>chtern. Pfortnern und seraphischen</Unicode>
                </TextEquiv>
            </TextLine>
            <TextLine id="tr_1_tl_156" custom="readingOrder {index:155;}">
                <Coords points="2078,3466 3271,3494 3271,3451 3200,3443 2078,3427"/>
                <Baseline points="2101,3463 2160,3466 2219,3466 2278,3466 2337,3469 2396,3469 2455,3469 2514,3470 2573,3470 2632,3472 2691,3473 2750,3475 2809,3475 2868,3475 2927,3476 2986,3478 3045,3478 3104,3479 3163,3481 3222,3481 3281,3481"/>
                <TextEquiv>
                    <Unicode>trachtet (Shakespeare und Shaw). Die Aufführung ist selbst</Unicode>
                </TextEquiv>
            </TextLine>
            <TextLine id="tr_1_tl_157" custom="readingOrder {index:156;}">
                <Coords points="125,3533 168,3513 853,3513 853,3474 818,3470 125,3474"/>
                <Baseline points="146,3504 181,3506 217,3505 253,3504 289,3503 325,3501 360,3501 396,3503 432,3504 468,3504 504,3504 539,3504 575,3506 611,3506 647,3505 683,3507 718,3507 754,3507 790,3506 826,3504 862,3504"/>
                <TextEquiv>
                    <Unicode>ntisches Weltanschauungsdrama. Die</Unicode>
                </TextEquiv>
            </TextLine>
            <TextLine id="tr_1_tl_158" custom="readingOrder {index:157;}">
                <Coords points="2078,3513 3259,3529 3228,3482 2078,3466"/>
                <Baseline points="2098,3501 2156,3502 2215,3504 2273,3507 2332,3507 2390,3507 2449,3507 2507,3510 2566,3510 2624,3510 2683,3513 2742,3513 2800,3513 2859,3513 2917,3514 2976,3516 3034,3519 3093,3519 3151,3521 3210,3522 3269,3519"/>
                <TextEquiv>
                    <Unicode>für das Burgtheater unglaublich schwach, vollkommen provin¬</Unicode>
                </TextEquiv>
            </TextLine>
            <TextLine id="tr_1_tl_159" custom="readingOrder {index:158;}">
                <Coords points="129,3576 297,3549 481,3553 505,3576 536,3553 739,3568 857,3549 857,3510 129,3513"/>
                <Baseline points="149,3543 186,3545 224,3546 262,3546 300,3546 338,3546 376,3546 413,3546 451,3546 489,3546 527,3546 565,3546 603,3546 640,3546 678,3546 716,3546 754,3548 792,3548 830,3546 868,3546"/>
                <TextEquiv>
                    <Unicode>Wagner, vielleicht durch Müller noch</Unicode>
                </TextEquiv>
            </TextLine>
            <TextLine id="tr_1_tl_160" custom="readingOrder {index:159;}">
                <Coords points="2074,3553 3255,3568 3251,3533 3157,3521 2074,3513"/>
                <Baseline points="2095,3540 2153,3541 2212,3545 2270,3546 2329,3546 2387,3546 2446,3548 2504,3549 2563,3547 2621,3551 2680,3552 2739,3552 2797,3554 2856,3555 2914,3556 2973,3558 3031,3558 3090,3558 3148,3558 3207,3560 3266,3561"/>
                <TextEquiv>
                    <Unicode>ziell, von vornherein so verschlampt angelegt, daß der Schlu¬</Unicode>
                </TextEquiv>
            </TextLine>
            <TextLine id="tr_1_tl_161" custom="readingOrder {index:160;}">
                <Coords points="153,3600 853,3596 853,3556 767,3549 153,3556"/>
                <Baseline points="176,3588 210,3588 244,3588 278,3587 313,3585 347,3587 381,3588 416,3588 450,3588 484,3585 519,3587 553,3587 587,3586 621,3591 656,3589 690,3588 724,3588 759,3588 793,3588 827,3586 862,3588"/>
                <TextEquiv>
                    <Unicode>ist unverkennbar, der gleiche Stoff¬</Unicode>
                </TextEquiv>
            </TextLine>
            <TextLine id="tr_1_tl_162" custom="readingOrder {index:161;}">
                <Coords points="2074,3592 3267,3611 3267,3572 3126,3560 2074,3545"/>
                <Baseline points="2095,3579 2154,3582 2213,3582 2272,3585 2331,3586 2390,3588 2449,3588 2508,3588 2567,3590 2626,3591 2685,3591 2744,3591 2803,3593 2862,3594 2921,3596 2980,3596 3039,3597 3098,3597 3157,3597 3216,3600 3275,3600"/>
                <TextEquiv>
                    <Unicode>ganz verschwimmt. Die schöne Else Wohlgemuth hat, obwohl</Unicode>
                </TextEquiv>
            </TextLine>
            <TextLine id="tr_1_tl_163" custom="readingOrder {index:162;}">
                <Coords points="935,3615 3267,3646 3267,3607 3212,3603 2246,3600 1780,3553 1671,3584 1401,3541 1311,3576 935,3564"/>
                <Baseline points="955,3606 1071,3608 1187,3609 1303,3607 1419,3609 1535,3612 1651,3613 1767,3612 1883,3615 1999,3616 2115,3619 2231,3624 2347,3627 2463,3627 2579,3630 2695,3633 2811,3633 2927,3636 3043,3636 3159,3639 3275,3639"/>
                <TextEquiv>
                    <Unicode>Den Kammerdiener von Distinktion gibt Hermann Rom- sie nicht einmal den Wortlaut ihrer Rolle beherrscht, immerhin</Unicode>
                </TextEquiv>
            </TextLine>
            <TextLine id="tr_1_tl_164" custom="readingOrder {index:163;}">
                <Coords points="160,3635 3189,3693 3259,3686 3259,3646 156,3592"/>
                <Baseline points="182,3627 336,3627 490,3627 645,3627 799,3628 953,3648 1108,3645 1262,3645 1416,3648 1571,3651 1725,3650 1879,3654 2034,3652 2188,3657 2342,3664 2497,3666 2651,3670 2805,3672 2960,3675 3114,3677 3269,3678"/>
                <TextEquiv>
                    <Unicode>(Rose vom Liebesgarten) fortsetzte, berg, ohne mit der Wimper zu zucken, von Seelengual zer gute Momente, unterstützt durch ihr musikalisches Organ und</Unicode>
                </TextEquiv>
            </TextLine>
            <TextLine id="tr_1_tl_165" custom="readingOrder {index:164;}">
                <Coords points="145,3674 845,3682 845,3639 145,3635"/>
                <Baseline points="167,3666 201,3666 235,3666 269,3666 304,3666 338,3666 372,3666 407,3666 441,3666 475,3666 510,3666 544,3666 578,3666 612,3666 647,3666 681,3667 715,3669 750,3669 784,3669 818,3669 853,3669"/>
                <TextEquiv>
                    <Unicode>im Zwerg anklingen ließ, und dessen</Unicode>
                </TextEquiv>
            </TextLine>
            <TextLine id="tr_1_tl_166" custom="readingOrder {index:165;}">
                <Coords points="869,3697 3255,3729 3255,3686 3063,3678 869,3658"/>
                <Baseline points="889,3684 1007,3685 1126,3685 1245,3687 1364,3689 1483,3689 1602,3690 1720,3691 1839,3694 1958,3693 2077,3696 2196,3699 2315,3704 2434,3705 2552,3707 2671,3710 2790,3710 2909,3713 3028,3713 3147,3714 3266,3716"/>
                <TextEquiv>
                    <Unicode>rissen, in beherrschter Zucht, die diese Rolle zum Kunstwerk die fließende Geste. Hans Marr's Pastor Morell ist nur sal¬</Unicode>
                </TextEquiv>
            </TextLine>
            <TextLine id="tr_1_tl_167" custom="readingOrder {index:166;}">
                <Coords points="129,3717 736,3717 736,3678 646,3666 129,3670"/>
                <Baseline points="149,3704 178,3704 208,3704 238,3704 268,3704 298,3704 328,3704 357,3704 387,3705 417,3707 447,3705 477,3704 507,3704 537,3704 566,3704 596,3704 626,3704 656,3704 686,3704 716,3706 746,3707"/>
                <TextEquiv>
                    <Unicode>breker liebt (den ich mißliebe).</Unicode>
                </TextEquiv>
            </TextLine>
            <TextLine id="tr_1_tl_168" custom="readingOrder {index:167;}">
                <Coords points="129,3752 3259,3764 3259,3725 2081,3693 129,3717"/>
                <Baseline points="149,3743 305,3743 461,3743 617,3744 773,3743 929,3725 1085,3722 1241,3725 1397,3728 1553,3731 1709,3731 1865,3731 2021,3734 2177,3737 2333,3741 2489,3746 2645,3749 2801,3749 2957,3750 3113,3755 3269,3752"/>
                <TextEquiv>
                    <Unicode>kalischen Bühnenwerk stadelt. Seine reizende Gegenspielerin Odette Clery ist Nora bungsvoll, er versteht es nicht, fühlbar werden zu lassen, wes¬</Unicode>
                </TextEquiv>
            </TextLine>
            <TextLine id="tr_1_tl_169" custom="readingOrder {index:168;}">
                <Coords points="869,3776 2058,3787 2058,3744 1964,3733 869,3736"/>
                <Baseline points="892,3761 950,3764 1009,3764 1067,3764 1126,3764 1184,3764 1243,3764 1301,3767 1360,3767 1418,3767 1477,3770 1535,3769 1594,3769 1652,3770 1711,3772 1769,3772 1828,3773 1886,3773 1945,3775 2003,3774 2062,3776"/>
                <TextEquiv>
                    <Unicode>Gregor, überaus grazil, bildhübsch, mit einer kleinen Stimme</Unicode>
                </TextEquiv>
            </TextLine>
            <TextLine id="tr_1_tl_170" custom="readingOrder {index:169;}">
                <Coords points="129,3795 849,3799 849,3760 782,3744 129,3752"/>
                <Baseline points="149,3785 184,3785 219,3783 255,3783 290,3785 325,3785 361,3785 396,3785 431,3785 467,3785 502,3785 537,3785 573,3785 608,3785 643,3785 679,3785 714,3785 749,3785 785,3785 820,3785 856,3785"/>
                <TextEquiv>
                    <Unicode>re. Dieses bringt die Musik im Kom¬</Unicode>
                </TextEquiv>
            </TextLine>
            <TextLine id="tr_1_tl_171" custom="readingOrder {index:170;}">
                <Coords points="2078,3783 3255,3803 3255,3764 3165,3748 2078,3744"/>
                <Baseline points="2098,3776 2156,3779 2214,3779 2273,3779 2331,3782 2390,3784 2448,3785 2506,3788 2565,3788 2623,3788 2682,3788 2740,3788 2798,3790 2857,3788 2915,3790 2974,3790 3032,3791 3090,3791 3149,3792 3207,3794 3266,3794"/>
                <TextEquiv>
                    <Unicode>halb Candida ihn eigentlich liebt. Völlig verwaschen Wilhelm</Unicode>
                </TextEquiv>
            </TextLine>
            <TextLine id="tr_1_tl_172" custom="readingOrder {index:171;}">
                <Coords points="865,3811 3259,3846 3259,3803 3103,3783 865,3772"/>
                <Baseline points="886,3803 1005,3804 1124,3805 1243,3803 1362,3806 1481,3809 1600,3812 1720,3811 1839,3815 1958,3818 2077,3814 2196,3818 2315,3821 2434,3824 2554,3825 2673,3827 2792,3828 2911,3830 3030,3833 3149,3833 3269,3836"/>
                <TextEquiv>
                    <Unicode>die aber ganz echt wirkt, unaufdringlich und von nachhaltiger Schmidt's Unterpfarrer Mill (welch glänzende Episode schuf</Unicode>
                </TextEquiv>
            </TextLine>
            <TextLine id="tr_1_tl_173" custom="readingOrder {index:172;}">
                <Coords points="121,3830 841,3834 841,3795 818,3791 121,3795"/>
                <Baseline points="143,3821 178,3823 213,3824 249,3823 284,3821 319,3824 355,3824 390,3824 425,3824 461,3824 496,3824 531,3824 567,3825 602,3827 637,3827 673,3827 708,3825 743,3824 779,3824 814,3824 850,3824"/>
                <TextEquiv>
                    <Unicode>spiriert ihn, den Gestalten Leben ein</Unicode>
                </TextEquiv>
            </TextLine>
            <TextLine id="tr_1_tl_174" custom="readingOrder {index:173;}">
                <Coords points="869,3850 2058,3866 2027,3819 869,3811"/>
                <Baseline points="892,3845 950,3845 1009,3845 1067,3845 1126,3844 1184,3844 1243,3845 1301,3845 1360,3845 1418,3845 1477,3848 1535,3851 1594,3851 1652,3851 1711,3851 1769,3853 1828,3854 1886,3854 1945,3856 2003,3857 2062,3851"/>
                <TextEquiv>
                    <Unicode>Wirkung. Ihr Partner, der Postministr Peppler, hat gleich¬</Unicode>
                </TextEquiv>
            </TextLine>
            <TextLine id="tr_1_tl_175" custom="readingOrder {index:174;}">
                <Coords points="125,3889 219,3869 262,3893 473,3866 779,3889 837,3873 837,3838 755,3830 125,3830"/>
                <Baseline points="146,3863 181,3863 216,3863 251,3863 286,3863 321,3863 356,3865 391,3866 426,3865 461,3863 496,3865 531,3866 566,3866 601,3866 636,3866 671,3866 706,3866 741,3866 776,3866 811,3866 847,3866"/>
                <TextEquiv>
                    <Unicode>Buch indes Papier ist, blasse Scheme¬</Unicode>
                </TextEquiv>
            </TextLine>
            <TextLine id="tr_1_tl_176" custom="readingOrder {index:175;}">
                <Coords points="2078,3866 3251,3885 3251,3846 3153,3834 2078,3826"/>
                <Baseline points="2101,3854 2162,3857 2223,3857 2284,3860 2345,3863 2406,3863 2467,3866 2528,3866 2589,3866 2650,3866 2711,3868 2772,3869 2833,3869 2894,3869 2955,3869 3016,3872 3077,3872 3138,3872 3199,3875 3260,3872"/>
                <TextEquiv>
                    <Unicode>darin etwa Fritz Hirsch in der Aufführung des Berliner Staats¬</Unicode>
                </TextEquiv>
            </TextLine>
            <TextLine id="tr_1_tl_177" custom="readingOrder {index:176;}">
                <Coords points="869,3893 3259,3924 3255,3885 2958,3869 869,3850"/>
                <Baseline points="889,3887 1007,3884 1126,3884 1245,3884 1364,3887 1483,3890 1602,3893 1720,3893 1839,3893 1958,3896 2077,3893 2196,3896 2315,3902 2434,3906 2552,3908 2671,3905 2790,3908 2909,3908 3028,3910 3147,3912 3266,3913"/>
                <TextEquiv>
                    <Unicode>falls hohen Rang. Ueberwältigend komisch sind die Episoden- theaters!), recht gelungen die Sekretärin Proserpina Rosa</Unicode>
                </TextEquiv>
            </TextLine>
            <TextLine id="tr_1_tl_178" custom="readingOrder {index:177;}">
                <Coords points="137,3916 274,3909 333,3936 415,3909 470,3936 513,3909 563,3928 638,3909 673,3932 696,3912 849,3912 849,3873 137,3877"/>
                <Baseline points="158,3905 193,3905 228,3907 263,3907 298,3905 333,3905 368,3905 403,3906 438,3908 473,3908 508,3906 543,3907 578,3907 613,3905 648,3905 683,3907 718,3906 753,3905 788,3905 823,3908 859,3908"/>
                <TextEquiv>
                    <Unicode>sind, dann kann kein Gott die</Unicode>
                </TextEquiv>
            </TextLine>
            <TextLine id="tr_1_tl_179" custom="readingOrder {index:178;}">
                <Coords points="869,3928 3251,3959 3251,3924 2938,3909 869,3893"/>
                <Baseline points="892,3925 1010,3922 1129,3923 1247,3925 1366,3928 1484,3928 1603,3931 1721,3934 1840,3934 1958,3937 2077,3933 2196,3937 2314,3939 2433,3942 2551,3943 2670,3944 2788,3946 2907,3946 3025,3949 3144,3952 3263,3949"/>
                <TextEquiv>
                    <Unicode>figuren, der Adrien Coruniche von Hermann-Schaufuß, ein Albach-Retty's und wohl noch höher zu bewerten Ferdinand</Unicode>
                </TextEquiv>
            </TextLine>
            <TextLine id="tr_1_tl_180" custom="readingOrder {index:179;}">
                <Coords points="125,3956 845,3959 845,3912 125,3912"/>
                <Baseline points="146,3940 181,3945 216,3946 252,3946 287,3946 322,3946 358,3946 393,3946 428,3947 464,3949 499,3946 534,3946 570,3946 605,3946 640,3946 676,3946 711,3946 746,3946 782,3947 817,3949 853,3949"/>
                <TextEquiv>
                    <Unicode>schmerzt mich, der ich Korngol¬</Unicode>
                </TextEquiv>
            </TextLine>
            <TextLine id="tr_1_tl_181" custom="readingOrder {index:180;}">
                <Coords points="865,3971 2054,3983 2054,3940 865,3932"/>
                <Baseline points="886,3961 944,3964 1003,3962 1062,3958 1121,3962 1180,3964 1238,3964 1297,3965 1356,3967 1415,3967 1474,3970 1532,3968 1591,3970 1650,3970 1709,3973 1768,3973 1826,3973 1885,3974 1944,3976 2003,3976 2062,3976"/>
                <TextEquiv>
                    <Unicode>labbriges Gummimännchen und seine quantitativ imposante</Unicode>
                </TextEquiv>
            </TextLine>
            <TextLine id="tr_1_tl_182" custom="readingOrder {index:181;}">
                <Coords points="2078,3987 3251,3999 3220,3959 2074,3940"/>
                <Baseline points="2101,3976 2159,3976 2217,3976 2275,3976 2333,3980 2391,3983 2449,3985 2507,3985 2565,3985 2623,3985 2682,3985 2740,3985 2798,3985 2856,3988 2914,3988 2972,3989 3030,3991 3088,3991 3146,3991 3204,3991 3263,3991"/>
                <TextEquiv>
                    <Unicode>Maierhofers stachliger Burgeß. Sehr glücklich gelöst und be¬</Unicode>
                </TextEquiv>
            </TextLine>
            <TextLine id="tr_1_tl_183" custom="readingOrder {index:182;}">
                <Coords points="121,3995 841,3995 841,3959 685,3948 121,3952"/>
                <Baseline points="143,3982 178,3984 213,3985 249,3985 284,3985 319,3985 355,3985 390,3987 425,3988 461,3988 496,3988 531,3988 567,3988 602,3988 637,3988 673,3988 708,3986 743,3986 779,3988 814,3988 850,3985"/>
                <TextEquiv>
                    <Unicode>weiten, lebenden Musiker, zu sagen</Unicode>
                </TextEquiv>
            </TextLine>
            <TextLine id="tr_1_tl_184" custom="readingOrder {index:183;}">
                <Coords points="869,4014 3130,4049 3251,4038 3251,3999 865,3971"/>
                <Baseline points="886,4003 1004,4003 1123,4003 1242,4006 1361,4006 1480,4007 1599,4009 1717,4012 1836,4015 1955,4015 2074,4015 2193,4017 2312,4021 2431,4024 2549,4024 2668,4024 2787,4024 2906,4027 3025,4030 3144,4030 3263,4030"/>
                <TextEquiv>
                    <Unicode>Gattin, die leider schwer hört, aber trotz einer Magenindispo- aller Herbheit weich Marchbanks, der junge Dichter Alfred Loh-</Unicode>
                </TextEquiv>
            </TextLine>
            <TextLine id="tr_1_tl_185" custom="readingOrder {index:184;}">
                <Coords points="121,4038 3251,4081 3251,4038 3169,4034 121,3995"/>
                <Baseline points="143,4024 298,4026 454,4027 610,4026 765,4027 921,4042 1077,4042 1232,4044 1388,4048 1544,4051 1700,4054 1855,4054 2011,4054 2167,4055 2322,4063 2478,4063 2634,4063 2789,4065 2945,4066 3101,4069 3257,4072"/>
                <TextEquiv>
                    <Unicode>lückseliges Buch geraten ist. Gewiß sition ganze Völkerstämme aufreizende Speisemassen ververs. Den Regisseur verschwieg taktvoller Weise der Zettel,</Unicode>
                </TextEquiv>
            </TextLine>
            <TextLine id="tr_1_tl_186" custom="readingOrder {index:185;}">
                <Coords points="117,4073 841,4073 841,4034 716,4022 599,4042 117,4034"/>
                <Baseline points="140,4063 175,4065 211,4064 246,4064 282,4065 317,4063 353,4065 388,4066 424,4066 459,4066 495,4066 530,4068 566,4067 601,4066 637,4066 672,4066 708,4066 743,4066 779,4066 814,4066 850,4066"/>
                <TextEquiv>
                    <Unicode>fen, dessen technische Meisterschaft</Unicode>
                </TextEquiv>
            </TextLine>
            <TextLine id="tr_1_tl_187" custom="readingOrder {index:186;}">
                <Coords points="865,4089 2054,4108 2054,4069 1960,4049 865,4053"/>
                <Baseline points="886,4081 944,4084 1003,4084 1062,4084 1121,4084 1180,4084 1238,4084 1297,4085 1356,4087 1415,4089 1474,4090 1532,4090 1591,4090 1650,4093 1709,4093 1768,4095 1826,4096 1885,4096 1944,4096 2003,4096 2062,4096"/>
                <TextEquiv>
                    <Unicode>schlingt, von Annie Rosar zum Bersten komisch hingelegt. Wenn</Unicode>
                </TextEquiv>
            </TextLine>
            <TextLine id="tr_1_tl_188" custom="readingOrder {index:187;}">
                <Coords points="117,4116 845,4120 845,4077 798,4073 117,4073"/>
                <Baseline points="137,4099 172,4101 208,4102 244,4103 280,4105 316,4105 351,4105 387,4105 423,4105 459,4105 495,4105 530,4105 566,4105 602,4105 638,4105 674,4105 709,4105 745,4103 781,4103 817,4104 853,4102"/>
                <TextEquiv>
                    <Unicode>cher anerkennen muß, aber das be¬</Unicode>
                </TextEquiv>
            </TextLine>
            <TextLine id="tr_1_tl_189" custom="readingOrder {index:188;}">
                <Coords points="2078,4104 3247,4120 3247,4081 2915,4061 2078,4057"/>
                <Baseline points="2098,4099 2159,4098 2220,4096 2281,4097 2342,4102 2403,4102 2464,4105 2525,4105 2586,4105 2647,4105 2708,4105 2769,4105 2830,4105 2891,4107 2952,4108 3013,4108 3074,4110 3135,4111 3196,4111 3257,4111"/>
                <TextEquiv>
                    <Unicode>Daß nicht einmal diese ganz unshawische Candida hier gelang</Unicode>
                </TextEquiv>
            </TextLine>
            <TextLine id="tr_1_tl_190" custom="readingOrder {index:189;}">
                <Coords points="865,4128 3247,4159 3247,4120 3126,4108 865,4089"/>
                <Baseline points="886,4119 1004,4120 1123,4120 1241,4125 1360,4125 1478,4128 1597,4128 1715,4131 1834,4134 1952,4137 2071,4134 2190,4134 2308,4137 2427,4143 2545,4143 2664,4143 2782,4143 2901,4146 3019,4146 3138,4149 3257,4149"/>
                <TextEquiv>
                    <Unicode>ich von den weiblichen Domestiken bisher nicht sprach, so tat (bei Teufelsschüler und Cäsar und Cleopatra hatte ich mich</Unicode>
                </TextEquiv>
            </TextLine>
            <TextLine id="tr_1_tl_191" custom="readingOrder {index:190;}">
                <Coords points="125,4151 1146,4163 1189,4206 1240,4167 1988,4175 1988,4143 125,4116"/>
                <Baseline points="146,4146 238,4146 331,4146 423,4146 516,4146 608,4146 701,4145 793,4143 886,4158 978,4158 1071,4159 1164,4164 1256,4164 1349,4167 1441,4167 1534,4167 1626,4170 1719,4173 1811,4173 1904,4173 1997,4176"/>
                <TextEquiv>
                    <Unicode>m, das in meinen Ohren das Wesen ich dies weniger der gottgewollten Abhängigkeit wegen.</Unicode>
                </TextEquiv>
            </TextLine>
            <TextLine id="tr_1_tl_192" custom="readingOrder {index:191;}">
                <Coords points="2070,4179 2320,4179 2363,4222 2590,4182 3247,4194 3247,4163 3153,4147 2070,4147"/>
                <Baseline points="2092,4176 2150,4175 2208,4173 2266,4176 2325,4180 2383,4181 2441,4179 2499,4185 2558,4184 2616,4182 2674,4182 2732,4182 2791,4182 2849,4182 2907,4183 2965,4186 3024,4188 3082,4185 3140,4188 3198,4188 3257,4188"/>
                <TextEquiv>
                    <Unicode>schon früher davon überzeugt, wie hoffnungslos der Fall Shaw</Unicode>
                </TextEquiv>
            </TextLine>
            <TextLine id="tr_1_tl_193" custom="readingOrder {index:192;}">
                <Coords points="693,4202 696,4206 712,4206 732,4198 739,4206 747,4202 763,4206 782,4194 794,4202 810,4202 814,4151 790,4147 767,4155 767,4151 736,4151 732,4143 724,4151 704,4151 700,4147"/>
                <Baseline points="716,4191 749,4186 782,4184 815,4182"/>
                <TextEquiv>
                    <Unicode></Unicode>
                </TextEquiv>
            </TextLine>
            <TextEquiv>
                <Unicode></Unicode>
            </TextEquiv>
        </TextRegion>
    </Page>
</PcGts>
