3344 4320
132 227 211 325 1.
262 222 946 316 Miscellaneous
1119 231 1552 318 box 42/3
1020 857 1265 921 No.
315 968 1207 1045 Argus Suisse et International de la Presse .A.
464 1032 1047 1103 23, Rue du Rhône - GENEVE
279 1082 1231 1152 Adr. télégr.: Coupures-Genève — Tél. Stand 40.05
289 1161 1224 1226 Bureau International de coupures de journaux.
402 1221 1143 1275 Traductions de et en toutes langues.
304 1333 1200 1384 Correspondants dans toutes les grandes villes.
238 1443 656 1522 Extrait du Journal:
240 1534 435 1609 Adresse:
233 1638 382 1709 Date:
269 1835 884 1939 ro Hr.
215 1959 1000 2041 PROBABLE REDUCTION OF THE
481 2022 766 2095 SENTENCE.
266 2131 958 2225 (From our own Correspondent.)
511 2194 973 2263 BUDAPEST, February 7.
242 2235 1010 2305 Baron Havany’s appeal will probably be
213 2287 1017 2348 heard by the High Court in March, and it
206 2326 1000 2396 is expected that the sentence of seven years
215 2378 1003 2447 penal servitude, with five hundred
210 2425 1013 2480 thousand Pengö forfeit to the Hungarian
216 2462 1004 2525 Treasury, just passed by the tribunal for
210 2507 1008 2569 inflammatory articles defaring the
213 2546 1005 2607 Government and calculated to incite
206 2588 1015 2642 foreign States to attack Hungary, will be¬
200 2632 622 2691 considerably reduced.
237 2671 1009 2725 Baron Havany had desired to return to
206 2712 1009 2765 Hungary for some time, and latterly be¬
207 2751 1000 2799 lieved that the charge against him had
201 2790 1003 2831 expired. When Dr. Laszle Szabo, privat¬
205 2824 1003 2868 docent at the University, who had received
201 2858 1003 2902 the opinion of prominent layers that the
205 2892 1008 2937 charge against Baron Havany could not
201 2930 1004 2974 result in any considerable penalty, tele¬
207 2968 996 3013 graphed to him to return to Budapest,
205 3003 996 3052 Baron Havany left Paris at once, avoiding
205 3042 1003 3081 meeting any friend or acquaintance who
201 3077 1000 3132 might have dissuaded him from taking the
201 3105 295 3158 step.
237 3127 998 3189 On the day before the trial a telegram
196 3178 998 3223 was received by count Bethen, signed by
201 3213 996 3257 fourteen names prominent in the German
198 3250 996 3301 literary and scientific world, including
201 3288 1000 3332 those of Einstein, Hauptmann, the brothers
198 3322 996 3373 Mann, Schnitzler, Reinhardt, and Sinclair
196 3358 998 3414 lis. Government to
190 3391 994 3440 show tendency towards Baron Havany,
190 3429 1001 3473 and to take into consideration his book,
196 3469 1005 3522 The wounded country, which had been
178 3503 944 3569 published some time after the articles.
2392 914 2639 1010 No¬
2423 1001 2513 1054 —
1701 1049 2588 1150 Argus Suisse et international de la Presse .A.
1849 1126 2431 1196 23, Rue du Rhône - GENEVE
1658 1175 2610 1249 Adr. télégr.: Coupures-Genève — Tél. Stand 40.05
1679 1252 2603 1330 Bureau International de coupures de journaux.
1781 1315 2521 1373 Traductions de et en toutes langues.
1697 1418 2588 1497 Correspondants dans toutes les grandes villes.
1629 1535 2044 1611 Extrait du Journal:
1629 1629 1822 1701 Adresse:
1631 1736 1776 1801 Date:
2024 1780 2369 1901 k.
2027 2000 2246 2090 HONGRIE
1763 2043 2509 2149 Le jugement des évolutionnaires
1675 2103 2149 2181 On télégraphe de Vienne
1683 2126 2632 2255 Les journaux viennoistreint une dépê¬
1625 2203 2632 2294 che de Budapest de sources annonçant
1634 2243 2636 2324 que lord Rothermere, répondant au télégramme
1637 2277 2607 2361 par lequel les écrivains autrichiens Schnitzler et
1630 2313 2639 2407 Salten sollicitèrent son intervention en faveur de¬
1637 2352 2613 2445 Havany, déclare ne pas voir de différence intrin¬
1634 2387 2619 2476 sèque entre la lutte par le fer et la lutte par la
1628 2428 2603 2516 plume. Lord Rothermere estime que si Havany
1625 2475 2610 2555 avait été pris en flagrant délit dans une action a
1625 2505 2263 2574 main armée, il aurait été fusillé.
1657 2541 2604 2638 Il ajoute qu'il est partisan des peines les plus
1621 2587 2603 2669 sévères contre les écrivains qui envoient les au¬
1625 2618 2602 2718 tres au danger et attisent consciemment la dis¬
1611 2661 2122 2723 corde, voir la révolution.
1650 2697 2598 2782 Lord Rothermere conclut en recommandant aux
1606 2730 2602 2822 écrivains, par ces temps difficiles, le maximum de
1616 2771 2597 2860 réserve et de prudence dans leurs ouvrages et en
1613 2814 2597 2895 exprimant sa conviction que les juges hongrois
1605 2856 2102 2908 ont jugé selon la vérité.
1647 2895 2594 2979 La Nouvelle Presse libre s'étonne qu'un Anglais
1601 2917 2587 3015 adopte un tel point de vue, l'Angleterre ayant tra¬
1601 2964 2590 3071 ditionnellement défendu depuis des siècles la li¬
1610 2999 1918 3062 berté d'opinion.
1644 3040 2587 3126 La Wiener Allgemeine Abendzeitung prétend
1606 3082 2587 3165 que M. Schnitzler n'a pas encore connaissance de
1598 3119 2575 3198 la réponse de lord Rothermere et s’étonne que le
1598 3164 2579 3238 publiciste anglais ait cru devoir communiquer
1604 3200 2580 3281 préalablement cette réponse au gouvernement
1591 3227 1777 3292 hongrois.
1630 3268 2324 3360 D'autre part, on mande de Budapest;
1634 3322 2577 3406 La police a arrêté et mis au régime de la dé¬
1589 3351 2573 3451 tention préventive un journaliste, M. Bela Lan¬
1589 3407 2571 3490 der, et trois autres personnes, sous l'inculpation
1589 3442 2574 3530 de tentatives subversives dirigées contre l'ordre
1580 3478 1962 3538 social et politique.
1628 3522 2573 3598 M. Bela Lander a joué un rôle de premier plan
1583 3549 2570 3646 dans certaines organisations communistes, en
1589 3592 2575 3698 1925. Il s'était enfui, puis avait reparu en lon¬
1574 3638 2492 3716 grie, où il était porteur de faux passeports
