<?xml version="1.0" encoding="UTF-8" standalone="yes"?>
<PcGts xmlns="http://schema.primaresearch.org/PAGE/gts/pagecontent/2013-07-15" xmlns:xsi="http://www.w3.org/2001/XMLSchema-instance" xsi:schemaLocation="http://schema.primaresearch.org/PAGE/gts/pagecontent/2013-07-15 http://schema.primaresearch.org/PAGE/gts/pagecontent/2013-07-15/pagecontent.xsd">
    <Metadata>
        <Creator>prov=READ-COOP:name=PyLaia@TranskribusPlatform:version=2.12.1:model_id=39995:lm=provided:date=28_03_2024_22:49</Creator>
        <Created>2019-10-07T20:37:14.991+02:00</Created>
        <LastChange>2024-03-28T22:49:41.709+01:00</LastChange>
        <TranskribusMetadata docId="224457" pageId="9578670" pageNr="47" tsid="156410747" status="IN_PROGRESS" userId="40391" imgUrl="https://files.transkribus.eu/Get?id=KNAHWOHSYUPEJHQBSCJRLUCD&amp;fileType=view" xmlUrl="https://files.transkribus.eu/Get?id=ZXIIVVUYNBXENCVBWRTDALHI" imageId="6208154"/>
    </Metadata>
    <Page imageFilename="224457_0047.jpeg" imageWidth="3392" imageHeight="4320">
        <ReadingOrder>
            <OrderedGroup id="ro_1712662139545" caption="Regions reading order">
                <RegionRefIndexed index="0" regionRef="tr_1"/>
                <RegionRefIndexed index="1" regionRef="tr_2"/>
                <RegionRefIndexed index="2" regionRef="tr_3"/>
            </OrderedGroup>
        </ReadingOrder>
        <TextRegion orientation="0.0" id="tr_1" custom="readingOrder {index:0;}">
            <Coords points="217,249 217,402 292,402 292,249"/>
            <TextLine id="tr_1_tl_1" custom="readingOrder {index:0;}">
                <Coords points="209,380 227,382 242,368 277,378 289,374 288,298 271,298 254,285 228,291 208,289"/>
                <Baseline points="217,349 242,351 267,352 292,349"/>
                <TextEquiv>
                    <Unicode>1.</Unicode>
                </TextEquiv>
            </TextLine>
            <TextEquiv>
                <Unicode></Unicode>
            </TextEquiv>
        </TextRegion>
        <TextRegion orientation="0.0" id="tr_2" custom="readingOrder {index:1;}">
            <Coords points="152,330 152,3739 1716,3739 1716,330"/>
            <TextLine id="tr_2_tl_1" custom="readingOrder {index:0;}">
                <Coords points="1210,369 1339,368 1394,350 1431,369 1631,380 1631,307 1588,291 1528,308 1487,286 1448,288 1407,323 1352,302 1305,316 1210,292"/>
                <Baseline points="1218,355 1243,354 1269,352 1295,353 1321,355 1347,355 1373,354 1399,353 1425,353 1451,355 1477,355 1503,355 1529,355 1555,354 1581,352 1607,352 1633,352"/>
                <TextEquiv>
                    <Unicode>box 42/3</Unicode>
                </TextEquiv>
            </TextLine>
            <TextLine id="tr_2_tl_2" custom="readingOrder {index:1;}">
                <Coords points="353,387 992,391 1033,377 1035,314 354,298"/>
                <Baseline points="361,352 394,354 428,356 462,358 495,358 529,358 563,358 596,358 630,358 664,356 698,355 731,355 765,355 799,355 832,355 866,355 900,355 933,355 967,355 1001,355 1035,355"/>
                <TextEquiv>
                    <Unicode>Miscellaneous</Unicode>
                </TextEquiv>
            </TextLine>
            <TextLine id="tr_2_tl_3" custom="readingOrder {index:2;}">
                <Coords points="176,1426 188,1426 197,1435 206,1432 212,1438 219,1434 230,1437 237,1431 249,1440 256,1435 262,1438 273,1432 288,1432 286,1386 273,1383 261,1389 252,1383 231,1392 205,1376 196,1380 185,1373 175,1374"/>
                <Baseline points="185,1418 211,1420 238,1420 265,1419 292,1421"/>
                <TextEquiv>
                    <Unicode>ropas</Unicode>
                </TextEquiv>
            </TextLine>
            <TextLine id="tr_2_tl_4" custom="readingOrder {index:3;}">
                <Coords points="953,1442 1542,1457 1552,1398 1493,1376 1312,1395 1198,1362 1159,1382 1018,1365 952,1385"/>
                <Baseline points="961,1433 990,1433 1020,1432 1050,1430 1079,1432 1109,1433 1139,1433 1168,1433 1198,1433 1228,1433 1258,1433 1287,1434 1317,1436 1347,1436 1376,1437 1406,1439 1436,1439 1465,1439 1495,1439 1525,1440 1555,1441"/>
                <TextEquiv>
                    <Unicode>Burgermeister von Cayenne,</Unicode>
                </TextEquiv>
            </TextLine>
            <TextLine id="tr_2_tl_5" custom="readingOrder {index:4;}">
                <Coords points="1607,1451 1619,1450 1625,1456 1634,1453 1640,1459 1649,1451 1665,1450 1677,1462 1687,1454 1702,1465 1712,1462 1711,1391 1686,1397 1657,1383 1649,1392 1634,1397 1622,1397 1617,1392 1606,1395"/>
                <Baseline points="1615,1444 1640,1444 1665,1444 1690,1446 1716,1447"/>
                <TextEquiv>
                    <Unicode></Unicode>
                </TextEquiv>
            </TextLine>
            <TextLine id="tr_2_tl_6" custom="readingOrder {index:5;}">
                <Coords points="173,1469 225,1480 270,1469 448,1482 485,1474 485,1441 409,1422 366,1448 328,1431 248,1440 172,1426"/>
                <Baseline points="182,1462 207,1462 233,1462 258,1462 284,1463 309,1465 335,1465 361,1465 386,1465 412,1465 437,1465 463,1466 489,1468"/>
                <TextEquiv>
                    <Unicode>Generation müsse</Unicode>
                </TextEquiv>
            </TextLine>
            <TextLine id="tr_2_tl_7" custom="readingOrder {index:6;}">
                <Coords points="947,1505 1106,1482 1242,1524 1340,1487 1603,1523 1706,1506 1705,1454 1571,1441 1453,1463 946,1447"/>
                <Baseline points="955,1474 992,1472 1030,1473 1068,1476 1106,1477 1143,1477 1181,1477 1219,1477 1257,1479 1294,1480 1332,1480 1370,1481 1408,1483 1445,1483 1483,1485 1521,1486 1559,1486 1596,1487 1634,1489 1672,1489 1710,1489"/>
                <TextEquiv>
                    <Unicode>einen Rechtsanwalt seine Zulassung als</Unicode>
                </TextEquiv>
            </TextLine>
            <TextLine id="tr_2_tl_8" custom="readingOrder {index:7;}">
                <Coords points="172,1517 242,1515 273,1537 301,1528 374,1546 434,1528 466,1545 485,1537 483,1480 170,1475"/>
                <Baseline points="179,1504 204,1506 230,1507 256,1507 282,1508 308,1510 334,1510 359,1510 385,1512 411,1513 437,1513 463,1513 489,1513"/>
                <TextEquiv>
                    <Unicode>denkmal erblicke,</Unicode>
                </TextEquiv>
            </TextLine>
            <TextLine id="tr_2_tl_9" custom="readingOrder {index:8;}">
                <Coords points="546,1545 571,1539 575,1534 594,1539 605,1536 617,1546 630,1542 627,1469 602,1472 586,1468 575,1474 563,1474 554,1481 543,1481"/>
                <Baseline points="552,1513 578,1513 605,1514 632,1516"/>
                <TextEquiv>
                    <Unicode>Z.</Unicode>
                </TextEquiv>
            </TextLine>
            <TextLine id="tr_2_tl_10" custom="readingOrder {index:9;}">
                <Coords points="537,1657 1668,1678 1705,1632 535,1604"/>
                <Baseline points="543,1642 601,1642 659,1642 718,1642 776,1645 834,1646 893,1649 951,1647 1009,1647 1068,1647 1126,1650 1184,1650 1243,1652 1301,1653 1359,1656 1418,1656 1476,1656 1534,1659 1593,1659 1651,1661 1710,1659"/>
                <TextEquiv>
                    <Unicode>Den erwarteten, genügenden Raubtierausbruch. Das ein¬</Unicode>
                </TextEquiv>
            </TextLine>
            <TextLine id="tr_2_tl_11" custom="readingOrder {index:10;}">
                <Coords points="170,1723 211,1709 246,1720 258,1708 289,1717 299,1706 328,1711 326,1623 296,1628 262,1617 242,1634 224,1622 200,1637 169,1623"/>
                <Baseline points="179,1689 204,1687 229,1686 255,1686 280,1687 305,1688 331,1692"/>
                <TextEquiv>
                    <Unicode>on:</Unicode>
                </TextEquiv>
            </TextLine>
            <TextLine id="tr_2_tl_12" custom="readingOrder {index:11;}">
                <Coords points="547,1700 1700,1727 1709,1677 546,1663"/>
                <Baseline points="555,1683 612,1686 670,1686 728,1686 786,1686 844,1689 902,1691 960,1689 1018,1689 1076,1691 1134,1692 1191,1693 1249,1696 1307,1700 1365,1701 1423,1701 1481,1701 1539,1701 1597,1700 1655,1704 1713,1707"/>
                <TextEquiv>
                    <Unicode>schlägige Gedenken an vergangene Frauen in exotischem Land.</Unicode>
                </TextEquiv>
            </TextLine>
            <TextLine id="tr_2_tl_13" custom="readingOrder {index:12;}">
                <Coords points="547,1748 1712,1761 1650,1712 547,1700"/>
                <Baseline points="555,1731 613,1729 671,1731 729,1728 787,1731 845,1731 903,1731 961,1734 1019,1732 1077,1734 1135,1734 1193,1738 1251,1742 1309,1746 1367,1743 1425,1743 1483,1743 1541,1743 1599,1746 1657,1748 1716,1749"/>
                <TextEquiv>
                    <Unicode>(„Datteln pflanzen hiess es bei Göring.) Und ein vorauszu¬</Unicode>
                </TextEquiv>
            </TextLine>
            <TextLine id="tr_2_tl_14" custom="readingOrder {index:13;}">
                <Coords points="535,1782 1644,1821 1705,1810 1705,1763 534,1740"/>
                <Baseline points="543,1773 601,1773 659,1775 717,1773 775,1776 834,1776 892,1776 950,1776 1008,1779 1066,1779 1125,1779 1183,1783 1241,1785 1299,1785 1357,1786 1416,1788 1474,1788 1532,1788 1590,1791 1648,1791 1707,1791"/>
                <TextEquiv>
                    <Unicode>sehendes, befriedigendes Rebellentum gegen die amerikanische</Unicode>
                </TextEquiv>
            </TextLine>
            <TextLine id="tr_2_tl_15" custom="readingOrder {index:14;}">
                <Coords points="547,1835 581,1825 618,1825 630,1832 648,1825 661,1837 701,1825 728,1831 728,1798 715,1795 704,1803 689,1789 652,1797 623,1782 603,1792 560,1779 546,1785"/>
                <Baseline points="555,1818 580,1818 605,1818 630,1818 655,1818 680,1818 705,1819 731,1821"/>
                <TextEquiv>
                    <Unicode>Marine</Unicode>
                </TextEquiv>
            </TextLine>
            <TextLine id="tr_2_tl_16" custom="readingOrder {index:15;}">
                <Coords points="600,1871 670,1898 824,1881 878,1904 978,1877 1099,1904 1241,1889 1239,1841 1214,1832 1165,1825 1133,1850 1101,1822 1044,1844 932,1794 820,1838 599,1826"/>
                <Baseline points="609,1856 640,1860 672,1862 704,1862 736,1865 767,1865 799,1865 831,1865 863,1865 894,1866 926,1868 958,1868 990,1868 1021,1868 1053,1868 1085,1868 1117,1869 1148,1871 1180,1871 1212,1871 1244,1871"/>
                <TextEquiv>
                    <Unicode>Wie gesagt: schaden kann es nicht.</Unicode>
                </TextEquiv>
            </TextLine>
            <TextLine id="tr_2_tl_17" custom="readingOrder {index:16;}">
                <Coords points="1079,1942 1097,1947 1112,1939 1127,1954 1137,1947 1146,1949 1162,1945 1159,1890 1146,1892 1137,1884 1106,1902 1097,1904 1088,1899 1085,1904 1078,1904"/>
                <Baseline points="1086,1931 1112,1933 1138,1934 1164,1934"/>
                <TextEquiv>
                    <Unicode>VII.</Unicode>
                </TextEquiv>
            </TextLine>
            <TextLine id="tr_2_tl_18" custom="readingOrder {index:17;}">
                <Coords points="162,1991 196,1973 228,1981 251,1975 292,1987 313,1978 375,1984 375,1954 351,1944 311,1932 295,1938 262,1923 237,1930 162,1904"/>
                <Baseline points="170,1970 196,1970 222,1970 248,1970 274,1970 300,1970 326,1970 352,1970 379,1970"/>
                <TextEquiv>
                    <Unicode>tes kaum.</Unicode>
                </TextEquiv>
            </TextLine>
            <TextLine id="tr_2_tl_19" custom="readingOrder {index:18;}">
                <Coords points="594,1981 1069,2028 1144,1991 1700,2007 1699,1929 1505,1973 1368,1927 594,1927"/>
                <Baseline points="603,1973 658,1974 713,1976 768,1978 823,1979 878,1979 933,1979 988,1979 1043,1979 1098,1982 1153,1982 1208,1984 1263,1987 1318,1985 1373,1988 1428,1989 1483,1991 1538,1991 1593,1991 1648,1992 1704,1994"/>
                <TextEquiv>
                    <Unicode>Piscator im Hause gearbeitet. (Kostenlos) ... mit Film,</Unicode>
                </TextEquiv>
            </TextLine>
            <TextLine id="tr_2_tl_20" custom="readingOrder {index:19;}">
                <Coords points="532,2024 661,2030 673,2040 709,2024 725,2038 838,2025 838,1987 808,1994 744,1978 688,1997 657,1985 635,1994 597,1976 560,1985 532,1976"/>
                <Baseline points="540,2018 565,2020 590,2021 615,2021 640,2021 665,2021 690,2021 715,2021 740,2021 765,2021 790,2021 815,2021 841,2021"/>
                <TextEquiv>
                    <Unicode>nach Leo Lania.</Unicode>
                </TextEquiv>
            </TextLine>
            <TextLine id="tr_2_tl_21" custom="readingOrder {index:20;}">
                <Coords points="589,2076 1700,2089 1699,2049 1622,2019 589,2025"/>
                <Baseline points="597,2062 652,2063 707,2065 763,2065 818,2065 873,2065 929,2065 984,2067 1039,2065 1095,2068 1150,2069 1205,2071 1261,2071 1316,2071 1371,2074 1427,2076 1482,2077 1537,2077 1593,2077 1648,2078 1704,2080"/>
                <TextEquiv>
                    <Unicode>Sehr gut hier das genaue Zusammentreffen je einer gefilmten</Unicode>
                </TextEquiv>
            </TextLine>
            <TextLine id="tr_2_tl_22" custom="readingOrder {index:21;}">
                <Coords points="168,2089 479,2090 477,2019 448,2016 411,2041 371,2024 351,2030 322,2006 271,2025 168,2009"/>
                <Baseline points="176,2077 201,2075 226,2074 252,2076 277,2077 302,2077 328,2077 353,2077 378,2077 404,2077 429,2077 454,2077 480,2077"/>
                <TextEquiv>
                    <Unicode>en den Bau von</Unicode>
                </TextEquiv>
            </TextLine>
            <TextLine id="tr_2_tl_23" custom="readingOrder {index:22;}">
                <Coords points="529,2124 1426,2129 1425,2089 1370,2081 1190,2102 1127,2074 528,2059"/>
                <Baseline points="537,2104 581,2104 626,2107 670,2107 715,2110 760,2107 804,2107 849,2110 894,2110 938,2110 983,2110 1028,2110 1072,2113 1117,2113 1162,2116 1206,2116 1251,2116 1296,2116 1340,2119 1385,2119 1430,2122"/>
                <TextEquiv>
                    <Unicode>Gruppe mit je einer dann leiblich dastehenden.</Unicode>
                </TextEquiv>
            </TextLine>
            <TextLine id="tr_2_tl_24" custom="readingOrder {index:23;}">
                <Coords points="169,2127 251,2139 268,2127 310,2141 337,2126 363,2135 409,2127 427,2139 452,2126 479,2132 477,2096 445,2089 417,2098 351,2084 168,2089"/>
                <Baseline points="176,2122 201,2120 226,2119 252,2119 277,2119 302,2119 328,2120 353,2122 378,2122 404,2122 429,2122 454,2122 480,2122"/>
                <TextEquiv>
                    <Unicode>seg bestimmt nie.</Unicode>
                </TextEquiv>
            </TextLine>
            <TextLine id="tr_2_tl_25" custom="readingOrder {index:24;}">
                <Coords points="168,2193 206,2202 267,2176 313,2182 326,2170 374,2194 394,2185 417,2193 473,2175 471,2133 415,2147 348,2126 295,2138 265,2127 249,2139 166,2127"/>
                <Baseline points="176,2161 201,2163 226,2164 251,2164 276,2164 301,2164 326,2165 351,2167 376,2167 401,2167 426,2167 451,2166 477,2161"/>
                <TextEquiv>
                    <Unicode>versehentlich ge¬</Unicode>
                </TextEquiv>
            </TextLine>
            <TextLine id="tr_2_tl_26" custom="readingOrder {index:25;}">
                <Coords points="592,2170 1555,2197 1697,2187 1696,2142 590,2124"/>
                <Baseline points="600,2161 655,2161 710,2161 765,2161 820,2161 875,2161 930,2162 985,2164 1040,2164 1095,2167 1150,2168 1205,2170 1260,2170 1315,2170 1370,2172 1425,2171 1480,2175 1535,2176 1590,2176 1645,2180 1701,2182"/>
                <TextEquiv>
                    <Unicode>Man erblickt erst Kinomenschen; dann, hui, Vorhang hoch;</Unicode>
                </TextEquiv>
            </TextLine>
            <TextLine id="tr_2_tl_27" custom="readingOrder {index:26;}">
                <Coords points="538,2221 901,2213 1121,2262 1211,2222 1680,2245 1697,2197 537,2169"/>
                <Baseline points="546,2206 603,2206 661,2206 719,2206 777,2206 834,2206 892,2206 950,2209 1008,2209 1065,2211 1123,2212 1181,2215 1239,2216 1296,2216 1354,2218 1412,2218 1470,2218 1527,2221 1585,2224 1643,2224 1701,2224"/>
                <TextEquiv>
                    <Unicode>genau die gleichen Menschen lebend in gleicher Haltung. Das</Unicode>
                </TextEquiv>
            </TextLine>
            <TextLine id="tr_2_tl_28" custom="readingOrder {index:27;}">
                <Coords points="538,2277 581,2264 611,2265 642,2280 732,2262 775,2268 775,2221 728,2227 695,2216 594,2212 578,2222 538,2222"/>
                <Baseline points="546,2248 571,2248 597,2248 623,2250 649,2250 675,2248 701,2249 727,2251 753,2249 779,2248"/>
                <TextEquiv>
                    <Unicode>macht Spass.</Unicode>
                </TextEquiv>
            </TextLine>
            <TextLine id="tr_2_tl_29" custom="readingOrder {index:28;}">
                <Coords points="163,2268 283,2259 337,2274 357,2261 414,2273 434,2259 480,2270 479,2187 425,2213 387,2194 338,2221 322,2207 276,2213 245,2193 162,2199"/>
                <Baseline points="170,2248 196,2250 222,2252 248,2253 274,2253 300,2251 326,2251 352,2251 378,2253 404,2254 430,2254 456,2254 483,2254"/>
                <TextEquiv>
                    <Unicode>ich möglich wäre</Unicode>
                </TextEquiv>
            </TextLine>
            <TextLine id="tr_2_tl_30" custom="readingOrder {index:29;}">
                <Coords points="153,2299 228,2316 353,2298 436,2320 479,2313 477,2271 439,2259 414,2274 369,2261 347,2285 317,2261 256,2261 237,2280 200,2259 153,2270"/>
                <Baseline points="161,2289 187,2291 214,2292 240,2292 267,2292 293,2292 320,2294 347,2295 373,2295 400,2296 426,2298 453,2296 480,2298"/>
                <TextEquiv>
                    <Unicode>lin. Wie er für</Unicode>
                </TextEquiv>
            </TextLine>
            <TextLine id="tr_2_tl_31" custom="readingOrder {index:30;}">
                <Coords points="592,2317 1703,2333 1662,2274 1189,2283 938,2228 876,2274 592,2267"/>
                <Baseline points="600,2301 655,2301 710,2301 765,2303 820,2304 876,2307 931,2307 986,2307 1041,2307 1096,2307 1152,2310 1207,2310 1262,2312 1317,2313 1372,2313 1428,2314 1483,2316 1538,2319 1593,2319 1648,2320 1704,2319"/>
                <TextEquiv>
                    <Unicode>Das ist noch geschickter als bei Piscator-Erwin, noch</Unicode>
                </TextEquiv>
            </TextLine>
            <TextLine id="tr_2_tl_32" custom="readingOrder {index:31;}">
                <Coords points="162,2344 213,2357 313,2353 347,2369 394,2356 476,2366 476,2314 436,2322 360,2302 329,2322 276,2308 209,2314 188,2301 162,2310"/>
                <Baseline points="170,2334 195,2336 221,2337 247,2339 273,2340 299,2340 325,2340 350,2340 376,2340 402,2340 428,2340 454,2339 480,2337"/>
                <TextEquiv>
                    <Unicode>Bergung. Wie er</Unicode>
                </TextEquiv>
            </TextLine>
            <TextLine id="tr_2_tl_33" custom="readingOrder {index:32;}">
                <Coords points="538,2357 1702,2381 1681,2332 538,2304"/>
                <Baseline points="546,2346 603,2346 661,2346 719,2346 777,2346 835,2346 893,2348 951,2349 1009,2349 1067,2349 1125,2352 1182,2352 1240,2354 1298,2355 1356,2355 1414,2358 1472,2360 1530,2361 1588,2361 1646,2363 1704,2361"/>
                <TextEquiv>
                    <Unicode>klappender, noch handlicher als bei ihm — von dem es ent¬</Unicode>
                </TextEquiv>
            </TextLine>
            <TextLine id="tr_2_tl_34" custom="readingOrder {index:33;}">
                <Coords points="159,2408 175,2408 202,2390 211,2397 221,2393 254,2414 265,2405 283,2406 283,2354 273,2356 262,2348 251,2356 213,2356 205,2350 190,2357 159,2341"/>
                <Baseline points="167,2382 196,2382 226,2383 256,2385 286,2382"/>
                <TextEquiv>
                    <Unicode>kommt.</Unicode>
                </TextEquiv>
            </TextLine>
            <TextLine id="tr_2_tl_35" custom="readingOrder {index:34;}">
                <Coords points="534,2399 1456,2427 1696,2422 1696,2381 532,2357"/>
                <Baseline points="540,2388 597,2389 655,2391 713,2388 771,2391 829,2392 887,2394 945,2394 1003,2394 1061,2396 1119,2394 1176,2397 1234,2398 1292,2400 1350,2400 1408,2401 1466,2405 1524,2406 1582,2404 1640,2408 1698,2409"/>
                <TextEquiv>
                    <Unicode>lehnt ist. (Genau: dem es entlehnt ist. „Von dem...? Erwin</Unicode>
                </TextEquiv>
            </TextLine>
            <TextLine id="tr_2_tl_36" custom="readingOrder {index:35;}">
                <Coords points="525,2455 1677,2474 1693,2422 523,2402"/>
                <Baseline points="531,2433 589,2433 647,2433 706,2433 764,2436 822,2436 881,2436 939,2436 997,2439 1056,2441 1114,2442 1172,2440 1231,2442 1289,2445 1347,2443 1406,2447 1464,2445 1522,2448 1581,2449 1639,2451 1698,2454"/>
                <TextEquiv>
                    <Unicode>hatte das nämlich von den Russen entlehnt — als die es kaum</Unicode>
                </TextEquiv>
            </TextLine>
            <TextLine id="tr_2_tl_37" custom="readingOrder {index:36;}">
                <Coords points="523,2495 1675,2514 1694,2468 522,2455"/>
                <Baseline points="531,2474 589,2477 647,2477 706,2480 764,2478 822,2480 881,2480 939,2480 997,2483 1056,2483 1114,2483 1172,2486 1231,2486 1289,2486 1347,2486 1406,2486 1464,2489 1522,2492 1581,2492 1639,2494 1698,2498"/>
                <TextEquiv>
                    <Unicode>noch ertrugen; alles was wahr ist; ein ewiges Weben, ewiger</Unicode>
                </TextEquiv>
            </TextLine>
            <TextLine id="tr_2_tl_38" custom="readingOrder {index:37;}">
                <Coords points="159,2501 194,2502 216,2488 239,2507 320,2489 433,2510 470,2502 470,2445 411,2464 311,2451 267,2462 182,2448 159,2458"/>
                <Baseline points="167,2489 192,2489 218,2489 243,2489 269,2489 294,2489 320,2489 346,2489 371,2491 397,2492 422,2492 448,2492 474,2492"/>
                <TextEquiv>
                    <Unicode>nicht Kriegs¬</Unicode>
                </TextEquiv>
            </TextLine>
            <TextLine id="tr_2_tl_39" custom="readingOrder {index:38;}">
                <Coords points="535,2526 821,2580 890,2534 1699,2554 1697,2508 1417,2489 535,2491"/>
                <Baseline points="543,2516 600,2520 658,2522 716,2525 774,2525 832,2525 890,2527 948,2528 1006,2528 1064,2528 1122,2531 1179,2532 1237,2534 1295,2534 1353,2534 1411,2537 1469,2535 1527,2537 1585,2539 1643,2539 1701,2543"/>
                <TextEquiv>
                    <Unicode>Wechsel, Hinundherr, Hauptströmungen der Kunst, was ist der</Unicode>
                </TextEquiv>
            </TextLine>
            <TextLine id="tr_2_tl_40" custom="readingOrder {index:39;}">
                <Coords points="170,2550 199,2537 242,2557 289,2540 331,2557 467,2550 467,2505 452,2502 428,2510 292,2495 236,2505 215,2489 194,2504 170,2501"/>
                <Baseline points="179,2534 205,2534 232,2534 258,2535 285,2537 311,2537 338,2537 364,2537 391,2537 417,2537 444,2535 471,2531"/>
                <TextEquiv>
                    <Unicode>der Maschinen¬</Unicode>
                </TextEquiv>
            </TextLine>
            <TextLine id="tr_2_tl_41" custom="readingOrder {index:40;}">
                <Coords points="528,2590 537,2591 559,2574 572,2585 592,2585 597,2591 637,2574 660,2575 672,2584 685,2580 683,2532 655,2529 630,2541 609,2535 593,2540 586,2534 580,2540 566,2528 553,2535 525,2535"/>
                <Baseline points="534,2564 559,2564 585,2564 611,2566 637,2568 663,2570 689,2570"/>
                <TextEquiv>
                    <Unicode>Mensch.)</Unicode>
                </TextEquiv>
            </TextLine>
            <TextLine id="tr_2_tl_42" custom="readingOrder {index:41;}">
                <Coords points="1069,2628 1078,2628 1085,2636 1093,2637 1099,2634 1103,2637 1118,2627 1131,2636 1142,2628 1150,2636 1158,2636 1158,2569 1139,2569 1116,2556 1113,2559 1107,2556 1090,2568 1085,2563 1069,2568"/>
                <Baseline points="1077,2618 1105,2618 1133,2618 1161,2618"/>
                <TextEquiv>
                    <Unicode>VIII.</Unicode>
                </TextEquiv>
            </TextLine>
            <TextLine id="tr_2_tl_43" custom="readingOrder {index:42;}">
                <Coords points="580,2663 1694,2679 1652,2630 1514,2646 1417,2606 1103,2639 580,2615"/>
                <Baseline points="588,2654 643,2655 699,2657 754,2657 810,2660 865,2660 921,2661 976,2661 1032,2660 1087,2663 1143,2663 1198,2665 1254,2663 1309,2666 1365,2666 1420,2666 1476,2669 1531,2669 1587,2672 1642,2672 1698,2672"/>
                <TextEquiv>
                    <Unicode>Wollte sagen: zwölf Reporter treten zwischendurch auf. Der</Unicode>
                </TextEquiv>
            </TextLine>
            <TextLine id="tr_2_tl_44" custom="readingOrder {index:43;}">
                <Coords points="522,2719 1641,2741 1693,2686 520,2664"/>
                <Baseline points="528,2698 586,2698 645,2698 703,2701 762,2702 820,2704 879,2707 937,2704 996,2707 1054,2707 1113,2710 1171,2709 1230,2709 1288,2710 1347,2710 1405,2710 1464,2713 1522,2714 1581,2716 1639,2716 1698,2719"/>
                <TextEquiv>
                    <Unicode>banale Weisenborn wetter (un, selbstverständlich) gegen</Unicode>
                </TextEquiv>
            </TextLine>
            <TextLine id="tr_2_tl_45" custom="readingOrder {index:44;}">
                <Coords points="153,2728 185,2740 224,2728 256,2744 305,2726 345,2749 384,2735 467,2741 467,2691 436,2701 399,2677 347,2667 302,2688 271,2661 153,2664"/>
                <Baseline points="161,2725 186,2725 212,2725 238,2725 264,2725 290,2725 316,2727 341,2728 367,2728 393,2727 419,2725 445,2724 471,2722"/>
                <TextEquiv>
                    <Unicode>hat also das Bei¬</Unicode>
                </TextEquiv>
            </TextLine>
            <TextLine id="tr_2_tl_46" custom="readingOrder {index:45;}">
                <Coords points="526,2769 551,2756 574,2762 587,2750 609,2757 695,2757 716,2747 732,2757 749,2754 749,2709 740,2707 710,2717 694,2711 679,2717 655,2706 621,2719 602,2706 580,2714 565,2704 540,2717 526,2714"/>
                <Baseline points="534,2746 561,2744 588,2743 615,2743 643,2743 670,2743 697,2743 724,2744 752,2746"/>
                <TextEquiv>
                    <Unicode>Sensalon.</Unicode>
                </TextEquiv>
            </TextLine>
            <TextLine id="tr_2_tl_47" custom="readingOrder {index:46;}">
                <Coords points="176,2786 219,2775 295,2780 307,2790 328,2777 348,2783 363,2768 421,2790 461,2783 461,2743 446,2737 347,2750 302,2728 258,2744 224,2728 176,2740"/>
                <Baseline points="185,2770 210,2770 235,2770 261,2770 286,2770 312,2770 337,2769 363,2767 388,2770 414,2773 439,2773 465,2770"/>
                <TextEquiv>
                    <Unicode>gewählt. Viel¬</Unicode>
                </TextEquiv>
            </TextLine>
            <TextLine id="tr_2_tl_48" custom="readingOrder {index:47;}">
                <Coords points="574,2800 1694,2815 1694,2766 1297,2732 1091,2769 574,2749"/>
                <Baseline points="582,2785 637,2788 693,2789 749,2791 805,2791 861,2794 916,2794 972,2796 1028,2797 1084,2797 1140,2797 1195,2797 1251,2797 1307,2798 1363,2800 1419,2800 1474,2800 1530,2803 1586,2803 1642,2805 1698,2803"/>
                <TextEquiv>
                    <Unicode>Die Schuhschlen, woran man sich derlei abgelaufen hat, sind</Unicode>
                </TextEquiv>
            </TextLine>
            <TextLine id="tr_2_tl_49" custom="readingOrder {index:48;}">
                <Coords points="156,2852 187,2849 208,2832 271,2854 334,2835 375,2851 412,2823 458,2835 457,2786 387,2784 366,2768 294,2793 248,2778 154,2778"/>
                <Baseline points="164,2812 191,2814 218,2815 245,2815 272,2815 299,2815 326,2817 353,2818 380,2818 407,2818 434,2818 462,2815"/>
                <TextEquiv>
                    <Unicode>Feuer nicht zu¬</Unicode>
                </TextEquiv>
            </TextLine>
            <TextLine id="tr_2_tl_50" custom="readingOrder {index:49;}">
                <Coords points="526,2840 1690,2854 1671,2809 526,2783"/>
                <Baseline points="534,2833 591,2832 649,2832 707,2836 765,2836 823,2836 881,2836 939,2839 997,2839 1055,2839 1113,2839 1170,2839 1228,2840 1286,2842 1344,2842 1402,2843 1460,2845 1518,2848 1576,2848 1634,2848 1692,2845"/>
                <TextEquiv>
                    <Unicode>chon nicht mehr zu zählen. Was ist das für ein Quatsch?</Unicode>
                </TextEquiv>
            </TextLine>
            <TextLine id="tr_2_tl_51" custom="readingOrder {index:50;}">
                <Coords points="526,2883 1687,2901 1637,2857 526,2840"/>
                <Baseline points="534,2872 591,2875 649,2877 707,2878 765,2878 822,2880 880,2880 938,2880 996,2883 1053,2883 1111,2883 1169,2883 1227,2883 1284,2885 1342,2886 1400,2886 1458,2886 1515,2889 1573,2891 1631,2890 1689,2889"/>
                <TextEquiv>
                    <Unicode>Glaubt jemand, eine heutige Menschheit möchte wirklich ohne</Unicode>
                </TextEquiv>
            </TextLine>
            <TextLine id="tr_2_tl_52" custom="readingOrder {index:51;}">
                <Coords points="176,2922 270,2934 307,2910 350,2903 425,2931 437,2919 464,2921 464,2867 423,2854 359,2866 325,2846 252,2863 176,2849"/>
                <Baseline points="185,2901 210,2901 236,2901 262,2901 287,2901 313,2903 339,2904 365,2904 390,2904 416,2904 442,2901 468,2898"/>
                <TextEquiv>
                    <Unicode>(Bei der Volks¬</Unicode>
                </TextEquiv>
            </TextLine>
            <TextLine id="tr_2_tl_53" custom="readingOrder {index:52;}">
                <Coords points="526,2935 1692,2952 1690,2900 525,2885"/>
                <Baseline points="534,2919 592,2919 650,2919 708,2922 766,2922 824,2922 882,2922 940,2925 998,2926 1056,2928 1114,2928 1172,2928 1230,2928 1288,2931 1346,2931 1404,2931 1462,2931 1520,2934 1578,2934 1636,2936 1695,2934"/>
                <TextEquiv>
                    <Unicode>flinke Pressenachricht leben? Ist es, ihr Trivialissimi, nicht</Unicode>
                </TextEquiv>
            </TextLine>
            <TextLine id="tr_2_tl_54" custom="readingOrder {index:53;}">
                <Coords points="520,2975 1680,2992 1640,2941 520,2938"/>
                <Baseline points="528,2961 585,2964 643,2964 701,2967 759,2967 816,2967 874,2967 932,2970 990,2970 1047,2970 1105,2970 1163,2971 1221,2973 1278,2975 1336,2973 1394,2974 1452,2976 1509,2976 1567,2976 1625,2978 1683,2976"/>
                <TextEquiv>
                    <Unicode>ein Nachsprechen billig-altlichen Geschwätzes, dass die Blitz¬</Unicode>
                </TextEquiv>
            </TextLine>
            <TextLine id="tr_2_tl_55" custom="readingOrder {index:54;}">
                <Coords points="519,3027 1689,3032 1577,2980 517,2971"/>
                <Baseline points="525,3006 583,3009 641,3009 700,3009 758,3011 816,3010 875,3012 933,3012 991,3015 1050,3015 1108,3015 1166,3015 1225,3017 1283,3018 1341,3018 1400,3020 1458,3021 1516,3021 1575,3021 1633,3023 1692,3027"/>
                <TextEquiv>
                    <Unicode>meldung ein Uebel sei? Ein Missstand, dass man in jedem</Unicode>
                </TextEquiv>
            </TextLine>
            <TextLine id="tr_2_tl_56" custom="readingOrder {index:55;}">
                <Coords points="159,3064 313,3050 331,3064 363,3058 381,3070 397,3060 439,3072 464,3064 464,3023 408,3011 360,3021 329,3012 308,3026 159,3009"/>
                <Baseline points="167,3048 192,3048 217,3048 242,3050 267,3051 292,3051 317,3052 342,3054 367,3054 392,3054 417,3054 442,3053 468,3051"/>
                <TextEquiv>
                    <Unicode>Mann? Günther</Unicode>
                </TextEquiv>
            </TextLine>
            <TextLine id="tr_2_tl_57" custom="readingOrder {index:56;}">
                <Coords points="517,3066 1689,3079 1689,3035 1568,3029 517,3032"/>
                <Baseline points="525,3051 583,3051 641,3053 700,3054 758,3054 816,3054 875,3056 933,3057 991,3060 1050,3060 1108,3060 1166,3063 1225,3063 1283,3063 1341,3063 1400,3063 1458,3063 1516,3066 1575,3066 1633,3068 1692,3069"/>
                <TextEquiv>
                    <Unicode>Augenblick ahnt, was auf diesem Stern vorgeht? Ist es nicht</Unicode>
                </TextEquiv>
            </TextLine>
            <TextLine id="tr_2_tl_58" custom="readingOrder {index:57;}">
                <Coords points="156,3106 251,3094 313,3110 338,3097 431,3131 467,3130 466,3063 437,3072 425,3060 320,3069 267,3054 154,3063"/>
                <Baseline points="164,3095 189,3095 215,3095 240,3093 266,3094 291,3097 317,3098 343,3098 368,3098 394,3098 419,3098 445,3098 471,3098"/>
                <TextEquiv>
                    <Unicode>ing? In diesem</Unicode>
                </TextEquiv>
            </TextLine>
            <TextLine id="tr_2_tl_59" custom="readingOrder {index:58;}">
                <Coords points="526,3107 1128,3128 1173,3110 1171,3066 525,3067"/>
                <Baseline points="534,3092 566,3094 598,3095 630,3095 662,3095 694,3095 726,3096 758,3098 790,3098 822,3098 855,3099 887,3101 919,3101 951,3102 983,3104 1015,3102 1047,3102 1079,3104 1111,3104 1143,3102 1176,3101"/>
                <TextEquiv>
                    <Unicode>eine Blödheit, hergegen zu eifern?</Unicode>
                </TextEquiv>
            </TextLine>
            <TextLine id="tr_2_tl_60" custom="readingOrder {index:59;}">
                <Coords points="568,3156 1649,3184 1686,3127 566,3107"/>
                <Baseline points="576,3140 631,3140 687,3140 742,3142 798,3143 854,3143 909,3144 965,3148 1021,3149 1076,3149 1132,3149 1188,3151 1243,3152 1299,3152 1355,3152 1410,3150 1466,3152 1522,3155 1577,3153 1633,3155 1689,3155"/>
                <TextEquiv>
                    <Unicode>Alle zwölf Reporter sind mir zwölfmal mehr wert als der</Unicode>
                </TextEquiv>
            </TextLine>
            <TextLine id="tr_2_tl_61" custom="readingOrder {index:60;}">
                <Coords points="162,3192 280,3199 296,3189 368,3208 403,3192 463,3204 460,3153 437,3147 385,3159 335,3140 256,3153 193,3138 160,3150"/>
                <Baseline points="170,3176 196,3178 223,3179 250,3179 277,3180 304,3182 330,3184 357,3185 384,3185 411,3185 438,3185 465,3185"/>
                <TextEquiv>
                    <Unicode>die ein Andrer</Unicode>
                </TextEquiv>
            </TextLine>
            <TextLine id="tr_2_tl_62" custom="readingOrder {index:61;}">
                <Coords points="517,3208 559,3193 612,3208 692,3195 720,3217 765,3202 806,3227 943,3202 941,3155 924,3152 881,3162 787,3146 761,3168 738,3150 516,3150"/>
                <Baseline points="525,3185 551,3185 577,3185 603,3185 630,3185 656,3185 682,3185 709,3185 735,3185 761,3186 788,3188 814,3188 840,3188 867,3190 893,3191 919,3191 946,3194"/>
                <TextEquiv>
                    <Unicode>fragwürdige „Dichter“.</Unicode>
                </TextEquiv>
            </TextLine>
            <TextLine id="tr_2_tl_63" custom="readingOrder {index:62;}">
                <Coords points="154,3238 279,3227 339,3263 378,3241 391,3248 466,3232 464,3204 414,3193 375,3207 296,3189 280,3199 153,3195"/>
                <Baseline points="161,3221 186,3223 212,3224 237,3226 263,3227 288,3227 314,3228 340,3230 365,3232 391,3232 416,3229 442,3226 468,3224"/>
                <TextEquiv>
                    <Unicode>gar in der „See¬</Unicode>
                </TextEquiv>
            </TextLine>
            <TextLine id="tr_2_tl_64" custom="readingOrder {index:63;}">
                <Coords points="154,3309 185,3296 227,3310 264,3296 334,3300 360,3279 388,3276 445,3291 464,3284 463,3233 423,3236 380,3259 357,3250 341,3263 302,3242 208,3227 151,3241"/>
                <Baseline points="161,3266 186,3268 212,3269 237,3269 263,3270 288,3272 314,3273 340,3275 365,3275 391,3275 416,3275 442,3275 468,3275"/>
                <TextEquiv>
                    <Unicode>bilder... die</Unicode>
                </TextEquiv>
            </TextLine>
            <TextLine id="tr_2_tl_65" custom="readingOrder {index:64;}">
                <Coords points="574,3300 1671,3340 1684,3270 572,3241"/>
                <Baseline points="582,3290 637,3290 692,3290 747,3291 802,3292 858,3295 913,3296 968,3298 1023,3298 1078,3301 1134,3300 1189,3300 1244,3301 1299,3301 1354,3304 1410,3304 1465,3304 1520,3304 1575,3307 1630,3307 1686,3304"/>
                <TextEquiv>
                    <Unicode>Die Straub (einzige sprechende Frau des Abends) war sonst</Unicode>
                </TextEquiv>
            </TextLine>
            <TextLine id="tr_2_tl_66" custom="readingOrder {index:65;}">
                <Coords points="511,3337 1450,3376 1481,3318 510,3293"/>
                <Baseline points="519,3331 567,3331 615,3334 663,3337 711,3337 760,3337 808,3338 856,3340 904,3342 952,3343 1001,3343 1049,3346 1097,3343 1145,3343 1193,3343 1242,3346 1290,3346 1338,3346 1386,3346 1434,3347 1483,3349"/>
                <TextEquiv>
                    <Unicode>schon innnerlicher. Hier mit etwas Dilettantenton.</Unicode>
                </TextEquiv>
            </TextLine>
            <TextLine id="tr_2_tl_67" custom="readingOrder {index:66;}">
                <Coords points="151,3365 289,3365 320,3380 351,3364 397,3385 409,3374 464,3377 463,3324 440,3328 396,3304 332,3324 307,3312 265,3333 216,3312 193,3327 166,3310 150,3316"/>
                <Baseline points="158,3355 183,3355 209,3355 235,3355 261,3356 287,3358 313,3358 338,3358 364,3358 390,3358 416,3358 442,3358 468,3358"/>
                <TextEquiv>
                    <Unicode>tenden Taucher;</Unicode>
                </TextEquiv>
            </TextLine>
            <TextLine id="tr_2_tl_68" custom="readingOrder {index:67;}">
                <Coords points="574,3396 1672,3419 1686,3370 572,3346"/>
                <Baseline points="582,3385 637,3386 692,3388 748,3388 803,3391 858,3393 914,3392 969,3394 1024,3397 1080,3397 1135,3397 1190,3395 1246,3399 1301,3400 1356,3401 1412,3403 1467,3403 1522,3400 1578,3403 1633,3404 1689,3406"/>
                <TextEquiv>
                    <Unicode>George (welcher den Kitschklang eines Matrosen Pep zu</Unicode>
                </TextEquiv>
            </TextLine>
            <TextLine id="tr_2_tl_69" custom="readingOrder {index:68;}">
                <Coords points="147,3419 179,3429 236,3407 271,3431 337,3404 369,3422 397,3414 461,3429 461,3377 390,3382 350,3365 313,3380 227,3362 193,3380 165,3361 147,3365"/>
                <Baseline points="155,3403 180,3401 206,3400 232,3402 258,3403 284,3403 310,3402 335,3400 361,3402 387,3403 413,3403 439,3403 465,3403"/>
                <TextEquiv>
                    <Unicode>r Film ist es.</Unicode>
                </TextEquiv>
            </TextLine>
            <TextLine id="tr_2_tl_70" custom="readingOrder {index:69;}">
                <Coords points="511,3438 1680,3475 1686,3419 762,3419 510,3377"/>
                <Baseline points="519,3430 577,3430 636,3430 694,3433 753,3433 811,3435 870,3439 928,3439 987,3440 1045,3440 1104,3439 1162,3442 1221,3442 1279,3445 1338,3446 1396,3448 1455,3448 1513,3448 1572,3448 1630,3448 1689,3451"/>
                <TextEquiv>
                    <Unicode>äussern hat, setzt, gleich ihr, eine ferne Verwandtschaft an</Unicode>
                </TextEquiv>
            </TextLine>
            <TextLine id="tr_2_tl_71" custom="readingOrder {index:70;}">
                <Coords points="511,3494 729,3482 774,3506 1010,3490 1170,3512 1186,3451 510,3438"/>
                <Baseline points="519,3481 552,3477 586,3475 619,3475 653,3475 687,3475 720,3476 754,3478 787,3478 821,3480 855,3481 888,3482 922,3484 955,3484 989,3484 1023,3485 1056,3487 1090,3485 1123,3485 1157,3486 1191,3484"/>
                <TextEquiv>
                    <Unicode>geraubtes Familienblatt in die Luft.</Unicode>
                </TextEquiv>
            </TextLine>
            <TextLine id="tr_2_tl_72" custom="readingOrder {index:71;}">
                <Coords points="144,3540 325,3555 468,3540 468,3485 457,3481 418,3494 384,3482 357,3494 314,3485 144,3494"/>
                <Baseline points="152,3531 178,3531 205,3531 231,3531 258,3532 284,3534 311,3534 338,3534 364,3534 391,3534 417,3534 444,3534 471,3534"/>
                <TextEquiv>
                    <Unicode>kommt: oh, dann</Unicode>
                </TextEquiv>
            </TextLine>
            <TextLine id="tr_2_tl_73" custom="readingOrder {index:72;}">
                <Coords points="571,3542 1683,3559 1681,3509 1610,3500 571,3494"/>
                <Baseline points="579,3525 634,3525 689,3526 745,3528 800,3531 855,3532 911,3534 966,3536 1021,3534 1077,3537 1132,3537 1187,3539 1243,3537 1298,3540 1353,3541 1409,3543 1464,3543 1519,3546 1575,3546 1630,3546 1686,3546"/>
                <TextEquiv>
                    <Unicode>Und weil die Luft im U-Boot rar wird, ist George beim</Unicode>
                </TextEquiv>
            </TextLine>
            <TextLine id="tr_2_tl_74" custom="readingOrder {index:73;}">
                <Coords points="150,3585 212,3582 240,3595 280,3586 339,3608 378,3589 460,3592 460,3545 448,3540 331,3555 277,3542 239,3552 193,3537 150,3540"/>
                <Baseline points="158,3576 183,3576 208,3576 234,3576 259,3577 284,3578 310,3579 335,3579 360,3579 386,3579 411,3579 436,3579 462,3579"/>
                <TextEquiv>
                    <Unicode>Schumann gesagt</Unicode>
                </TextEquiv>
            </TextLine>
            <TextLine id="tr_2_tl_75" custom="readingOrder {index:74;}">
                <Coords points="520,3583 1603,3608 1567,3555 520,3534"/>
                <Baseline points="528,3573 581,3570 635,3571 689,3573 743,3573 797,3576 851,3577 905,3578 959,3580 1013,3582 1067,3585 1120,3582 1174,3582 1228,3582 1282,3585 1336,3585 1390,3586 1444,3588 1498,3588 1552,3588 1606,3588"/>
                <TextEquiv>
                    <Unicode>Fauchen im Element. Seiten hat er so begründet getaucht.</Unicode>
                </TextEquiv>
            </TextLine>
            <TextLine id="tr_2_tl_76" custom="readingOrder {index:75;}">
                <Coords points="150,3637 168,3628 205,3634 227,3628 242,3638 264,3628 280,3635 313,3629 314,3588 286,3591 277,3585 255,3591 251,3586 240,3595 221,3592 213,3583 176,3592 151,3585"/>
                <Baseline points="158,3621 184,3621 210,3621 237,3621 263,3621 289,3620 316,3618"/>
                <TextEquiv>
                    <Unicode>anfingen.</Unicode>
                </TextEquiv>
            </TextLine>
            <TextLine id="tr_2_tl_77" custom="readingOrder {index:76;}">
                <Coords points="577,3631 1683,3660 1681,3604 577,3585"/>
                <Baseline points="585,3624 640,3624 695,3624 750,3624 805,3627 860,3630 915,3631 970,3633 1025,3636 1080,3636 1135,3636 1190,3636 1245,3638 1300,3639 1355,3638 1410,3639 1465,3642 1520,3642 1575,3645 1630,3645 1686,3645"/>
                <TextEquiv>
                    <Unicode>(Bei alledem geht es um Linienunterschiede. Fraglos ist hier</Unicode>
                </TextEquiv>
            </TextLine>
            <TextLine id="tr_2_tl_78" custom="readingOrder {index:77;}">
                <Coords points="153,3672 173,3680 231,3668 256,3681 296,3668 375,3684 463,3675 463,3634 421,3637 409,3626 391,3637 365,3626 259,3629 237,3644 212,3629 153,3637"/>
                <Baseline points="161,3669 186,3667 211,3666 237,3666 262,3666 287,3666 313,3666 338,3666 363,3666 389,3666 414,3666 439,3666 465,3666"/>
                <TextEquiv>
                    <Unicode>des Bois</Unicode>
                </TextEquiv>
            </TextLine>
            <TextLine id="tr_2_tl_79" custom="readingOrder {index:78;}">
                <Coords points="528,3683 1570,3711 1680,3706 1678,3656 526,3635"/>
                <Baseline points="534,3666 591,3667 648,3669 706,3669 763,3669 821,3673 878,3675 936,3675 993,3676 1051,3680 1108,3681 1165,3681 1223,3682 1280,3684 1338,3684 1395,3687 1453,3689 1510,3688 1568,3690 1625,3690 1683,3687"/>
                <TextEquiv>
                    <Unicode>eine Kraft — aber die seelisch punktrollern muss, um straff zu</Unicode>
                </TextEquiv>
            </TextLine>
            <TextLine id="tr_2_tl_80" custom="readingOrder {index:79;}">
                <Coords points="150,3721 196,3737 222,3717 258,3717 305,3740 339,3728 360,3746 418,3746 439,3726 460,3727 460,3685 439,3672 380,3683 296,3669 264,3685 231,3668 150,3678"/>
                <Baseline points="158,3713 183,3711 208,3710 234,3710 259,3710 284,3710 310,3710 335,3710 360,3712 386,3713 411,3713 436,3712 462,3710"/>
                <TextEquiv>
                    <Unicode>den Wahnsinn</Unicode>
                </TextEquiv>
            </TextLine>
            <TextLine id="tr_2_tl_81" custom="readingOrder {index:80;}">
                <Coords points="522,3742 559,3746 609,3724 646,3746 686,3721 774,3720 823,3748 867,3743 879,3737 878,3681 784,3678 772,3690 715,3674 660,3690 608,3672 520,3684"/>
                <Baseline points="528,3710 553,3712 578,3713 604,3713 629,3714 654,3715 680,3716 705,3716 730,3716 756,3716 781,3716 806,3717 832,3721 857,3724 883,3728"/>
                <TextEquiv>
                    <Unicode>werden, statt dick.)</Unicode>
                </TextEquiv>
            </TextLine>
            <TextEquiv>
                <Unicode></Unicode>
            </TextEquiv>
        </TextRegion>
        <TextRegion orientation="0.0" id="tr_3" custom="readingOrder {index:2;}">
            <Coords points="1719,1430 1719,3768 2952,3768 2952,1430"/>
            <TextLine id="tr_3_tl_1" custom="readingOrder {index:0;}">
                <Coords points="2043,1454 2919,1472 2949,1438 2711,1428 2566,1377 2041,1402"/>
                <Baseline points="2051,1450 2096,1450 2141,1450 2186,1450 2231,1453 2276,1453 2321,1453 2366,1453 2411,1453 2456,1456 2501,1456 2546,1456 2591,1456 2636,1456 2681,1456 2726,1459 2771,1459 2816,1459 2861,1459 2906,1459 2952,1459"/>
                <TextEquiv>
                    <Unicode>de</Unicode>
                </TextEquiv>
            </TextLine>
            <TextLine id="tr_3_tl_2" custom="readingOrder {index:1;}">
                <Coords points="1772,1484 2943,1497 2886,1460 1772,1426"/>
                <Baseline points="1779,1483 1837,1477 1895,1477 1954,1477 2012,1477 2070,1477 2129,1479 2187,1480 2245,1480 2304,1480 2362,1483 2420,1484 2479,1484 2537,1486 2595,1486 2654,1486 2712,1486 2770,1486 2829,1489 2887,1489 2946,1486"/>
                <TextEquiv>
                    <Unicode>ausweitung: Dr. Adolf Roeder; für den übrigen Teil des Blattes.</Unicode>
                </TextEquiv>
            </TextLine>
            <TextLine id="tr_3_tl_3" custom="readingOrder {index:2;}">
                <Coords points="1775,1511 2941,1531 2900,1493 1775,1484"/>
                <Baseline points="1782,1501 1840,1504 1898,1504 1956,1504 2014,1507 2072,1507 2130,1507 2188,1510 2246,1510 2304,1510 2362,1510 2420,1510 2478,1512 2536,1513 2594,1513 2652,1516 2710,1514 2768,1513 2826,1515 2884,1517 2943,1519"/>
                <TextEquiv>
                    <Unicode>Albert Pilz für die Inserat: Heinrich Baron, sämtlich in Berlin.</Unicode>
                </TextEquiv>
            </TextLine>
            <TextLine id="tr_3_tl_4" custom="readingOrder {index:3;}">
                <Coords points="1761,1546 2943,1558 2832,1518 1761,1511"/>
                <Baseline points="1770,1534 1828,1535 1887,1539 1946,1537 2005,1538 2064,1540 2122,1540 2181,1543 2240,1543 2299,1545 2358,1546 2416,1546 2475,1546 2534,1546 2593,1547 2652,1549 2710,1549 2769,1549 2828,1549 2887,1549 2946,1549"/>
                <TextEquiv>
                    <Unicode>Druck und Verlag: Rudolf Mosse in Berlin. Hierzu 2 Belblätter.</Unicode>
                </TextEquiv>
            </TextLine>
            <TextLine id="tr_3_tl_5" custom="readingOrder {index:4;}">
                <Coords points="1828,1702 2757,1736 2812,1732 2812,1681 1826,1671"/>
                <Baseline points="1836,1698 1887,1701 1939,1699 1990,1701 2042,1703 2093,1706 2145,1707 2196,1707 2248,1708 2299,1710 2351,1710 2402,1710 2454,1710 2505,1710 2557,1710 2608,1711 2660,1713 2711,1713 2763,1713 2815,1713"/>
                <TextEquiv>
                    <Unicode>Wer war Weisenborn? Ein Anlass. Jedoch niemand.</Unicode>
                </TextEquiv>
            </TextLine>
            <TextLine id="tr_3_tl_6" custom="readingOrder {index:5;}">
                <Coords points="1825,1757 2900,1778 2946,1773 2946,1715 1823,1702"/>
                <Baseline points="1833,1743 1888,1746 1944,1746 2000,1746 2056,1749 2112,1750 2167,1752 2223,1752 2279,1752 2335,1752 2391,1752 2446,1754 2502,1755 2558,1755 2614,1756 2670,1758 2725,1758 2781,1759 2837,1761 2893,1761 2949,1761"/>
                <TextEquiv>
                    <Unicode>Kümmert euch um Kerle, die auch ein Jemand sind. Ich</Unicode>
                </TextEquiv>
            </TextLine>
            <TextLine id="tr_3_tl_7" custom="readingOrder {index:6;}">
                <Coords points="1767,1807 2504,1816 2504,1766 2477,1763 1767,1754"/>
                <Baseline points="1776,1788 1812,1788 1849,1788 1885,1788 1922,1789 1958,1791 1995,1791 2031,1793 2068,1794 2104,1794 2141,1794 2178,1794 2214,1794 2251,1794 2287,1795 2324,1797 2360,1797 2397,1797 2433,1797 2470,1797 2507,1797"/>
                <TextEquiv>
                    <Unicode>meine jetzt nicht mehr die Volksbühne.</Unicode>
                </TextEquiv>
            </TextLine>
            <TextLine id="tr_3_tl_8" custom="readingOrder {index:7;}">
                <Coords points="1819,1844 2946,1859 2934,1806 1819,1801"/>
                <Baseline points="1827,1830 1885,1833 1944,1833 2003,1836 2062,1836 2121,1838 2180,1839 2239,1839 2298,1841 2357,1842 2415,1842 2474,1843 2533,1843 2592,1842 2651,1845 2710,1845 2769,1848 2828,1848 2887,1848 2946,1845"/>
                <TextEquiv>
                    <Unicode>Fallt nicht, individuenfeindlich, in das Extrem, wo es zu dumm</Unicode>
                </TextEquiv>
            </TextLine>
            <TextLine id="tr_3_tl_9" custom="readingOrder {index:8;}">
                <Coords points="1764,1875 2943,1902 2941,1862 2875,1855 1764,1844"/>
                <Baseline points="1773,1874 1831,1877 1890,1877 1948,1877 2007,1880 2065,1880 2124,1880 2182,1883 2241,1884 2299,1886 2358,1886 2416,1886 2475,1888 2533,1889 2592,1889 2650,1889 2709,1892 2767,1892 2826,1894 2884,1895 2943,1889"/>
                <TextEquiv>
                    <Unicode>wird. Einzelmenschen wie Arthur Schnitzler kennt ein Bühnen¬</Unicode>
                </TextEquiv>
            </TextLine>
            <TextLine id="tr_3_tl_10" custom="readingOrder {index:9;}">
                <Coords points="1775,1944 1865,1926 1926,1949 1981,1935 2058,1957 2104,1944 2182,1957 2181,1889 2098,1902 2059,1886 1979,1899 1775,1890"/>
                <Baseline points="1782,1919 1807,1921 1832,1922 1857,1920 1882,1920 1907,1921 1933,1922 1958,1922 1983,1923 2008,1925 2033,1925 2059,1925 2084,1925 2109,1925 2134,1925 2159,1926 2185,1928"/>
                <TextEquiv>
                    <Unicode>herr heute nicht; was</Unicode>
                </TextEquiv>
            </TextLine>
            <TextLine id="tr_3_tl_11" custom="readingOrder {index:10;}">
                <Coords points="2314,1979 2322,1979 2332,1987 2344,1988 2348,1985 2360,1995 2373,1990 2381,1995 2390,1995 2390,1935 2378,1932 2372,1935 2366,1930 2356,1941 2339,1941 2328,1936 2325,1939 2314,1938"/>
                <Baseline points="2322,1973 2358,1973 2394,1973"/>
                <TextEquiv>
                    <Unicode>XI.</Unicode>
                </TextEquiv>
            </TextLine>
            <TextLine id="tr_3_tl_12" custom="readingOrder {index:11;}">
                <Coords points="1819,2015 2946,2038 2946,1982 2253,1995 1818,1954"/>
                <Baseline points="1827,2009 1883,2009 1939,2009 1995,2011 2051,2012 2107,2015 2163,2015 2219,2015 2275,2015 2331,2016 2388,2018 2444,2020 2500,2021 2556,2021 2612,2021 2668,2023 2724,2024 2780,2025 2836,2025 2892,2026 2949,2027"/>
                <TextEquiv>
                    <Unicode>Deutschland hat aber die verdammte Schuldigkeit, seine</Unicode>
                </TextEquiv>
            </TextLine>
            <TextLine id="tr_3_tl_13" custom="readingOrder {index:12;}">
                <Coords points="1760,2073 2946,2073 2838,2030 1758,2021"/>
                <Baseline points="1767,2054 1826,2051 1885,2053 1944,2054 2003,2057 2062,2057 2121,2059 2180,2057 2239,2058 2298,2059 2358,2060 2417,2062 2476,2062 2535,2062 2594,2065 2653,2065 2712,2065 2771,2066 2830,2068 2889,2068 2949,2068"/>
                <TextEquiv>
                    <Unicode>Dichter, wirkten sie gleich vor dem Krieg, nicht zu schneiden.</Unicode>
                </TextEquiv>
            </TextLine>
            <TextLine id="tr_3_tl_14" custom="readingOrder {index:13;}">
                <Coords points="1816,2111 2928,2132 2940,2076 1815,2062"/>
                <Baseline points="1824,2095 1882,2095 1941,2097 2000,2098 2059,2098 2118,2098 2177,2101 2236,2104 2295,2104 2354,2104 2412,2104 2471,2107 2530,2107 2589,2107 2648,2107 2707,2109 2766,2110 2825,2110 2884,2112 2943,2113"/>
                <TextEquiv>
                    <Unicode>Schnitzler, jetzt vorübergehend in Berlin, ist jemand. (Ihr</Unicode>
                </TextEquiv>
            </TextLine>
            <TextLine id="tr_3_tl_15" custom="readingOrder {index:14;}">
                <Coords points="1758,2157 2857,2175 2943,2167 2943,2127 1874,2116 1757,2070"/>
                <Baseline points="1767,2137 1829,2140 1891,2140 1953,2140 2015,2142 2077,2140 2139,2144 2201,2146 2263,2146 2325,2149 2387,2149 2449,2150 2511,2152 2573,2152 2635,2150 2697,2152 2759,2152 2821,2155 2883,2155 2946,2158"/>
                <TextEquiv>
                    <Unicode>sagt irrig: er war jemand.) Er ist es in allem, was er war. Was</Unicode>
                </TextEquiv>
            </TextLine>
            <TextLine id="tr_3_tl_16" custom="readingOrder {index:15;}">
                <Coords points="1755,2213 1889,2182 2921,2219 2947,2169 1754,2153"/>
                <Baseline points="1764,2182 1823,2182 1882,2182 1941,2185 2001,2185 2060,2187 2119,2188 2178,2191 2238,2191 2297,2191 2356,2193 2415,2193 2475,2194 2534,2194 2593,2196 2652,2197 2712,2198 2771,2200 2830,2200 2889,2200 2949,2203"/>
                <TextEquiv>
                    <Unicode>er ist. Ihr habt ihn zu spielen. Gebt bitte deutschen Gestalten</Unicode>
                </TextEquiv>
            </TextLine>
            <TextLine id="tr_3_tl_17" custom="readingOrder {index:16;}">
                <Coords points="1760,2261 1840,2236 2003,2255 2095,2234 2313,2268 2412,2243 2411,2212 2362,2194 2090,2216 1887,2182 1758,2209"/>
                <Baseline points="1767,2221 1799,2225 1831,2228 1864,2229 1896,2227 1929,2229 1961,2230 1993,2230 2026,2230 2058,2230 2091,2231 2123,2233 2155,2233 2188,2234 2220,2236 2253,2236 2285,2236 2317,2236 2350,2236 2382,2236 2415,2236"/>
                <TextEquiv>
                    <Unicode>eine Möglichkeit — und ein Risiko.</Unicode>
                </TextEquiv>
            </TextLine>
            <TextLine id="tr_3_tl_18" custom="readingOrder {index:17;}">
                <Coords points="2299,2319 2319,2325 2333,2310 2371,2319 2387,2310 2396,2310 2396,2249 2379,2249 2356,2267 2338,2256 2319,2268 2299,2267"/>
                <Baseline points="2307,2298 2338,2298 2369,2298 2400,2298"/>
                <TextEquiv>
                    <Unicode>XII.</Unicode>
                </TextEquiv>
            </TextLine>
            <TextLine id="tr_3_tl_19" custom="readingOrder {index:18;}">
                <Coords points="1813,2345 2941,2368 2940,2314 2796,2301 2623,2339 1813,2307"/>
                <Baseline points="1821,2337 1877,2337 1933,2339 1989,2340 2045,2340 2101,2343 2157,2343 2213,2343 2269,2346 2325,2347 2382,2349 2438,2349 2494,2352 2550,2352 2606,2352 2662,2354 2718,2355 2774,2356 2830,2358 2886,2358 2943,2358"/>
                <TextEquiv>
                    <Unicode>Also steigt aufs Pferd. Ich bin ganz dafür. Aber fallt nicht</Unicode>
                </TextEquiv>
            </TextLine>
            <TextLine id="tr_3_tl_20" custom="readingOrder {index:19;}">
                <Coords points="1752,2431 1818,2387 2403,2399 2403,2357 2373,2353 1752,2350"/>
                <Baseline points="1761,2388 1793,2384 1825,2382 1857,2382 1890,2382 1922,2382 1954,2382 1986,2382 2019,2382 2051,2383 2083,2385 2115,2385 2148,2387 2180,2388 2212,2388 2244,2388 2277,2388 2309,2389 2341,2391 2373,2391 2406,2391"/>
                <TextEquiv>
                    <Unicode>gleich auf der andren Seite herab.</Unicode>
                </TextEquiv>
            </TextLine>
            <TextLine id="tr_3_tl_21" custom="readingOrder {index:20;}">
                <Coords points="1813,2437 2299,2436 2427,2457 2427,2399 2345,2414 2170,2390 2095,2416 2055,2391 1813,2394"/>
                <Baseline points="1821,2424 1851,2424 1881,2425 1912,2427 1942,2427 1973,2427 2003,2427 2034,2427 2064,2428 2095,2430 2125,2430 2155,2431 2186,2433 2216,2433 2247,2433 2277,2433 2308,2433 2338,2435 2369,2436 2399,2436 2430,2436"/>
                <TextEquiv>
                    <Unicode>Probleme? Ja. Dichter? Auch</Unicode>
                </TextEquiv>
            </TextLine>
            <TextLine id="tr_3_tl_22" custom="readingOrder {index:21;}">
                <Coords points="1818,2488 2494,2519 2738,2498 2756,2451 2596,2455 2514,2418 2434,2457 1816,2434"/>
                <Baseline points="1824,2468 1870,2471 1917,2471 1964,2471 2011,2471 2058,2472 2105,2474 2151,2475 2198,2478 2245,2480 2292,2480 2339,2480 2386,2480 2433,2482 2479,2483 2526,2483 2573,2483 2620,2483 2667,2483 2714,2483 2761,2486"/>
                <TextEquiv>
                    <Unicode>Dichter des Landes sind unangemeldet vorzulassen.</Unicode>
                </TextEquiv>
            </TextLine>
            <TextLine id="tr_3_tl_23" custom="readingOrder {index:22;}">
                <Coords points="2636,2560 2664,2563 2676,2550 2717,2557 2737,2545 2787,2560 2796,2551 2880,2566 2878,2471 2797,2470 2735,2504 2676,2489 2634,2505"/>
                <Baseline points="2642,2528 2668,2528 2695,2529 2722,2530 2749,2531 2775,2531 2802,2533 2829,2533 2856,2532 2883,2534"/>
                <TextEquiv>
                    <Unicode>Alfred Kerr.</Unicode>
                </TextEquiv>
            </TextLine>
            <TextLine id="tr_3_tl_24" custom="readingOrder {index:23;}">
                <Coords points="1810,2633 2929,2651 2928,2565 2747,2551 2583,2602 1809,2560"/>
                <Baseline points="1818,2612 1873,2610 1929,2613 1984,2615 2040,2615 2096,2618 2151,2618 2207,2618 2263,2621 2318,2623 2374,2622 2430,2624 2485,2624 2541,2627 2597,2625 2652,2627 2708,2630 2764,2630 2819,2633 2875,2633 2931,2633"/>
                <TextEquiv>
                    <Unicode>Gleichzeitig kam im Kleinen Haus der württembergischen</Unicode>
                </TextEquiv>
            </TextLine>
            <TextLine id="tr_3_tl_25" custom="readingOrder {index:24;}">
                <Coords points="1755,2664 2829,2694 2928,2651 1754,2611"/>
                <Baseline points="1764,2657 1822,2656 1880,2656 1939,2657 1997,2660 2055,2660 2114,2660 2172,2663 2230,2664 2289,2666 2347,2666 2405,2668 2464,2668 2522,2669 2580,2670 2639,2670 2697,2672 2755,2672 2814,2675 2872,2677 2931,2677"/>
                <TextEquiv>
                    <Unicode>Landestheater in Stuttgart die amerikanische Tragödie der „Sechs</Unicode>
                </TextEquiv>
            </TextLine>
            <TextLine id="tr_3_tl_26" custom="readingOrder {index:25;}">
                <Coords points="1752,2706 2916,2729 2915,2683 1752,2667"/>
                <Baseline points="1761,2695 1818,2698 1876,2698 1934,2698 1992,2701 2050,2701 2108,2701 2166,2704 2224,2704 2282,2706 2340,2707 2397,2708 2455,2710 2513,2712 2571,2713 2629,2713 2687,2715 2745,2713 2803,2717 2861,2719 2919,2716"/>
                <TextEquiv>
                    <Unicode>Matrosen von S 4“ von Günther Weisenborn unter der ge¬</Unicode>
                </TextEquiv>
            </TextLine>
            <TextLine id="tr_3_tl_27" custom="readingOrder {index:26;}">
                <Coords points="1758,2750 2929,2769 2894,2725 1758,2707"/>
                <Baseline points="1767,2737 1825,2741 1883,2743 1941,2743 1999,2745 2058,2744 2116,2746 2174,2749 2232,2749 2290,2751 2349,2752 2407,2753 2465,2755 2523,2758 2581,2756 2640,2758 2698,2760 2756,2761 2814,2762 2872,2764 2931,2764"/>
                <TextEquiv>
                    <Unicode>schickten Regie von Friedrich Brandenburg mit durchschlagen¬</Unicode>
                </TextEquiv>
            </TextLine>
            <TextLine id="tr_3_tl_28" custom="readingOrder {index:27;}">
                <Coords points="1754,2795 2913,2826 2926,2769 1752,2752"/>
                <Baseline points="1761,2782 1819,2787 1878,2787 1936,2788 1995,2788 2053,2788 2112,2791 2170,2791 2229,2794 2287,2794 2346,2797 2404,2797 2463,2797 2521,2800 2580,2800 2638,2802 2697,2803 2755,2804 2814,2806 2872,2806 2931,2809"/>
                <TextEquiv>
                    <Unicode>dem Erfolg zur Uraufführung. Das Stück machte, so berichtet</Unicode>
                </TextEquiv>
            </TextLine>
            <TextLine id="tr_3_tl_29" custom="readingOrder {index:28;}">
                <Coords points="1749,2832 2892,2864 2926,2821 1748,2796"/>
                <Baseline points="1758,2827 1816,2827 1875,2829 1933,2833 1992,2833 2050,2833 2109,2836 2167,2836 2226,2839 2284,2837 2343,2839 2401,2839 2460,2841 2518,2842 2577,2845 2635,2845 2694,2845 2752,2848 2811,2848 2869,2850 2928,2851"/>
                <TextEquiv>
                    <Unicode>unser Korrespondent, auf das vollbesetzte Haus einen so tiefen</Unicode>
                </TextEquiv>
            </TextLine>
            <TextLine id="tr_3_tl_30" custom="readingOrder {index:29;}">
                <Coords points="1755,2886 2852,2909 2922,2903 2922,2858 1754,2836"/>
                <Baseline points="1764,2872 1822,2873 1880,2875 1938,2875 1996,2875 2054,2876 2112,2878 2170,2880 2228,2880 2286,2882 2344,2883 2402,2884 2460,2886 2518,2886 2576,2886 2634,2887 2692,2889 2750,2889 2808,2892 2866,2892 2925,2892"/>
                <TextEquiv>
                    <Unicode>Eindruck, dass das Publikum in offensichtlicher Ergriffenheit</Unicode>
                </TextEquiv>
            </TextLine>
            <TextLine id="tr_3_tl_31" custom="readingOrder {index:30;}">
                <Coords points="1755,2923 2926,2947 2878,2898 1755,2885"/>
                <Baseline points="1764,2913 1822,2916 1880,2916 1938,2919 1996,2919 2055,2920 2113,2922 2171,2922 2229,2923 2287,2927 2346,2928 2404,2928 2462,2928 2520,2931 2578,2932 2637,2934 2695,2934 2753,2937 2811,2937 2869,2937 2928,2934"/>
                <TextEquiv>
                    <Unicode>ohne jede Beifallskundgebung das Haus verliess. Die Darsteller</Unicode>
                </TextEquiv>
            </TextLine>
            <TextLine id="tr_3_tl_32" custom="readingOrder {index:31;}">
                <Coords points="1757,2974 2279,2986 2277,2941 2239,2932 1976,2928 1944,2947 1883,2923 1755,2925"/>
                <Baseline points="1764,2952 1791,2956 1818,2959 1845,2960 1873,2961 1900,2961 1927,2963 1955,2964 1982,2964 2009,2965 2037,2967 2064,2967 2091,2967 2119,2967 2146,2969 2173,2970 2201,2970 2228,2971 2255,2973 2283,2973"/>
                <TextEquiv>
                    <Unicode>verdienen alle Anerkennung.</Unicode>
                </TextEquiv>
            </TextLine>
            <TextLine id="tr_3_tl_33" custom="readingOrder {index:32;}">
                <Coords points="1798,3088 2928,3112 2926,3052 2753,3035 1798,3030"/>
                <Baseline points="1806,3072 1862,3073 1918,3073 1974,3072 2031,3075 2087,3078 2143,3078 2199,3078 2256,3078 2312,3081 2368,3081 2424,3083 2481,3084 2537,3084 2593,3085 2649,3086 2706,3086 2762,3089 2818,3091 2874,3089 2931,3089"/>
                <TextEquiv>
                    <Unicode>„Arabellae Befreiung“ vertagt. Unter dem Vorsitz des</Unicode>
                </TextEquiv>
            </TextLine>
            <TextLine id="tr_3_tl_34" custom="readingOrder {index:33;}">
                <Coords points="1746,3121 2919,3144 2918,3100 2857,3095 1746,3078"/>
                <Baseline points="1755,3113 1813,3113 1871,3115 1930,3116 1988,3116 2046,3118 2105,3119 2163,3119 2221,3122 2280,3124 2338,3125 2396,3125 2455,3127 2513,3125 2571,3128 2630,3128 2688,3131 2746,3131 2805,3134 2863,3134 2922,3131"/>
                <TextEquiv>
                    <Unicode>Landgerichtsdirektors Ohnesorge sollte heute die Berufungs¬</Unicode>
                </TextEquiv>
            </TextLine>
            <TextLine id="tr_3_tl_35" custom="readingOrder {index:34;}">
                <Coords points="1746,3164 2918,3190 2852,3141 1746,3121"/>
                <Baseline points="1755,3155 1813,3158 1871,3158 1930,3161 1988,3159 2046,3161 2105,3161 2163,3164 2221,3164 2280,3166 2338,3167 2396,3170 2455,3170 2513,3173 2571,3173 2630,3173 2688,3173 2746,3176 2805,3177 2863,3179 2922,3173"/>
                <TextEquiv>
                    <Unicode>kammer des Landgerichts III über den Antrag auf neuerliche</Unicode>
                </TextEquiv>
            </TextLine>
            <TextLine id="tr_3_tl_36" custom="readingOrder {index:35;}">
                <Coords points="1740,3213 2918,3247 2925,3183 1739,3171"/>
                <Baseline points="1749,3200 1811,3201 1873,3203 1935,3203 1997,3206 2059,3206 2121,3209 2183,3209 2245,3209 2307,3210 2369,3215 2431,3215 2493,3215 2555,3215 2617,3215 2679,3215 2741,3218 2803,3223 2865,3221 2928,3224"/>
                <TextEquiv>
                    <Unicode>Beschlagnahme des Buches „Arabellas Befreiung von</Unicode>
                </TextEquiv>
            </TextLine>
            <TextLine id="tr_3_tl_37" custom="readingOrder {index:36;}">
                <Coords points="1740,3260 2857,3284 2915,3242 1739,3214"/>
                <Baseline points="1749,3245 1807,3245 1866,3247 1924,3248 1983,3248 2041,3250 2100,3251 2158,3251 2217,3254 2275,3254 2334,3257 2392,3255 2451,3259 2509,3260 2568,3259 2626,3259 2685,3263 2743,3264 2802,3266 2860,3266 2919,3266"/>
                <TextEquiv>
                    <Unicode>A. M. Frey verhandeln, aber die Verhandlung wurde nicht zu</Unicode>
                </TextEquiv>
            </TextLine>
            <TextLine id="tr_3_tl_38" custom="readingOrder {index:37;}">
                <Coords points="1743,3306 2842,3336 2918,3319 2918,3273 1742,3256"/>
                <Baseline points="1752,3290 1810,3289 1869,3289 1927,3290 1986,3292 2044,3292 2103,3292 2161,3295 2220,3295 2278,3295 2337,3298 2395,3299 2454,3301 2512,3301 2571,3302 2629,3304 2688,3301 2746,3307 2805,3307 2863,3307 2922,3307"/>
                <TextEquiv>
                    <Unicode>Ende geführt; mit Rücksicht auf bereits vorher anberaumte</Unicode>
                </TextEquiv>
            </TextLine>
            <TextLine id="tr_3_tl_39" custom="readingOrder {index:38;}">
                <Coords points="1737,3347 2808,3362 2775,3310 1737,3310"/>
                <Baseline points="1746,3337 1799,3333 1852,3332 1905,3334 1959,3336 2012,3337 2065,3337 2119,3338 2172,3340 2225,3342 2279,3343 2332,3343 2385,3343 2438,3344 2492,3346 2545,3346 2598,3346 2652,3346 2705,3347 2758,3351 2812,3352"/>
                <TextEquiv>
                    <Unicode>grössere Termine wurde sie auf unbestimmte Zeit vertagt.</Unicode>
                </TextEquiv>
            </TextLine>
            <TextLine id="tr_3_tl_40" custom="readingOrder {index:39;}">
                <Coords points="1783,3396 2922,3425 2892,3367 1783,3359"/>
                <Baseline points="1791,3394 1847,3392 1904,3394 1961,3396 2017,3397 2074,3397 2131,3397 2187,3400 2244,3400 2301,3402 2358,3402 2414,3403 2471,3406 2528,3405 2584,3405 2641,3406 2698,3409 2754,3411 2811,3412 2868,3412 2925,3412"/>
                <TextEquiv>
                    <Unicode>THEATER-NACHRICHTEN. Im Deutschen Theater ist</Unicode>
                </TextEquiv>
            </TextLine>
            <TextLine id="tr_3_tl_41" custom="readingOrder {index:40;}">
                <Coords points="1743,3431 2919,3463 2861,3416 1743,3390"/>
                <Baseline points="1752,3424 1810,3427 1869,3427 1927,3430 1986,3430 2044,3430 2103,3433 2161,3433 2220,3434 2278,3436 2337,3436 2395,3437 2454,3439 2512,3439 2571,3440 2629,3442 2688,3442 2746,3445 2805,3445 2863,3445 2922,3445"/>
                <TextEquiv>
                    <Unicode>die Uraufführung von Ferdinand Bruckners Schauspiel „Die Ver¬</Unicode>
                </TextEquiv>
            </TextLine>
            <TextLine id="tr_3_tl_42" custom="readingOrder {index:41;}">
                <Coords points="1743,3466 2915,3491 2869,3451 1743,3431"/>
                <Baseline points="1752,3460 1810,3460 1868,3460 1927,3463 1985,3464 2043,3466 2102,3466 2160,3469 2218,3467 2277,3469 2335,3472 2393,3472 2452,3472 2510,3475 2568,3476 2627,3478 2685,3481 2743,3481 2802,3484 2860,3484 2919,3484"/>
                <TextEquiv>
                    <Unicode>brecher“ auf Dienstag, 23. Oktober, festgesetzt. Am Montag, 22. Ok¬</Unicode>
                </TextEquiv>
            </TextLine>
            <TextLine id="tr_3_tl_43" custom="readingOrder {index:42;}">
                <Coords points="1737,3509 2430,3525 2507,3519 2507,3485 1736,3472"/>
                <Baseline points="1746,3496 1784,3498 1822,3498 1860,3498 1898,3497 1937,3497 1975,3498 2013,3498 2051,3498 2089,3500 2128,3501 2166,3501 2204,3501 2242,3501 2280,3504 2319,3504 2357,3506 2395,3507 2433,3507 2471,3508 2510,3510"/>
                <TextEquiv>
                    <Unicode>tober bleibt das Deutsche Theater geschlossen.</Unicode>
                </TextEquiv>
            </TextLine>
            <TextLine id="tr_3_tl_44" custom="readingOrder {index:43;}">
                <Coords points="1792,3534 2915,3561 2915,3521 2698,3505 1792,3502"/>
                <Baseline points="1800,3531 1858,3529 1917,3529 1976,3531 2035,3532 2094,3534 2153,3534 2212,3535 2271,3537 2330,3540 2388,3537 2447,3540 2506,3542 2565,3540 2624,3543 2683,3545 2742,3546 2801,3547 2860,3549 2919,3552"/>
                <TextEquiv>
                    <Unicode>In der Staatsoper am Platz der Republik wird für</Unicode>
                </TextEquiv>
            </TextLine>
            <TextLine id="tr_3_tl_45" custom="readingOrder {index:44;}">
                <Coords points="1740,3567 2805,3602 2925,3591 2925,3559 1739,3527"/>
                <Baseline points="1749,3561 1811,3561 1873,3563 1935,3564 1997,3564 2059,3567 2121,3568 2183,3570 2245,3570 2307,3570 2369,3573 2431,3576 2493,3576 2555,3576 2617,3576 2679,3578 2741,3582 2803,3584 2865,3585 2928,3585"/>
                <TextEquiv>
                    <Unicode>Ende Oktober eine Neuinszenierung von „Carmen unter musikalischer,</Unicode>
                </TextEquiv>
            </TextLine>
            <TextLine id="tr_3_tl_46" custom="readingOrder {index:45;}">
                <Coords points="1735,3602 2909,3638 2907,3592 1735,3570"/>
                <Baseline points="1743,3594 1801,3597 1860,3599 1918,3600 1977,3601 2035,3601 2094,3603 2152,3603 2211,3606 2269,3606 2328,3609 2386,3609 2445,3609 2503,3612 2562,3612 2620,3614 2679,3615 2737,3618 2796,3618 2854,3620 2913,3621"/>
                <TextEquiv>
                    <Unicode>Leitung von Fritz Zweig und szenischen Leitung von Ernst Legal</Unicode>
                </TextEquiv>
            </TextLine>
            <TextLine id="tr_3_tl_47" custom="readingOrder {index:46;}">
                <Coords points="1736,3660 1767,3648 1778,3653 1798,3635 1834,3647 1866,3637 1927,3644 1927,3608 1883,3601 1864,3611 1831,3605 1821,3611 1800,3601 1791,3608 1735,3607"/>
                <Baseline points="1743,3627 1769,3630 1796,3633 1823,3633 1850,3632 1877,3630 1904,3632 1931,3636"/>
                <TextEquiv>
                    <Unicode>vorbereitet.</Unicode>
                </TextEquiv>
            </TextLine>
            <TextLine id="tr_3_tl_48" custom="readingOrder {index:47;}">
                <Coords points="1789,3672 2918,3697 2895,3632 1789,3637"/>
                <Baseline points="1797,3666 1853,3666 1909,3668 1965,3669 2022,3669 2078,3667 2134,3671 2190,3672 2247,3672 2303,3675 2359,3675 2415,3677 2472,3678 2528,3679 2584,3681 2640,3681 2697,3684 2753,3682 2809,3684 2865,3687 2922,3687"/>
                <TextEquiv>
                    <Unicode>Im Kleinen Theater spielen neben Max Adalbert in dem</Unicode>
                </TextEquiv>
            </TextLine>
            <TextLine id="tr_3_tl_49" custom="readingOrder {index:48;}">
                <Coords points="1737,3706 2750,3718 2916,3755 2897,3693 1737,3654"/>
                <Baseline points="1746,3699 1804,3700 1863,3702 1921,3702 1980,3704 2039,3704 2097,3707 2156,3707 2215,3705 2273,3707 2332,3707 2391,3706 2449,3710 2508,3713 2567,3713 2625,3715 2684,3716 2743,3717 2801,3721 2860,3725 2919,3725"/>
                <TextEquiv>
                    <Unicode>dreiaktigen Lustspiel „Der Dickkopf von Fritz Friedmann-Frederich</Unicode>
                </TextEquiv>
            </TextLine>
            <TextLine id="tr_3_tl_50" custom="readingOrder {index:49;}">
                <Coords points="1711,3755 2793,3771 2793,3731 2668,3720 1711,3715"/>
                <Baseline points="1719,3740 1772,3737 1826,3737 1880,3739 1934,3740 1988,3740 2042,3741 2096,3743 2150,3743 2204,3745 2258,3746 2311,3747 2365,3748 2419,3748 2473,3752 2527,3752 2581,3752 2635,3752 2689,3754 2743,3755 2797,3758"/>
                <TextEquiv>
                    <Unicode>Adele Sandrock, Max Landa und Ferry Sikla die Hauptrollen.</Unicode>
                </TextEquiv>
            </TextLine>
            <TextEquiv>
                <Unicode></Unicode>
            </TextEquiv>
        </TextRegion>
    </Page>
</PcGts>
