3344 4320
234 185 331 234 eaters
215 228 329 282 Stückes,
232 273 331 325 wäre
230 316 331 374 Nein!
228 486 325 548 In¬
241 583 331 643 wenn
383 120 1256 189 nach in der dabei ihre
1299 112 2174 215 de de dan auch unter
389 174 1256 243 doch Herrn Intendanten um eine Unterredung
1299 183 2165 258 sich rührt. Das preußische Ministerium des In¬
383 221 1251 280 allein und unter vier Augen!“ redet mir Naso
1294 236 2174 295 nern wird jedenfalls nach diesen Erfahrungen mit
385 264 1253 333 gut zu. „Nun wohl! Ich bitte um diese Unter¬
1305 273 2172 348 Herrn Jeßner so bald nicht wieder Lust verspüren.
385 307 690 381 redung. Sofort!“
1301 325 2172 385 einem Künstler eine Festdichtung in Auftrag zu
439 327 1253 413 Daraufhin erklärt Jeßner dem Vermittler:
1301 372 2165 449 geben. Und wer könnte es ihm nach solchem Hin¬
383 389 1251 456 „Nein! Sagen Sie Herrn Doktor Eulenberg, er
1301 413 1956 486 tertreppenspiel auch weiter verdenken?
376 447 1247 507 würde mir mit Recht gleichfalls eine Aussprache
1354 460 2165 531 Es bleibt ein Jammer, daß durch den rohen,
378 492 1256 546 verweigern, wenn ich mich so in seinem Hause
1299 499 2163 576 bildungslosen Betrieb unserer heutigen Schau¬
374 538 1234 591 benommen hätte, wie er soeben in meinem Hause.
1294 550 2163 611 bühnen schließlich noch die letzten Poeten von
385 578 1245 645 Damit eilt er fort. Und ich kann ihm nur noch
1294 598 2165 666 diesen Stätten gedrängt werden, an denen bald
378 630 1247 686 nachrufen: „Wenn Sie sich in meiner Lage be¬
1301 647 2165 705 nur noch Macher und Schieber gedeihen. Es kann
383 673 1245 722 fänden, so dürften Sie sich gegen mich in meinem
1292 677 2163 757 leicht sein, daß die für das nächste Jahr geplante
385 718 1245 765 Hause ebenso aufführen, wie ich hier. So viel
1301 740 2163 798 große und umfassende Theaterausstellung in Mag¬
376 757 1157 819 Temperament wie mir gestehe ich Ihnen zu.
1294 776 2159 834 deburg zugleich Ruhmes= wie Grabeshalle der
430 804 1245 858 Aber er zieht sich scheu zurück. Und mir bleibt
1299 821 2165 888 Schaubühne, wie sie Schiller und die seines Stre¬
376 851 1245 909 nichts übrig, als ihm durch seinen Dramaturgen,
1294 860 2165 927 bens sahen und sehen, werden kann, und daß vor
376 897 1243 948 Dr. Naso, noch bestellen zu lassen, daß ich als
1294 907 2165 974 ihrem Eingangstor, unsichtbar für die Menge, aber
376 937 1236 991 deutscher Dichter jedes Theater, wenigstens von
1299 952 2161 1010 sichtbar jedem Dichter, die Worte prangen: „Hier
374 978 1243 1047 Vorhang an bis zur letzten Bühnenwand, auch als
1299 1004 2159 1060 ruht das deutsche Theater. Es starb an Roheit,
374 1026 1245 1086 mein Haus betrachte. „In meinem
1292 1045 2163 1103 Sachlichkeit, Dichterhaß, Politisiererei und anderen
400 1075 1238 1144 ause!“ Diesem Wort Jeßners mußte ich wäh¬
1292 1090 1750 1165 zeitgenössischen Gebrechen.“
578 1172 2120 1365 derung an Herrn Dr. Herbert Eulenberg
1019 1301 1520 1425 Von Leopold Feßner
1271 1370 2161 1471 beteiligt war, hat seine Kräfte bis zum letzten in
424 1443 1238 1509 Herr Dr. Herbert Eulenberg hält mich —
1286 1460 2161 1516 den Dienst einer Sache gestellt, die sicherlich nicht
408 1496 1238 1552 arum nur? — für seinen Feind und für einen
1286 1505 2163 1561 dem eigenen Lorbeer — wohl aber einer festlichen
393 1544 1230 1600 Intriganten dazu. Der Gedanke ist frei. Ich
1284 1554 2163 1610 Veranstaltung von allgemeinem Interesse galt. Des
366 1589 1230 1649 kann daran — trotzdem ich weder des einen noch
1286 1593 2159 1656 Autors Wünsche, selbst wenn sie der (künstleri¬
363 1634 1236 1690 des anderen mir bewußt bin — leider nichts an¬
1290 1640 2156 1694 schen) Meinung der Leitung und Regie zuwider¬
381 1679 1228 1761 dern. Aber sachlich muß ich einiges richtig¬
1281 1688 2152 1744 liefen, wurden im Sinne des besonderen Charak¬
374 1720 477 1774 stellen.
1286 1729 2156 1791 ters der Aufführung erfüllt. Und wenn der „hohe
419 1748 1236 1825 Ich konnte — sagt Dr. Eulenberg — sein Fest¬
1286 1776 2154 1832 Herr Intendant dem Dialog einige schärfere
376 1817 1230 1868 spiel „Die beste Polizei" ablehnen. Anderenfalls
1286 1817 2154 1870 Schlaglichter aufgesetzt wünschte, so wollte er da¬
363 1866 1232 1916 mußte ich es gut aufführe. Letzteres geschah.
1277 1868 2135 1920 mit gewiß nicht „Rembrandt“ und „Kokoschka
361 1911 1226 1980 Erstere Behauptung aber verschiebt die sachliche
1286 1911 2148 1972 vermengen — und seine „Stillosigkeiten hätten
363 1950 471 2012 Basis,
1284 1952 2152 2008 sich lediglich auf der Linie bewegt, die der Autor
1288 2000 2150 2051 selbst vorgezeichnet hatte. Uebrigens sprach mir
426 1976 1232 2058 Ich habe das Stück von vornherein nicht für
1286 2045 2150 2092 Herr Dr. Eulenberg auf einer der Proben seine
363 2042 1236 2103 das Repertoire angenommen. Ich nahm die Ge¬
1286 2088 2146 2141 Zufriedenheit und seinen Dank aus... wo blieb
363 2088 1234 2150 legenheitsarbeit für eine Gelegenheitsaufführung
1271 2131 1731 2202 da der „heimliche Krieg“?
357 2137 1228 2195 an — als gesellschaftliche mehr, denn als künst¬
361 2176 1230 2227 lerische Tatsache... als Mittler einer Festveran¬
1675 2191 1759 2270 III.
370 2219 1230 2279 staltung des Ministeriums des Innern, die dieses
1324 2240 2150 2331 Zwei Repertoire-Werke der Staatlichen Schau¬
359 2268 1228 2328 in den Räumen des Ministeriums für Wissenschaft,
1277 2298 2148 2361 spielhäuser (Lenz' „Soldaten“ und Wedekinds
359 2307 1228 2361 Kunst und Volksbildung — also am Gendarmen¬
1275 2359 2144 2408 „Lulu") wurden damals vorbereitet — wichtig
361 2346 918 2410 markt — aufzuführen wünschte.
1275 2395 2144 2449 beide für den künstlerischen und materiellen Auf¬
413 2384 1223 2466 Es war des Dichters Herbert Eulenberg
1271 2438 2144 2492 bau des Spielplanes, wichtig auch für die Aus¬
357 2432 1221 2513 Verpflichtung gewiß nicht: aus solchem Anlaß ein
1271 2485 2131 2539 balanierung darstellerischer Kräfte des Hauses
355 2496 1226 2546 Werk gleich Verdis „Alda zu schaffen, das über
1277 2531 2141 2593 Ich habe deren eines zurückgestellt, um meine
353 2533 1221 2595 den Tag hinaus bleibenden Wert behalten sollte
1277 2567 2137 2625 (spätere Verpflichtung dem Ministerium des In¬
359 2580 1228 2647 Es kam aber demgemäß auch niemals eine Reper¬
1271 2623 2141 2668 nern und Herrn Dr. Eulenberg gegenüber voll
353 2621 1228 2685 toireverpflichtung des Staatstheaters in Frage.
1275 2662 2133 2720 zu erfüllen. Nachdem sie aber erfüllt war, hatte
353 2666 1221 2724 Gleichviel habe ich das Festspiel mit allem Re¬
1275 2711 2137 2778 ich weder das Recht noch die Pflicht: das Ge¬
361 2715 1219 2778 spekt betreut, den ich dem Veranstalter sowohl wie
1271 2743 2139 2804 legenheitsstück weiterhin zu spielen. Juristisch hat
355 2761 1215 2829 dem Dichter Herbert Eulenberg schuldig zu sein
1268 2801 2137 2853 ein Vertrag über diese Aufführung nie bestanden
363 2801 499 2879 gente.
1322 2836 2137 2896 sie war ein Sonderfall. Künstlerisch hätte eine
1262 2885 2144 2937 Fortführung des Festspiels dem Dichter der „Lei¬
398 2892 1219 2984 Welcher Anlaß wäre wohl auch für mich ge¬
1262 2930 2137 2988 denschaft“ und der „Belinde wohl kaum genützt
353 2965 1219 3032 wesen: gegen Eulenbergs „Beste Polizei heimlich
1268 2978 2128 3025 — und es scheint mir fast illoyal, für diese meine
353 3014 1221 3077 einen Krieg zu führen? Ich nehme schwere Dinge
1264 3014 2137 3081 Auffassung die Stimmen führender Blätter zu
353 3053 1215 3120 schwer — und harmlose Dinge harmlos. Gleich¬
1262 3059 1404 3130 zitieren.
353 3105 1215 3165 wohl war es das Haus sich selbst und seiner Di¬
1320 3096 2137 3167 Aber verzeihen Sie, Herr Dr. Eulenberg, „ich
359 3143 1217 3197 sziplin schuldig: gewissenhafte Arbeit auch an ein
1262 3130 1883 3206 habe mich" — nach Ihrer Ansicht
1929 3156 2126 3216 heim¬
361 3191 1213 3251 Spiel zu setzen, das der Heiterkeit eines Abends
1260 3197 2128 3251 lich hinter die Presse gemacht, soweit ich ihrer
361 3234 1215 3305 dienen sollte. Das ist selbstverständlich geschehen
1262 3246 2131 3296 habhaft werden konnte. Glauben Sie das wirk¬
411 3281 1215 3337 sowohl in Darstellung wie in Regie. Jeder
1260 3287 2128 3341 lich, obwohl Sie es schrieben? Glauben Sie wirk¬
398 3322 2122 3386 zelne, der an der Aufführung dieses Abends lich, daß es einem Theaterleiter so große Freude
841 3451 1107 3520 Tafelwasser
931 3455 1877 3670 Auf alle Falle
907 3638 1875 3786 Paris-Quelle
841 3816 1967 3881 DEUS MINERAQUELENAGERS 64 MERKUR 4664.66
935 3876 1905 3986 der die amtlichen die Kufen und Annette lettre
1161 3952 1692 4005 de Poen se sanitären Bedarf
2221 176 3090 245 um das Festspiel und seine erste oder zweite Be¬
2232 228 3092 292 setzung. Sie kämpfen um ein Prinzip das Prin¬
2219 271 3092 335 zip der Vergangenheit gegen das Prinzip der Ge¬
2221 322 3090 381 genwart. Sie rennen erbittert, und mit einem
2221 357 3090 419 durch Jahre aufgespeicherten Grimm, Sturm gegen
2221 404 3098 456 den Geist des „Heute", der nach dem Gesetz der
2227 443 3090 507 Wandlung stärker ist als der Geist von „Gestern“.
2232 486 3083 553 Wie aber kann ein Dichter eine Zeit erfüllen,
2225 527 3081 589 wenn er sie in ihrem Wesen und in ihren Erschei¬
2221 583 3090 630 nungsformen so blindlings ablehnt, wie Sie es
2219 617 3083 679 tun, statt daß er versuchte: auch sie zu begreifen und
2225 673 3094 725 zu erfüllen, wie er einstmals seine eigene Zeit be¬
2219 718 3083 778 griffen hat. Unsere heutige Schaubühne ist ja
2214 757 3019 811 wirklich nicht so „roh und bildungslos".
2221 791 3083 860 „verdrängt nicht die letzten Poeten von diesen
2221 841 3081 901 Stätten“. Im Gegenteil: sie sucht Poeten — wie
2221 879 3083 940 kaum eine andere. Und vielleicht ist gerade ihre
2219 922 3083 1008 „Sachlichkeit", die Sie ihr vorwerfen, ihre stärkste
2219 965 2522 1041 Waffe und Kraft.
2270 1073 3085 1150 Genug der Worte sind gewechselt! Und wie
2214 1127 3083 1198 wenig versteht man sich doch — gerade durch
2212 1182 3087 1238 Worte! Vielleicht aber erinnert sich Herr Dr.
2219 1232 3087 1288 Eulenberg einer Zeit, da er mich noch nicht für
2214 1275 3083 1324 seinen Feind hielt und überzeugt war, daß ich ihn
2210 1316 3090 1363 verstand. Meine Königsberger Eulenberg=Ausfüh¬
2206 1363 3085 1419 rungen haben es ihm bewiesen. Glaubt Herr Dr.
2219 1402 3081 1449 Eulenberg, daß ich aufgehört habe, ihn zu ver¬
2214 1440 3087 1505 stehen, nur weil ich jetzt in Berlin Theater leite?
2262 1492 3087 1552 Aber immer verstand ich nur den Poeten Eu¬
2210 1542 3079 1606 lenberg. Ueber persönliche Verstimmung und
2212 1587 3087 1640 „seinen Streit mit mir hinaus hoffe ich, daß der
2210 1634 3081 1703 Tag kommen wird, an dem Herr Dr. Eulenberg
2204 1673 3081 1733 wieder als „Poet" (und nicht mehr als erzürn¬
2206 1718 3074 1778 ter Festspielautor) zu mir sprechen wird — mit
2206 1765 3077 1832 einem neuen Werk des alten Eulenberg.
2206 1810 3055 1873 Mögen inzwischen auch die „Schattenbilder üb
2204 1858 2860 1918 meinem Schattenriß zu Gericht sitzen!
2341 1997 2935 2096 Versöhnungsvolles
2305 2055 2950 2187 Schlußwort des M
2251 2141 3072 2221 Einerseits ist es gewiß schwer möglich, ein
2189 2212 3070 2279 abendfüllendes Stück zu beurteilen, wenn dem Zu¬
2199 2255 3079 2311 schauer bloß ein zusammengestützter Einakter vor¬
2197 2307 3072 2365 gesetzt wird. Andererseits ist es für den Inten¬
2195 2348 3066 2397 danten ein Kreuz mit den vom Ministerium be¬
2197 2386 3068 2449 stellten Stücken, warum, zum Teufel, läßt man
2197 2440 3070 2492 nicht Theaterleiter und Dichter direkt bei und vor
2195 2475 3064 2533 der Geburt verhandeln? Schuld ist also in erster
2189 2518 3062 2595 Linie der verständnislose Ministerialrat, der zuerst
2193 2567 3064 2632 bestellt und dann den Intendanten sorgen läßt.
2245 2614 3062 2666 Wichtiger als dieser für unsere Begriffe etwas
2189 2655 3062 2722 zu unhöflich geführte Streit ist die Frage: Warum,
2184 2703 3057 2767 wenn Jeßner mindestens den früheren Eulenberg
2195 2743 3064 2797 schätzt, warum hat er nicht ein einziges Mal daran
2187 2793 3064 2857 gedacht, ihn aufzuführen? Das Lustspiel „Der
2184 2838 3055 2898 natürliche Vater“ von Hofmannsthal, Pol-
2184 2868 3049 2939 gar, Salten und von Reinhardt, Wegener, Litz¬
2184 2928 3066 2986 mann ungewöhnlich geschätzte Lustspiel, um nur
2180 2961 3059 3019 dieses zu nennen, warum ist es seit der vor zwan¬
2180 3010 3057 3081 zig Jahren in den „Kammerspielen erfolgten Auf¬
2189 3057 3059 3102 führung für Berlin verschollen? Ist es nicht das¬
2182 3100 3055 3167 selbe mit den ungelesenen, zum Teil reizenden
2180 3152 3059 3206 Stücken von Schmidtbonn? Herr Jeßner ist
2182 3186 3057 3249 ein immer nach der neuesten Mode fassonierter
2180 3234 3051 3300 Mann. Das lob' ich mir. Es muß so tadellos
2172 3270 3053 3339 modern frisierte Köpfe geben. Aber geht der aus¬
2180 3326 3049 3380 gezeichnete Mann nicht zuweilen gerade an seinen
2180 3367 3062 3431 Altersgenossen etwas schroff vorüber? Arthur
2182 3412 3051 3470 Schnitzler erzählte einmal, er habe auf einen
2182 3451 3051 3524 freundlichen Brief nach einem halben Jahr eine
2176 3500 3044 3558 korrekte Antwort erhalten, für Gerhart Haupt¬
2174 3548 3049 3603 mann hat Jeßner bis vor kurzem bloß eine
2174 3580 3049 3651 sehr formelle Verbeugung. Zur Bildung
2174 3638 3047 3689 eines Spielplans aber ist, wie ich glaube,
2172 3681 3047 3743 mehr als so viel äußere Korrektheit nötig. Dazu
2174 3720 3036 3773 ist ein freudiges, zugreifendes Nehmen aus allen
2174 3765 3027 3818 Epochen notwendig. Und dann wäre in dem guter
2169 3810 3038 3868 romantischen Poeten Herbert Eulenberg in Düssel¬
2169 3851 3038 3937 dorf auch nicht so grauenhaft tiefer Groll ange¬
2167 3894 2283 3958 häuft.
2653 3930 3001 4025 Stefen Großmann.
