3436 4320
397 81 1159 198 den da an den in the
365 163 664 219 hen worden ist.
349 213 1161 278 las preußische Ministerium des Innern, das
290 253 1156 326 dies alles veranlaßt hat, wendet sich nun an Herrn
290 307 1165 363 Jener als den Intendanten des Staatstheaters
284 357 1156 415 mit der Bitte um die Aufführung des Stückes,
303 397 1159 468 Jenner konnte nun zweierlei tun. Zunächst wäre
284 445 1161 503 es sein gutes Recht gewesen, zu erklären: „Nein!
282 484 1159 549 Die ganze Richtung Eulenbergs paßt mir nicht,
284 530 1152 589 und dies sein Werk besonders nicht. Ich kann
284 576 1159 635 es nicht bringen.“ Dies hätte ihm, der ja nicht im
284 622 1159 674 Untertanenverhältnis zum Ministerium des In¬
284 658 1152 722 nern steht, kein Mensch verargt und verargen dür¬
290 706 1152 766 fen. Sogar ich nicht einmal. Oder aber, wenn
280 758 1156 808 er das Stück annahm, so mußte er als Intendant
280 804 1156 868 auch alles dafür tun, daß es so gut und schön wie
282 837 960 904 möglich an seinem Theater herauskam.
338 883 1152 958 Jener tut nicht das eine noch das andere, son¬
278 941 1156 1008 dern beginnt heimlich einen Krieg gegen den
276 987 1152 1048 Dichter und sein Stück zu führen. Zunächst in¬
284 1031 1150 1090 szeniert er es nicht selbst, noch läßt er es von
284 1075 1150 1134 seinen Spielleitern vorbereiten, sondern bestellt
282 1127 1148 1192 seinen Dramaturgen, Doktor Eckart von Naso,
271 1165 1152 1227 dazu, der das abendfüllende Werk auf die heute so
276 1213 1152 1292 beliebte Anderthalbstundenlange, also fast auf ein
269 1257 843 1321 Einakterformat, zusammenpreßt.
338 1284 1152 1371 Dann besetzt Jeßner es nicht mit seinen ersten
269 1355 1146 1424 Kräften, sondern mit zweiten und dritten. Jeden¬
271 1409 1150 1468 falls nicht mit Premierenschauspieler. Herr
271 1453 1150 1507 Doktor von Naso, der sich übrigens als besserer
269 1495 1146 1551 Regisseur, denn als Dramaturg an dem Stück
265 1538 1146 1603 offenbart, und die übrigen Herrschaften, die tapfer
271 1591 1146 1645 und schön bei seiner Aufführung mitgeholfen haben,
269 1632 1144 1697 kennen mich zu gut, um nicht zu wissen, daß ich
269 1674 1142 1731 dies nicht anführe, um sie herunterzusetzen, son¬
269 1722 1148 1797 dern um nur Jeßners Verhalten mir gegenüber
265 1758 501 1822 zu enthüllen.
317 1791 1144 1885 Ich erscheine zu den letzten Bühnenproben.
267 1841 1144 1937 Wenn ich der kleinste, unbedeutendste Anfänger ge¬
263 1923 1140 1973 wesen wäre, so hätte der Intendant jetzt ein Wort
267 1958 1144 2031 finden müssen, mir sein sonderbares feindseliges
259 2010 1136 2069 Verhalten zu erklären. In Frankreich und Eng¬
263 2048 1138 2110 land wäre ein solches verschwiegenes, verbittertes
263 2094 1138 2152 Benehmen, wie er es mir gegenüber beliebte, schon
265 2148 1131 2204 aus kameradschaftlicher Berufsbrüderschaft, die alle
253 2192 1138 2236 die dem Theater dienen, dort verbindet, ganz un¬
257 2240 1129 2294 möglich gewesen. Allmählich muß ich mir selbst
263 2282 1138 2332 ein Bild aus der Lage machen. Wenn schon die
253 2317 1127 2382 Besetzung des Stückes in Spielleitung und schau¬
263 2367 1129 2426 spielerischen Kräften durch Jenner wenig Stim¬
259 2419 1129 2465 mung für mich und mein Werk bei allen, die mit¬
259 2457 1123 2524 helfen sollen, auslösen mußte, so vernehme ich nun
253 2499 1131 2561 daß bereits von oben her, also doch nur von seiten
257 2549 1131 2609 der Intendantz, von vornherein bestimmt worden
263 2591 1129 2649 sei, das Stück käme überhaupt nur ein einziges
257 2641 1134 2703 Pal an einem Festabend vor geladenen Gästen
257 2682 1134 2751 heraus. Wie wenig Spiellaune und Begeisterung
257 2737 1131 2785 ein solcher vorausgegebener Erlaß bei allen Mit¬
248 2774 1129 2831 wietenden hervorruft, das weiß jeder, der nur das
259 2818 1129 2877 Geringste vom Theater versteht. Und nun merke
248 2860 1125 2929 ich nachgerade, daß der hohe Herr Intendant nicht
248 2912 1125 2964 nur nichts getan hat, dem Stück zu einem Siege
248 2956 1129 3010 zu verhelfen, sondern daß vielmehr alles von ihm
250 2998 1125 3058 geschehen ist, das Werk jedem mies und madig
248 3039 1125 3102 zu machen. Das Ministerium des Innern, das
253 3096 1119 3146 zunächst von meiner Arbeit höchst angetan war
250 3140 1119 3188 meint plötzlich, wie schade, daß ich nicht ein paar
250 3179 1125 3236 ganz moderne, kesse Verhörszenen in das Drama
250 3221 1117 3282 hinein verwoben hätte. Ich verteidige mich gegen
242 3273 1119 3330 diese Joßnersche Stilosigkeit, die man mir plötzlich
248 3319 1119 3371 ansinnt, aus dem Wesen meines Auftrags, der mir
250 3363 1125 3417 die Benutzung des Schillerschen Planes vorschrieb.
250 3409 1125 3459 den könne doch nicht, führte ich mit Recht aus,
248 3451 1119 3505 in ein Bild von Rembrandt oder Watteau auf
242 3499 1119 3557 einmal ein paar Blumen von Pechstein oder eine
232 3549 908 3620 Landschaft von Kokoschka hineinmalen,
294 3603 1119 3664 De Generalprobe kommt. Wenn ich das freie
248 3647 1115 3701 Verfügungsrecht über mein Werk gehabt hätte, so
234 3699 1117 3758 wäre es jetzt noch auf der Stelle von mir zurück¬
244 3737 1119 3793 gezogen worden. Aber ich hatte das Stück in
236 3789 1117 3841 Auftrag übernommen und wäre durch solch einen
242 3833 1119 3889 Entschluß von mir des ganzen, nicht großen Ehren¬
236 3876 1117 3931 soldes verlustig gegangen, der mir für meine
238 3924 1115 3973 wahrhaftig nicht leichte Arbeit zugebilligt war.
244 3968 1111 4031 Das wußte Jeßner. Und wie leicht wäre es für
242 4010 1119 4066 ihn gewesen, noch in diesem letzten Stand der
248 4054 1140 4106 Dingen erklärendes oder versöhnliches Wort für
1213 123 2079 196 herr von den er mich machen
1209 173 2077 236 doch hier auf der Bühne keine Szene! Vor dem
2133 186 2996 257 seiten der Theaterintendanz bei uns auf den sel¬
1219 215 1384 271 Personal!
1434 225 2077 292 „Ich denke, es gibt kein Personal
2129 234 2996 292 tenen Entschluß eines unserer Ministerien, einmal
1209 265 2073 328 mehr in der Republik", erwidere ich. „Bitten Sie
2129 286 2998 342 envas für die Kunst auszuwerfen, antwortet und
1215 309 2075 369 doch Herrn Intendanten um eine Unterredung
2131 324 2991 380 sich rührt. Das preußische Ministerium des In¬
1209 349 2069 418 allein und unter vier Augen!“ redet mir Nase
2133 372 2996 434 nern wird jedenfalls nach diesen Erfahrungen mit
1213 399 2071 470 gut zu. „Nun wohl! Ich bitte um diese Unter¬
2129 407 2998 480 Herrn Jeßner so bald nicht wieder Lust verspüren.
1209 440 1505 505 redung. Sofort!
2131 455 2998 522 einem Künstler eine Festdichtung in Auftrag zu
1263 484 2077 545 Daraufhin erklärt Jeßner dem Vermittler:
2133 501 2996 572 geben. Und wer könnte es ihm nach solchem Hin¬
1207 536 2077 593 „Nein! Sagen Sie Herrn Doktor Eulenberg, er
2125 543 2785 607 tertreppenspiel auch weiter verdenken?
1198 589 2075 645 würde mir mit Recht gleichfalls eine Aussprache
2184 587 2989 653 Es bleibt ein Jammer, daß durch den rohen,
1207 628 2071 681 verweigern, wenn ich mich so in seinem Hause
2129 628 2987 706 bildungslosen Betrieb unserer heutigen Schau¬
1209 668 2056 724 benommen hätte, wie er soeben in meinem Hause.
2131 681 3000 743 bühnen schließlich noch die letzten Poeten von
1207 716 2077 779 Damit eilt er fort. Und ich kann ihm nur noch
2129 726 2985 789 diesen Stätten gedrängt werden, an denen bald
1209 758 2073 810 nachrufen: „Wenn Sie sich in meiner Lage be¬
2123 779 2991 837 nur noch Macher und Schieber gedeihen. Es kann
1213 802 2075 858 fänden, so dürften Sie sich gegen mich in meinem
2125 812 2985 877 leicht sein, daß die für das nächste Jahr geplante
1207 850 2075 912 Hause ebenso aufführen, wie ich hier. So viel
2129 862 2985 925 große und umfassende Theaterausstellung in Mag¬
1207 891 1983 954 Temperament wie mir gestehe ich Ihnen zu.
2121 912 2998 973 deburg zugleich Ruhmes- wie Grabeshalle der
1257 937 2075 1002 Aber er zieht sich scheu zurück. Und mir bleibt
2121 948 2987 1017 Schaubühne, wie sie Schiller und die seines Stre¬
1202 992 2071 1048 nichts übrig, als ihm durch seinen Dramaturgen,
2123 987 2987 1054 bens sahen und sehen, werden kann, und daß vor
1204 1029 2071 1088 Dr. Naso, noch bestellen zu lassen, daß ich als
2125 1037 2985 1104 ihrem Eingangstor, unsichtbar für die Menge, aber
1204 1071 2075 1127 deutscher Dichter jedes Theater, wenigstens vom
2123 1083 2991 1146 sichtbar jedem Dichter, die Worte prangen: „Hier
1202 1117 2069 1179 Vorhang an bis zur letzten Bühnenwand, auch als
2125 1136 2989 1196 ruht das deutsche Theater. Es starb an Roheit,
1198 1159 1332 1213 mein
1380 1167 2071 1215 Haus betrachte. „In meinem
2125 1175 2991 1257 Sachlichkeit, Dichterhaß, Politisiererei und anderen
1207 1202 2067 1275 Hause!“ Diesem Wort Jeßners mußte ich wäh¬
2117 1227 2576 1292 zeitgenössischen Gebrechen.“
1261 1298 2937 1497 Erwiderung an Herrn Dr. Herbert Eulenberg
1843 1436 2351 1553 Von Leopold Zehner
2092 1507 2991 1601 beteiligt war, hat seine Kräfte bis zum letzten in
1252 1574 2023 1639 Herr Dr. Herbert Eulenberg hält mich
2119 1593 2989 1653 den Dienst einer Sache gestellt, die sicherlich nicht
1198 1635 2073 1685 warum nur? — für seinen Feind und für einen
2117 1635 2991 1691 dem eigenen Lorbeer — wohl aber einer festlichen
1204 1674 2071 1733 Intriganten dazu. Der Gedanke ist frei. Ich
2113 1685 2987 1733 Veranstaltung von allgemeinem Interesse galt. Des
1204 1722 2060 1774 kann daran — trotzdem ich weder des einen noch
2119 1724 2991 1785 Autors Wünsche, selbst wenn sie der (künstleri¬
1198 1766 2067 1824 des anderen mir bewußt bin — leider nichts an¬
2117 1770 2985 1822 schen) Meinung der Leitung und Regie zuwider¬
1200 1808 2065 1898 dern. Aber sachlich muß ich einiges richtig¬
2108 1820 2977 1877 liefen, wurden im Sinne des besonderen Charak¬
1196 1852 1305 1910 stellen
2115 1860 2981 1918 ters der Aufführung erfüllt. Und wenn der „hohe
1250 1883 2069 1956 Ich konnte — sagt Dr. Eulenberg — sein Fest¬
2117 1904 2977 1958 Herr Intendant dem Dialog einige schärfer
1200 1937 2065 2004 spiel „Die beste Polizei ablehnen. Anderenfalls
2119 1950 2983 2000 Schlaglichter aufgesetzt wünschte, so wollte er da¬
2110 1991 2971 2050 mit gewiß nicht „Rembrandt" und „Kokoschka
1194 1998 2054 2048 mußte ich es gut aufführen. Letzteres geschah
2108 2042 2985 2096 vermengen — und seine „Stillosigkeiten hätten
1192 2042 2056 2102 Erstere Behauptung aber verschiebt die sachlich
1194 2081 1309 2136 Basis.
2117 2085 2983 2138 sich lediglich auf der Linie bewegt, die der Autor
2119 2129 2977 2181 selbst vorgezeichnet hatte. Uebrigens sprach mit
1250 2104 2065 2186 Ich habe das Stück von vornherein nicht für
2113 2175 2979 2223 Herr Dr. Eulenberg auf einer der Proben seine
1198 2175 2067 2229 das Repertoire angenommen. Ich nahm die Ge¬
2110 2217 2979 2292 Zufriedenheit und seinen Dank aus... wo blieb
1188 2219 2065 2280 legenheitsarbeit für eine Gelegenheitsaufführung
2104 2261 2553 2330 da der „heimliche Krieg
1326 2267 2067 2325 als gesellschaftliche mehr, denn als künst¬
1188 2307 2067 2365 lerische Tatsache... als Mittler einer Festveran¬
2497 2332 2582 2401 III.
1192 2353 2067 2405 staltung des Ministeriums des Innern, die dieses
2161 2357 2985 2449 Zwei Repertoire-Werke der Staatlichen Schau¬
1192 2401 2056 2455 in den Räumen des Ministeriums für Wissenschaft
2104 2432 2979 2497 spielhäuser (Lenz „Soldaten“ und Wedekinds
1186 2447 2054 2503 Kunst und Volksbildung — also am Gendarmen¬
2104 2486 2971 2540 „Lulu") wurden damals vorbereitet — wichti¬
1184 2482 1754 2549 markt — aufzuführen wünschte.
2104 2530 2975 2586 beide für den künstlerischen und materiellen Auf¬
1242 2520 2060 2595 Es war des Dichters Herbert Eulenberg
2110 2572 2977 2626 bau des Spielplanes, wichtig auch für die Aus¬
1186 2582 2054 2647 Verpflichtung gewiß nicht: aus solchem Anlaß ein
2104 2611 2975 2670 balanierung darstellerischer Kräfte des Hauses.
1179 2620 2056 2689 Werk gleich Verdis „Aida zu schaffen, das über
2098 2668 2975 2718 Ich habe deren eines zurückgestellt, um meine
1186 2670 2056 2728 den Tag hinaus bleibenden Wert behalten sollte.
2102 2701 2971 2753 (spätere Verpflichtung dem Ministerium des In¬
1186 2716 2060 2770 Es kam aber demgemäß auch niemals eine Reper¬
2098 2753 2964 2801 nern und Herrn Dr. Eulenberg gegenüber voll
1182 2764 2056 2812 toireverpflichtung des Staatstheaters in Frage.
2098 2797 2968 2849 zu erfüllen. Nachdem sie aber erfüllt war, hatte
1188 2801 2054 2858 Gleichviel habe ich das Festspiel mit allem Re¬
2098 2845 2964 2893 ich weder das Recht noch die Pflicht: das Ge¬
1186 2843 2052 2906 spekt betreut, den ich dem Veranstalter sowohl wie
2100 2881 2971 2941 legenheitsstück weiterhin zu spielen. Juristisch hat
1188 2897 2054 2958 dem Dichter Herbert Eulenberg schuldig zu sein
2096 2931 2975 2981 ein Vertrag über diese Aufführung nie bestanden
1182 2933 1317 3012 glaubte.
2098 2975 2975 3033 — sie war ein Sonderfall. Künstlerisch hätte eine
2098 3008 2975 3069 Fortführung des Festspiels dem Dichter der „Lei¬
1230 3037 2050 3108 Welcher Anlaß wäre wohl auch für mich ge¬
2102 3062 2977 3117 denschaft“ und der „Belinde wohl kaum genützt
1173 3096 2050 3163 wesen: gegen Eulenbergs „Beste Polizei heimlich
2102 3106 2962 3165 — und es scheint mir fast illoyal, für diese meine
1179 3142 2048 3213 einen Krieg zu führen? Ich nehme schwere Dinge
2096 3146 2973 3223 Auffassung die Stimmen führender Blätter zu
1179 3190 2046 3244 schwer — und harmlose Dinge harmlos. Gleich¬
2092 3194 2240 3250 zitieren.
1177 3236 2052 3288 wohl war es das Haus sich selbst und seiner Di¬
2146 3217 2964 3302 Aber verzeihen Sie, Herr Dr. Eulenberg, „ich
1177 3277 2048 3332 sziplin schuldig: gewissenhafte Arbeit auch an ein
2090 3271 2962 3344 habe mich" — nach Ihrer Ansicht — ja „heim¬
1173 3319 2052 3382 Spiel zu setzen, das der Heiterkeit eines Abends
2092 3325 2958 3384 lich hinter die Presse gemacht, soweit ich ihrer
1175 3367 2048 3438 dienen sollte. Das ist selbstverständlich geschehen
2096 3373 2960 3424 habhaft werden konnte. Glauben Sie das wirk¬
1236 3413 2044 3474 sowohl in Darstellung wie in Regie. Jeder
2092 3419 2962 3469 lich, obwohl Sie es schrieben? Glauben Sie wirk¬
1177 3457 2056 3522 einzelne, der an der Aufführung dieses Abends
2088 3463 2962 3520 lich, daß es einem Theaterleiter so große Freude
1672 3584 1931 3655 Tafelwasser
1762 3582 2712 3808 Auf alle de
1741 3780 2712 3899 Baldig-Quelle
1689 3941 2804 4021 DEGIE MINERAQUELLENAGERS 61 MERK 4664.66
1507 3958 1618 4048 .
1758 4012 2749 4092 enig i den dien de allen en een der
1985 4083 2536 4137 den Bedarf
3046 165 3313 234 hier auf dem
3050 221 3300 280 Herr Herbert
3048 265 3313 315 um einen Aben
3039 309 3321 367 um das Festspi¬
3052 351 3330 411 setzung. Sie kä
3050 395 3325 459 zip der Vergang
3052 443 3323 499 genwart. Sie
3052 480 3305 543 durch Jahre an
3052 526 3292 587 den Geist des
3044 570 3317 637 Wandlung stark
3058 616 3319 670 Wie aber kann
3046 653 3296 718 wenn er sie in
3041 703 3275 758 nungsformen
3039 745 3311 810 tun, statt daß er
3046 789 3307 862 zu erfüllen, wie
3041 829 3252 898 griffen hat.
3046 868 3286 937 wirklich nicht
3046 923 3307 983 „verdrängt nich
3046 967 3298 1027 Stätten". Im
3037 1006 3298 1063 kaum eine and
3041 1056 3279 1106 „Sachlichkeit",
3037 1100 3305 1169 Waffe und Kra
3094 1211 3292 1288 Genug der
3037 1259 3292 1330 wenig versteht
3037 1311 3305 1374 Worte! Vielle
3037 1359 3313 1420 Eulenberg einer
3039 1405 3302 1461 seinen Feind hi
3037 1445 3309 1513 verstand. Mein
3033 1482 3305 1551 rungen haben
3037 1526 3298 1591 Eulenberg, daß
3035 1570 3296 1649 stehen, nur weil
3094 1618 3296 1680 Aber immer
3035 1643 3302 1728 lenberg. Ueber
3039 1712 3305 1774 „seinen Streit
3039 1762 3311 1820 Tag kommen w.
3037 1806 3305 1862 wieder als „P.
3031 1850 3311 1918 ter Festspielaut¬
3029 1895 3305 1952 einem neuen
3031 1939 3300 1996 Mögen inzwisch
3037 1981 3309 2056 meinem Schatten
3148 2198 3265 2298 Schl
3083 2267 3286 2351 Einerseits
3023 2330 3305 2396 abend füllendes
3033 2384 3302 2447 schauer bloß ein
3031 2426 3305 2484 gesetzt wird. A
3027 2472 3298 2532 danten ein Kro
3027 2518 3298 2572 stellten Stücken
3025 2559 3307 2620 nicht Theaterlei
3023 2603 3305 2666 der Geburt verh
3025 2651 3298 2712 Linie der verstä
3019 2691 3302 2753 bestellt und da¬
3075 2735 3296 2797 Wichtiger al
3021 2766 3292 2843 zu unhöflich gef
3019 2829 3288 2887 wenn Jeßner
3029 2872 3290 2931 schätzt, warum
3016 2920 3292 2975 gedacht, ihn an
3012 2960 3298 3021 natürliche
3012 3004 3296 3064 gar, Salten un
3016 3054 3296 3110 mann ungewöhr
3010 3094 3292 3154 dieses zu nennen
3006 3138 3292 3196 zig Jahren in
3016 3181 3292 3244 führung für Be¬
3014 3229 3267 3284 selbe mit den
3016 3271 3286 3334 Stücken von S
3014 3317 3290 3378 ein immer nach
3016 3363 3290 3417 Mann. Das lo
3012 3405 3282 3459 modern frisierte
3012 3449 3282 3505 gezeichnete Man
3010 3494 3261 3551 Altersgenossen
3004 3536 3279 3609 Schnitzler
3010 3580 3261 3636 freundlichen
3004 3626 3284 3682 korrekte Antwor¬
3004 3670 3263 3730 mann hat
3004 3712 3248 3776 sehr formelle
3004 3758 3254 3822 eines Spi¬
3004 3799 3252 3862 mehr als so
3004 3845 3242 3906 ist ein freudi
3004 3893 3252 3950 Epochen notwe
3004 3933 3242 3993 romantischen
3004 3983 3240 4043 dorf auch nie
2991 4023 3106 4092 häuft.
