3392 4320
354 231 1021 329 Miscellaneous
1201 233 1633 332 box 42/3
392 659 1282 741 Argus Suisse et International de la Presse S. A.
521 726 1143 788 23, Rue du Rhône - GENEVE
376 771 1308 846 Adr. télégr.: Coupures-Genève- Tél. Stand 40.05
375 880 1292 956 Bureau international de coupures de journaux.
467 927 1190 998 Traductions de et en toutes langues.
366 1039 1298 1127 Correspondants dans toutes les grandes villes.
322 1149 743 1231 Extrait du Journal:
317 1267 496 1326 Adresse:
308 1363 447 1423 Dete:
251 1552 1083 1653 Deutsche Schriftsteller für Hatvany. Aus
195 1636 1076 1687 Budapest wird gemeldet: Zugunsten des zu
200 1678 1076 1742 eben Jahren Zuchthaus verurteilten Schriftstellers
192 1714 1078 1793 Ludwig Haupty haben sich zahlreiche deutsche
197 1759 1081 1806 Schriftsteller beim Ministerpräsident Grafen
200 1806 1074 1852 Bethlen verwandt, u. : Albert Einstein,
199 1836 1076 1893 Theodor Wolff, Gerhart Hann,
197 1876 1081 1931 Thomas Mann, Heinrich Ludwig
203 1908 1098 1981 Fulda, Hugo v. Hofmannsthal Stephan
203 1951 1079 2016 Zweig, Felix Salten, Arthur Schnitzley,
203 1994 1079 2094 Fritz v. Unruh, Franz Wersel, Einfür
195 2043 763 2104 Lewis, Max Reinhardt.
243 2273 1318 2367 Lord Rothermere über die Verurteilung
687 2352 930 2432 Haanys.
899 2418 1338 2479 Budapest, 11. Februar.
329 2471 1376 2520 Das Ungarische Telegraphen-Korrespondenzbureau meldet
236 2511 1377 2559 aus London: Lord Rothermere hat an die österreichischen
236 2555 1370 2600 Schriftsteller Arthur Schnitzler und Felix Salten, die ihn
246 2594 1373 2644 im Interesse des in Budapest verurteilten Schriftstellers Baron
246 2636 1380 2691 Hatvany telegraphisch um Intervention ersucht haben, ein
251 2678 1379 2724 Telegramm gerichtet, in welchem es unter anderm heißt: Baron
246 2716 1363 2770 Havany wurde schwer bestraft, weil er gegen die ungarische
243 2755 1373 2804 Regierung und die ungarische Nation eine gewaltsame Aktion
236 2800 1373 2844 urgiert hat. Ich sehe meinerseits wenig Unterschied zwischen der
246 2843 1366 2890 Kriegführung mit der Schreibjeder und dem Schwert, und
239 2883 1373 2929 ich bin überzeugt, daß, wenn der betreffende Herr persönlich an
239 2925 1366 2972 einer gewaltsamen Handlung teilgenommen hätte, seine Be¬
243 2964 1363 3016 strafung unbestreitbar wäre. Wenn er bei einer gewaltsamen
243 3009 1373 3057 Aktion eventuell auf frischer Tat ertappt worden wäre, würde er
239 3046 1373 3098 wahrscheinlich an Ort und Stelle erschossen worden sein. In
236 3084 1370 3134 diesen schweren Zeiten müssen die Schriftsteller weitestgehende
248 3131 1362 3179 Zurückhaltung und Vorsicht in ihren Werken an den Tag legen.
239 3158 1369 3221 Ich bin für die strengsten Strafen solchen Schriftstellern
246 3209 1366 3263 gegenüber, die andere Leute leichtsinnig in Gefahren schicken, die
236 3249 1366 3299 sie nicht auf sich nehmen, und die mit ihrer Tätigkeit bewußt Un¬
230 3293 1369 3341 einigkeit und eventuell Revolution zu schüren trachten. Wie ich
246 3330 1369 3377 die ungarische Jurisdiktion kenne, habe ich keinen Grund, zu
233 3368 1363 3419 bezweifeln, daß in diesem Falle ein der Wahrheit entsprechendes
239 3415 720 3488 Urteil erbracht worden ist.
325 3499 1373 3561 Es ist höchst merkwürdig, daß ein Engländer diesen Stand¬
239 3553 1376 3598 punkt einnimmt, da doch Großbritannien traditionell seit Jahr¬
236 3595 1370 3647 hunderten für volle Meinungsfreiheit eingetreten ist. So sehr
236 3632 1370 3688 wir die Schreibweise des Barons Harvany verurteilen und so
239 3676 1369 3722 wenig wir seine Handlungsweise begreifen, so sehr sind wir
236 3713 1370 3762 davon überzeugt, daß eine Strafe von sieben Jahren Zuchthaus
246 3760 1366 3806 für Exzesse der Feder eine Härte und Grausamkeit darstellt.
230 3801 1366 3847 Lord Rothermere hat sich in Ungarn stärkste Beliebtheit er¬
233 3841 1367 3892 worben durch sein öffentliches Eintreten für die Revision des
230 3885 818 3952 Friedensvertrages von Trianon.
236 3977 1352 4075 Die Mehrheitsvorschläge in der
1972 1235 2763 1358 Antwort an Lord Rothermere.
2194 1319 2552 1389 Von Felix Sallen.
1906 1321 2931 1443 Die Antwort depesche des Lord Rothermere ist weder
1806 1413 2925 1498 an Arthur Schnitzler noch an mich gelangt. Ich habe
1799 1450 2932 1542 lediglich aus Zeitungsberichten davon Kenntnis, und ich
1806 1497 2934 1573 muß sagen, daß ihr Inhalt mir unglaublich erscheint.
1803 1536 2931 1620 Allerdings haben wir, Arthur Schnitzler ebenso wie ich, als
1809 1589 2932 1676 wir uns in Vertretung des Pen=Klubs an John
1808 1632 2924 1711 Galsworthy wendeten und zugleich an Lord Rothermere
1799 1666 2922 1762 depeschierten, einen Augenblick vergessen, daß Lord Rother¬
1799 1731 2917 1808 mere der Bruder des Lord Northcliffe ist! Nun, als North¬
1803 1764 2922 1852 cliffes Bruder muß Rothermere freilich wissen, daß es
1799 1810 2921 1894 Männer der Feder gibt, die Hunderttausende in den Tod
1806 1852 2915 1945 hetzen, während sie selbst in Sicherheit zu Hause bleiben.
1889 1908 2911 1988 Er scheint aber weder zu wissen noch wissen zu wollen,
1793 1935 2917 2050 daß Ludwig Hatvany nicht zu den Männern dieser Art
1788 1989 1921 2056 gehört.
1886 2038 2910 2121 Es ist richtig: das geschriebene Wort kann Revolutionen
1791 2080 2908 2163 entfesseln, und ich füge hinzu, es ist der Ruhm des ge¬
1793 2124 2902 2217 schrieben Wortes, daß es solche Wirkung zu üben vermag.
1788 2168 2905 2254 Es ist ferner richtig, daß in der Revolution, besonders in
1788 2211 2901 2293 der Gegenrevolution, Männer der Feder erschossen werden.
1782 2262 2900 2349 Lord Rothermere vergaß nur zu sagen, daß solche Männer
1776 2308 2905 2401 manchmal als Märtyrer verehrt werden. Er scheint wenig
1792 2350 2603 2418 Sinn für die Märtyrer des Geistes zu haben.
1876 2400 2901 2488 Was aber in der Revolution möglich ist, sollte jetzt, in
1776 2452 2895 2535 einer Zeit, in der immer wieder die Rückkehr zur Gerechtig¬
1688 2495 2817 2582 erkeit, zur Besonnenheit behauptet wird unmöglich sein,
1663 2658 1745 2722 nach
1874 2648 2908 2742 Ein Urteil, wie das über Ludwig Hatvany verhängte
1781 2707 2655 2770 bedeutet ungefähr so viel wie ein Todesurteil.
1872 2746 2904 2826 Lord Rothermere vergißt oder will vergessen, daß
1785 2770 2442 2858 Havany sich freiwillig gestellt hat.
1880 2847 2907 2914 Aber selbst wenn er als ein auf Fluchtversuch Ertappter
1784 2897 2907 2955 vor dem Richter gestanden wäre, nicht als freiwillig von
1792 2938 2905 3002 Heimweh und Reue Getriebener, selbst wenn er schuldig
1782 2986 2907 3053 wäre, müßte man über die Ruhe, sagen wir, erstaunen, mit
1789 3022 2902 3107 der ein Engländer, ein Angehöriger der europäischen
1781 3073 2718 3135 Kulturwelt, auf einen Verurteilten Steine wirft!
1798 3134 2726 3239 Die Aenderung des ungarischen
