3392 4320
544 423 1055 544 Ah
1282 296 2540 562 ganda für Oesterreich!
1473 538 1597 638 Von
801 590 2274 723 Professor Viktor Basch, Obmann der Liga für Menschenrechte.
801 683 2271 819 Aus einem Gespräch mit unserem Sonderberichterstatter G. Benede.
1098 795 1488 886 Paris, im Mai.
1536 786 2736 913 Verhältnisse; vor kurzem erst habe ich als Präsident der Liga für
423 850 1512 931 Oesterreichs Schicksal schloß von Anbeginn zwei Möglich
1542 874 2736 946 Menschenrechte in Aachen, Wiesbaden, Trier und Heidelberg
321 892 1518 989 keiten in sich: auszugehen in der großdeutschen Interessensphäre
1548 925 2740 995 Vorträge gehalten. Ich habe auch dort aufrichtig erklärt, daß
317 968 2733 1043 oder eine Konföderation mit den Donaustaaten zu bilden. Wäre meiner Ansicht nach der Anschluß an Deutschland Oesterreichs
314 1001 1509 1070 es gelungen, seinerzeit den verhängnisvollen österreichisch
1533 1025 2730 1092 natürliches Recht sei, das man ihm nicht verwehren könne.
314 1052 2733 1155 ungarischen Dualismus (der Einsicht Franz Ferdinands folgend) Dagegen hat allerdings Deutschland nicht das geringste Recht,
317 1101 1512 1167 in einen Trialismus oder eine Art föderierter Staatengruppe
1539 1113 2736 1179 den Anschluß zu fordern. Das ist allein Oesterreichs
317 1149 1509 1213 umzugestalten, dann wäre meiner Ansicht nach weder der Krieg
1539 1164 2733 1234 Sache. Die Deutschen selbst haben Oesterreich im Stich
321 1200 2736 1276 mit Serbien, noch der daraus entspringende Weltkrieg über uns gelassen, als es auf sie angewiesen war und damit
317 1252 1512 1303 gekommen. All das ist zwar längst vorbei, aber es sei vor allem
1539 1264 2718 1327 das Recht verspielt, jetzt als Retter aufzutreten
321 1294 2736 1370 deshalb erwähnt, um darauf hinzuweisen, daß auf diese Eines aber muß trotzdem gesagt werden: Der Anschluß ist heute
321 1340 2736 1421 Weise die Monarchie an ihrer, übrigens in hohem Maße noch nicht zeitgemäß. Später, beispielsweise, bis wir unsere
311 1382 1512 1448 ungerechten Aufteilung, aus der die gegenwärtige öster¬
1536 1400 2730 1470 strittigen Probleme mit Deutschland geordnet haben, bis die
311 1442 2724 1515 reichische Krise hervorging, nicht ganz schuldlos gewesen ist. deutsch-polnischen Fragen erledigt sein werden, und hauptsächlich,
423 1485 1509 1542 Indessen befolgte Frankreich von Anbeginn die Politik einer
1536 1497 2733 1560 bis Deutschland selbst aus einem Bundesstaat zum Staatenbund
311 1530 1506 1594 Donauföderation. Es dachte bereits vor dem Kriege daran und
1530 1548 2727 1615 wird, dann wird der Völkerbund gegen den Anschluß Oesterreichs
308 1575 2727 1690 hätte sie in Gefolgschaft des Krieges gern ins Leben gerufen, keinen Protest erheben, so daß er ruhig, auf legalem Wege statt¬
305 1630 1512 1690 Allerdings wäre dies kein leichtes Unternehmen gewesen. Die
1539 1636 1763 1721 finden kann.
302 1678 1506 1742 übrigen Donauvölker hängen nun mit aller Kraft an ihrer neuen
1642 1657 2718 1751 Augenblicklich ist für Oestereich ganz etwas anderes wichtig —
308 1727 1503 1784 wirtschaftlichen Selbständigkeit und wollen von einer Wirtschafts¬
1533 1733 2724 1793 die Propaganda. Oesterreich versäumt konsequent jede Propaganda¬
305 1769 1506 1835 föderation oder einem Zollverein nichts hören. Doch, wenn sie
1533 1787 2724 1857 möglichkeit! Ich sage dies nicht, weil hier gerade der Kongreß
299 1817 1506 1878 auch durch die Not zu besserer Einsicht gezwungen würden: Europa
1533 1841 2724 1899 aller Universitäten tagt, in dem Heidelberg, Budapest, Bukarest,
314 1866 1500 1926 selbst ist uneinig in dieser Frage. Wir Franzosen sind dafür, die
1533 1878 2721 1950 Jassy, alle Universitäten der Welt vertreten sind — mit Aus¬
299 1920 2727 1999 Engländer und Italiener aber dagegen. Alle diese Faktoren sowie nahme Wiens; auch nicht, weil im Weltverband für intellektuelle
299 1962 1506 2020 die Vielgestaltigkeit der Dinge (die vor der Oeffentlichkeit nur im
1533 1971 2718 2038 Zusammenarbeit sich kein Staat so lau beteiligt wie Oesterreich.
302 2005 2724 2114 Fluge gestreift werden kann) bewirken, daß Benesch und Masaryk Ich sage dies, weil es mir immer und überall auffällt! Wir
308 2056 1076 2117 beim besten Willen nicht viel tun können.
1527 2071 2721 2141 schreiben manchmal über Ihre Heimat, aber immer aus eigenem
414 2074 1497 2162 Der Plau eines östlichen Locarno klingt schön und wird des
1521 2120 2715 2198 Antrieb, denn Oesterreich hat auch bei uns in der Liga keinen
311 2132 1497 2213 halb häufig erwähnt. Die Nachfolgestaaten selbst wollen es ebenso
1527 2162 2718 2238 berufsmäßigen Fürsprecher. Es müßte hier Männer geben,
299 2207 2715 2280 wenig wie die Großmächte, obgleich eine Wirtschaftsföderation für alle die in der großen Presse für Oesterreichs Sache eintreten.
308 2247 2712 2331 Nachfolgestaaten der einzig gangbare Weg wäre, und auch die einzige die sich mit den französischen Journalisten und Politikern in Ver¬
299 2298 2709 2374 Möglichkeit Oesterreich das Leben zu retten. So sieht dies auch bindung setzen und die österreichische Frage nicht einschlafen lassen,
299 2346 1494 2404 die französische Regierung. Trotzdem fürchte ich, daß dies
1521 2359 2712 2422 vielmehr Sorge tragen, daß davon gesprochen, darüber geschrieben
302 2392 2715 2473 wirtschaftliche Donauföderation ein schöner Traum bleiben wird, und die große Welt zum Nachdenken gezwungen werde. Wer
302 2440 2712 2516 Trotzdem wird Oesterreich nicht untergehen. Staaten sterben nicht weiß heute etwas von Oesterreich? Wer kennt eigentlich seine
299 2486 1491 2549 so leicht. Und das Leben ist stärker als jede Theorie
1518 2498 2706 2564 Verhältnisse? Wer kann sich darum kümmert? Wo Oesterreich sich
305 2537 1497 2603 Wenn es keinen anderen Weg gibt, wird sich Oesterreich
1521 2546 2715 2625 selbst augenscheinlich nicht darum kümmern. Man nehme dagegen
299 2582 2709 2664 tatsächlich an Deutschland anschließen, was in gewisser Ungarn: Himmel und Erde widerhallen von seiner Propaganda.
299 2634 1494 2712 Hinsicht zwar auch einen Tod bedeutet (den Tod
1521 2643 2703 2712 Und erst die Deutschen! Ich spreche nicht von der Masse namen¬
444 2685 2700 2773 unabhängigen und traditionellen österreichischen loser Propagandisten, ich erwähne nur, daß Thomas Mann,
299 2727 2709 2815 Lebens und der österreichischen Kultur), den Bewohnern des Heinrich Mann, Alfred Kerr, Curtius hier waren. Und doch hat
293 2773 2700 2888 Landes aber immerhin ein Dasein sichert. Ich kenne die deutschen Oesterreich leichteres Spiel als Deutschland. Es hat Männer wie
1545 3166 1823 3248 Vol. 1.
2222 3169 2380 3281 te
1503 3238 2703 3329 Schnitzler den ganz Paris, ganz Frankreich liebt und achtet,
1509 3314 2706 3368 dessen Werke gelesen und aufgeführt werden, der allgemein
1512 3359 2706 3423 beliebt ist — doch persönlich hat ihn nie jemand
1512 3411 2706 3471 gesehen. Er hätte sicher einen Riesenerfolg, wenn er
1518 3456 2709 3520 persönlich in Paris erschiene und wieder würde alle
1512 3505 2703 3559 Welt von Oesterreich sprechen, wie damals, als Seipel in der
1515 3553 2700 3613 Sorbonne sprach. Ein anderes charakteristisches Beispiel. Mois
1506 3604 2697 3662 war in Paris und hatte einen durchschlagenden Erfolg, wurde aber
1515 3653 2694 3704 nie anders erwähnt, als „der größte Schauspieler Deutschlands"
1512 3698 2706 3762 Obgleich Moissi die Tradition des Burgtheaters vertritt, Wiener
1515 3746 2649 3816 Stil, Wiener Feinheit, Wiener Geschmack, Wiener Intellekt!
1630 3792 2703 3849 Ihr Oesterreicher besitzt hohen Intellekt, einen den Parisern
1512 3840 2706 3904 ebenbürtigen Charme, Feinheit — und die Lieblingsgewohnheit
1506 3889 2700 3943 der Nichtstuerei. Die Deutschen haben weniger Erfindungsgabe,
1512 3937 2706 3994 weniger ursprünglichen Intellekt und Geschicklichkeit, aber um so
1515 3988 2712 4040 mehr Fleiß. Sie sind zielbewußt, arbeitsam, jung, ihre Adern
1512 4031 2709 4106 sind voller roter Blutkörperchen. Der Oesterreicher ist gemütlich, er
1515 4079 2458 4164 jammert und gibt seine Sache in Gottes Hand...
1956 4155 2609 4254 stens in Fa.
2727 3565 2821 3680 .
