3392 4320
169 248 281 334 1
1957 145 2869 207 lich etwas kleinlaut wurden, so nicht aus Furcht
1955 196 2867 253 vor den Großen, sondern in einer Art Schen
1955 224 2872 292 vor dem Bäumchen, das den langen Weg aus
1957 268 2867 319 unserem lieben schattigen Walde hier hinein in
341 251 1011 352 Miscellaneous
1194 262 1623 350 box 42/2
1957 295 2869 358 die gute Stube gemacht hatte, recht eigentlich
1961 341 2867 400 nur, um uns eine Freude zu machen und mit
1961 376 2863 438 seinem von Lichtern und Lametta versteckten
1955 420 2872 490 Grün heimlich in Aug und Herz zu scheinen.
2333 466 2489 519 Storm:
2010 479 2863 567 Meine Mutter führt das Kleinste selbst an
1957 543 2863 600 der Hand. Wir zwei größeren Kinder schritten
1950 591 2874 655 allein, aber Hand in Hand im Schatten ihres
1961 624 2867 677 langen, bauschigen Rockes, bis dicht an den
1959 657 2863 723 Tisch mit dem brennenden Baum heran. Viel
1957 697 2869 754 gutwärmende Kleidungsstücke lagen da und
547 690 1146 816 Dr. Max Goldschmidt
1957 739 2863 800 süße Näschereien. Ich faßte zuerst nach meinem
1961 774 2863 831 Taschenmesser, obwohl es gegenüber der Pup¬
539 767 1150 882 Büro für Zeitungsausschnitte
1952 814 2865 869 penbühne, die mein Bruder sofort mit Ausrufen
365 820 627 904 SERLIN N4
1952 853 2863 910 begrüßte, das unscheinbarere Geschenk war. Als
895 864 1310 954 Telefon Norden 3051
1946 890 2858 941 wir uns satt gesehen hatten, ward das Fenster
1948 926 2861 981 geöffnet, und meine Mutter setzte sich, das
1948 967 2865 1025 Kleinste auf dem Schoße, an das Klavier, um
1946 1007 2863 1062 die Weihnachtsweise zu spielen. Wir hatten
451 983 1152 1126 Der Montag Morgen, Berlin
1948 1042 2858 1099 unser Verslein wohl gelernt, und wenn unsere
1948 1073 2854 1139 dünnen Stimmchen etwas vom geraden Wege
1948 1113 2861 1172 der Melodie abirrten, fiel mein Vater, der
1950 1152 2858 1220 hinter meiner Mutter stand und seine Hand
1939 1196 2863 1275 auf ihre Schulter legte, mit kräftiger Stimme ein.
616 1139 1053 1288 29.. 1926
2315 1240 2491 1295 Marlitt.
2003 1266 2861 1348 Seligkeit brannte in unseren kindlichen Ge¬
418 1262 1247 1354 G. Hauptmann, T. Mann, A. Schnitzler. Daß
1952 1326 2854 1385 mütern, da die Tür ausging zur Stube mit
369 1317 1236 1385 Sie Ihre Manuskripte nicht anbringen können,
1946 1365 2854 1418 den herrlichen Weihnachtsgeschenken. Was war
367 1365 1229 1423 finden wir ganz in Ordnung. Schreiben Sie sitt
1948 1398 2858 1469 der schöne Weihnachtsbaum aber gegen die
365 1409 1233 1462 lich! Oder besser — lassen Sie das Dichten Be¬
1946 1440 2856 1495 Freude, die an jenem Abend in unser Herz ge¬
361 1456 1236 1497 rufeneren und versuchen Sie, sich in anderen Be¬
1939 1480 2861 1530 langte, dort tiefe Wurzeln schlug und sich als
356 1502 1229 1559 rufen nützlich zu machen. Bei einiger Anstren¬
1950 1517 2858 1579 Funke der Tugend und später als weithin
361 1528 985 1603 gung kann's noch immer gelingen.
1939 1557 2854 1614 leuchtende Flamme edler reiner Menschlichkeit
1948 1601 2858 1658 entfalten sollte. Ein Kind, das Weihnachten in
1939 1627 2861 1686 der Geborgenheit des Heimathauses und um¬
1948 1671 2858 1726 geben von der ebenso edlen wie zärtlichen
1939 1713 2861 1774 Liebe der Eltern in dieser Weise erlebt, wird
1946 1746 2852 1810 sicherlich sein ganzes Leben lang einen Weg ein¬
1950 1785 2863 1847 schlagen, auf welchem zu wandeln jeden Men¬
1944 1825 2852 1898 schen ziert, mag er im Grafenschloß oder im
1939 1860 2436 1931 Bettlerhaus geboren sein.
2295 1906 2502 1974 Schnitzler:
2003 1952 2856 2016 Der Weihnachtsbaum braunte, und unsere
1937 1979 2852 2056 Eltern reichten sich die Hände, wie nach einer
1950 2034 2852 2093 Versöhnung. Ich selbst habe meinen Vater
1946 2078 2858 2128 niemals so zärtlich zu unserer Mutter reden
1944 2109 2852 2170 hören wie an jenem Abend. Ich bekam ein
1948 2148 2852 2214 Paar Pumphosen und eine Eisenbahn, die frei¬
1946 2188 2850 2243 lich nach den ersten drei Fahrversuchen ein
1946 2225 2850 2278 Opfer ihrer schlechten Konstruktion wurde.
1053 2227 1675 2326 Dr. Max Goldschmidt
1946 2258 2854 2322 Mein Vater hob an jenem Tage jedes Kind
1952 2300 2850 2364 hoch in die Luft, drückte es an seine Wange,
1062 2309 1678 2412 Büro für Zeitungsausschnitte
1952 2337 2854 2403 die an diesem Abend glatt war wie nie zuvor,
1952 2381 2854 2443 und ließ gleichzeitig unsere Mutter an dieser
886 2370 1148 2445 BERLIN N 4
1423 2383 1832 2465 Telefon: Norden 3051
1952 2423 2852 2476 in der Luft vor sich gehenden Liebkosung teil¬
1944 2458 2845 2520 nehmen. Ein ungekanntes Gefühl durchrieselte
1207 2482 1513 2564 Ausschnitt aus:
1939 2487 2854 2553 rich, — es möchte das erste seiner Art in
1935 2535 2850 2590 meinem Leben sein — als ich das Glück hatte,
932 2529 1770 2625 Magdeburger Generalanzeiger
1935 2573 2850 2625 bei dieser Umarmung dem Hals meiner Mutter
1935 2610 2852 2665 so nahe zu kommen, daß ich mit meinem Atem
1939 2645 2852 2726 die kleinen, sonst nicht sichtbaren Härchen in
1937 2689 2535 2768 ihrem Nacken bewegen konnte.
1394 2667 1726 2766 25. Dez. 192
2280 2733 2502 2801 Sternheim:
2001 2762 2850 2841 Weihnachtliche Freude, aus Lebkuchenduft,
1115 2755 1744 2858 Der Weihnachtsbaum.
1937 2812 2847 2880 Nadelgeruch und Kerzen süßverhängnisvoll
1117 2856 1752 2913 Im Stile verschiedener Dichter.
1933 2854 2845 2922 aufsteigend, uns Kindern stieg in Nase, Juste¬
1931 2889 2852 2955 Milien=Anschauung hier im Keime gelegt
1130 2905 1737 2975 Dargestellt von Ezard Lanins.
1935 2933 2847 2997 habend, verschwand Weihnachtsbaum zwar zu
1121 2938 1517 3008 Goethe.
1935 2973 2847 3039 Beginn neuen Jahres aus unserer Stube, doch
1031 2973 1884 3061 So laut wie die Spatzen unserer freien
1935 3008 2847 3067 nicht aus Innerem der Kinder, in ihnen ge¬
981 3019 1884 3100 Stadt waren, die mehr lärmten als ihre
1944 3047 2839 3109 fährlichen Hang zur Bürgerlichkeit zurücklassend.
985 3072 1882 3124 Schwestern und Brüder in irgendeinem ge¬
2313 3098 2463 3157 Werfel:
978 3109 1671 3164 drückten Landflecken oder Dörfchen
1735 3116 1887 3171 so laut
1990 3118 2839 3199 Der langen, schmerzlichen Wartezeit, ver¬
972 3153 1882 3204 waren wir Kinder vor der verschlossenen Tür
1926 3173 2845 3248 bracht wie vor den Toren des Paradieses,
972 3188 1887 3239 der weihnachtlich zugerichteten Stube. Als wir
1937 3219 2843 3287 folgte ein Türöffnen, ein Choral von Weih¬
978 3230 1878 3281 endlich in diese eintreten durften, brannte uns
1935 3263 2839 3316 nachtskerzen, ein Aufschrei aus unseren Kehlen.
976 3263 1880 3318 das einfache Bäumchen mit zahlreichen Lichtern
1928 3296 2841 3357 An uns Kindern, um den weißen Tisch herum
978 3307 1878 3355 und in ein feines Kleid aus langen silbernen
1937 3340 2839 3395 gelagert, zog tönend das Geheimnis der Spiel¬
970 3338 1761 3388 Fäden gehüllt, freundlich entgegen.
1796 3351 1880 3397 Wir
1926 3379 2843 3437 uhr vorbei, offen, wie eine Wachtparade, aber
976 3377 1878 3430 konnten nicht ausdrücken, welche Empfindung
1926 3412 2834 3476 verborgen schön wie das Rauschen der Jahr¬
967 3426 1878 3474 uns bei diesem Anblick süß und seltsam ergriff.
1928 3454 2834 3514 märkte. Ausgebreitet neben Matrosenanzug
976 3459 1880 3505 Hätten wir es gekannt, wir hätten wohl zeigen
1931 3496 2834 3549 und dem „guten Kameraden“ war da das
974 3503 1878 3551 müssen, daß diesem unsicheren Gefühl auch
1928 3527 2839 3584 Weltziel aller Knabenleidenschaft, das freund¬
970 3533 1876 3588 Schmerzlichkeit beigemischt war — Schmerzlich¬
1928 3564 2834 3632 liche Geschenk des Puppentheaters, dessen
972 3573 1878 3628 keit, nur verständlich demjenigen, der in dem
1928 3606 2836 3657 Figuren steif und leblos zwischen den be¬
972 3613 1878 3683 Geheimnis der Seele wie in einem Buch zu
1935 3650 2834 3705 malten Kulissen standen und lagen wie Sänger,
967 3648 1409 3718 lesen verstanden hätte.
1922 3681 2834 3740 die ihren schönsten Ton längst gesungen haben.
1337 3696 1502 3760 Mörike:
1928 3720 2834 3782 Ich hörte voll Entzücken den Regen durch die
1020 3733 1878 3806 Es war die gute Mutter selbst, die uns die
1931 3760 2836 3813 Bäume sausen und an den geschlossenen Fen¬
967 3784 1878 3848 Tür zu dem lang verschlossenen Gemach öffnete,
1928 3795 2834 3861 stern summen und brummen, wie den Kontra¬
972 3832 1876 3881 in welchem unser das brennende Tännchen
1928 3841 2830 3894 daß, der eine Freudensymphonie gewaltig, aber
967 3874 1871 3923 harrte. Wir Kinder stürmten mit freudigen
1935 3879 2834 3927 stimmlos begleitet. Mit der Bühne, auf die die
963 3909 1878 3958 Geschrei in die Stube, blieben aber nach drei
1922 3907 2861 3962 Weihnachtskerzen tropften, begann furchtbar
961 3953 2729 4024 Schritten betroffen stehen. Des hellen Glanzes und feierlich das Theater meines Lebens.
