3436 4320
159 238 242 326 1
344 236 1011 348 Miscellaneous
169 463 414 534 e powrys.
175 515 302 566 New
177 550 298 599 ded as
171 591 298 636 se Mr.
165 628 293 676 he dry
377 593 958 693 Arthur Schnitzler
163 668 293 723 e sup¬
412 685 933 754 (AUSTRIAN DRAMATIST)
177 705 295 766 y per¬
171 746 298 821 der
332 768 1009 850 Tis life he sketches for us with a
177 813 306 858 leader
430 837 546 882 touch
169 852 306 894 10 will
361 856 956 919 As delicately light as fall of dew.
171 880 1003 968 heeler profoundly he has delved, and we
171 925 298 970 ried in
434 937 640 996 glen such
194 960 310 1009 whole
367 966 1003 1047 As we have ken to grasp he hold.
177 990 302 1043 illo
434 1019 583 1064 to view
179 1031 302 1084 on the
330 1031 862 1104 Elusory nuances of the soul.
179 1066 297 1119 will be
361 1082 1017 1157 And grim abysses wherein passions
187 1111 298 1157 pre¬
189 1147 297 1190 suffe
326 1139 1015 1229 Segments of lives he shows, never the
189 1184 298 1229 syt-
438 1204 566 1251 whole
200 1223 306 1280 never
365 1229 1011 1308 Sharp conflict he omits, we catch a
434 1280 530 1326 sigh,
330 1288 1007 1382 But seldom clash of barbed and bitter
446 1355 569 1404 words,
230 1339 308 1408 al
365 1367 1003 1461 Finesse and smooth assumption
192 1396 304 1445 side
440 1422 677 1479 in the day,
189 1436 304 1483 ce the
187 1445 998 1512 to al¬ And it is safer to predict the birds¬
377 1494 1017 1561 When they'll go south, than how
189 1510 310 1557 quos
440 1534 762 1589 he'll end a play.
206 1547 304 1597 alco¬
338 1547 890 1616 Gay, pre-war Viennes society
206 1585 300 1630 con¬
338 1598 948 1681 Is made immortal in his comedy.
194 1622 310 1667 tion
593 1648 978 1708 MARET, POSEGATE
202 1659 320 1724 tively
644 1687 742 1775 2
1196 251 1612 353 box 42/2
1750 104 3115 155 an den Folgen der ganz unüberlegten Detaillon Ludendorf an=
2959 147 3323 204 in solcher Lage rein
1748 153 2934 208 der Weichsel, bei der wir dank bundestreuer Mitwirkung die
1750 181 3319 281 Schlagkraft unserer ersten Armee einbüßten . . . Meines Ver- und das Gewissen
2953 244 3311 310 Minderwertigkeit zu
1750 247 2494 320 bleibens wäre dann nicht länger gewesen
3067 287 3287 346 Ueberhaupt:
1864 277 2938 346 So geht es fort durch den strategisch=faktisch harten Winter
1742 332 3303 387 und nur mühsam wird der immer wieder klaffende Feldherrnzwist ob im allgemeinen
2965 377 3323 442 Charakter mehr ver¬
1750 389 2932 442 überbrückt. Erst im Frühjahr gelingt die Einrenkung und gedeih
1748 424 3323 495 zu restloser Uebereinstimmung, zu großzügigem Einheitsplan. Und gefährlichere Verfuhr
2959 471 3201 542 angenehmere.
1754 485 2588 556 gewaltig erdröhnt als Wirkung: Gorlice!
3063 571 3323 687 Anekd
1909 632 2777 746 Psychologie des Erfolg.
2305 717 2404 787 Von
2961 758 3052 837 (Ein
2160 760 2553 858 Richard Specht.
2965 813 3103 890 Diskret
1854 819 2942 905 Vor kurzem hat Erwin Stranik an dieser Stelle über die
1756 895 2955 952 Psychologie der Erfolglosigkeit gesprochen und hat eine Reihe inter¬
1754 943 2936 1002 essanter Paradigmen in feinen Abschattierungen hingestellt. Aber
2963 954 3083 1029 Georg
1748 984 2930 1043 vielleicht sind die Erscheinungen des Erfolges und seine verschieden
2961 1015 3079 1072 er noch
1750 1033 2514 1098 artigen Auswirkungen noch vielgestaltiger.
1860 1056 3077 1149 Nur ganz wenige sind ihm menschlich gewachsen. Daß die und
2965 1104 3081 1165 der be¬
1754 1125 2940 1186 meisten durch ihn eitel und hochmütig werden, wäre das wenigste.
2967 1149 3075 1214 lassen
1750 1176 2942 1227 Künstler, mögen sie nun Schriftsteller, Tonsetzer, Maler oder
2965 1202 3075 1265 einem
1754 1225 2940 1284 Schauspieler sein, die der Erfolg nicht überheblich macht, sind
2965 1249 3075 1312 gleich
1750 1269 2938 1345 ganz selten; ebenso selten jene, die ihm dann nicht nachlaufen,
2967 1294 3071 1357 enthie
1754 1320 2944 1382 will sagen: die der sofort erfolgenden Etikettierung nicht erliegen
2963 1345 3046 1402 trug
1756 1371 2944 1426 und fortan die Komödie, die Symphonie, das Bild, die Rolle,
1756 1416 2944 1475 die den Erfolg gebracht haben, nicht immer wieder in
1760 1455 2946 1520 ihren Wesenszügen wiederholen oder doch wenigstens variieren.
2961 1445 3071 1545 Kön.
2576 1510 2944 1575 die der Gefahr
1761 1512 2525 1585 Und auch solche sind zu zählen,
2979 1534 3071 1597 gesche¬
1760 1551 2950 1622 entrinnen, das erfolgreiche Werk zu überbieten; nicht im Sinne
2975 1583 3073 1642 Vorn
1761 1606 3075 1673 der immer inbrünstiger angestrebten Vollkommenheit des Schaffens er¬
1765 1653 2942 1712 im allgemeinen, sondern in dem des Steigerns und Unter¬
2965 1677 3058 1736 noch
1767 1701 2944 1771 streichens jener Effekte, die vermeintlich die Wirkung des erfolg¬
2965 1724 3063 1781 Käm
1761 1746 2942 1811 reichen Werkes entschieden haben oder in dem des Losgehens au
2975 1771 3081 1834 hatte
1760 1797 2942 1858 das ganz Gegenteilige, Unerwartete und für solche Verblüffende
2975 1820 3061 1873 Dan
1760 1846 2955 1897 die auch in der nächsten Schöpfung die gleichen Elemente wie
1758 1868 3069 1960 die der vorangehenden zu finden hofften. Das schönste Beispiel über¬
2973 1915 3067 1968 Köni
1761 1930 2953 1997 eines in seiner Haltung und seiner unnachgiebigen Selbstzucht
2981 1964 3075 2042 Gefa¬
1663 1985 2950 2040 dies durch den Erfolg unbeirrten Künstlers hat uns und der nach¬
1765 2038 2955 2123 folgenden Generation Artur Schnitzler gegeben. Es wäre nur gut,
1760 2086 2288 2164 wenn es auch befolgt würde.
1840 2117 3075 2203 Tragisch liegt der Fall, wenn der stürmische Erfolg eines wied
1663 2140 1742 2199 ten
1750 2178 3058 2231 Erstlingswerkes nicht mehr erreicht wird und im Leben und der für
1767 2213 3067 2288 Produktion seines Schöpfers der einzige bleibt: der Fall Mascagni, ein
1669 2266 3071 2333 ch Zu der Weltwirkung seiner „Cavalleria haben sich mancherlei einm
1657 2319 2961 2386 große Umstände verbunden und nicht alle waren in den Qualitäten der
1777 2356 3075 2435 (heute noch schlagkräftigen) Oper begründet. Gewiß, die Knappheit, waru
1657 2380 1748 2437 schon
1673 2415 3081 2496 ßes das einfach Menschliche, das durch elementare Gefühle ebenso wie habe.
1767 2465 2963 2529 durch geschickte Gliederung Musikbedingende des Texts, aber auch
1777 2488 3065 2592 seine unromantische Simplizität und seine realistische Wahrheit, mit,
1771 2561 2967 2631 vor allem aber die flammende Leidenschaft der Musik, in der nicht
1659 2573 1742 2633 und
1665 2612 2973 2669 theer nur für den Komponisten „der Lenz gesungen" hat, sondern in
1765 2637 3111 2726 denen nicht eben wählerischer, aber unaufhaltsam fließender roman
1767 2700 2959 2771 Melodie ein Ton von stü mischer Echtheit war, haben den Erfolg
2989 2712 3099 2773 Festba¬
1773 2751 3111 2816 mitentschieden. Aber Mascagni hat sicherlich in späteren Werken Bratia
1657 2796 3109 2881 theer keine schlechtere Musik gemacht, im Gegenteil, eigentümlichere, seiner Staats
1773 2849 3111 2932 gefügte, vornehme und reizvoller erfundene und sorgsamer ausgelesene „Zwei¬
1669 2902 2969 2961 og ohne an Temperament einzubüßen, und auch die Textwahl war nicht
1665 2942 2961 3007 ben immer unergiebig — umsonst nicht nur, daß er die ungeheure Wirkung
2995 2930 3073 3010 sicht,
1657 2993 3138 3073 nach des Erstlings nie mehr erreichte, er ist über den Achtungserfolg, was a
1771 3044 3075 3116 den kränkendsten und lähmendsten, den es gibt, kaum mehr kann
1665 3077 2969 3171 chen hinausgelangt. Das lag eben in der Zeit begründet, in der die
1777 3134 2973 3203 „Cavalleria" auftauchte: einer Zeit der Wagner=Müdigkeit, der
1773 3185 2961 3244 Ungeduld gegen die langwierigen und unlebendigen Opernfolianten
2983 3197 3154 3274 präsident
1663 3234 2961 3297 erie der romantischen Epigonen, des Verlangens nach unredseliger
2989 3260 3144 3321 sehr besch
1771 3291 2961 3346 Kürze und menschlicher Wirklichkeit. Es war eine Reaktion,
2987 3309 3134 3368 haus in
1675 3329 2961 3387 ten, geradeso wie dann „Hänsel und Gretel" (übrigens auch eine solche
2987 3354 3162 3417 zufällig
1777 3374 2959 3437 Erfolgseinmaligkeit!) und der „Evangelimann" eine Reaktion au
1771 3405 3115 3478 den italienischen Verismo und seine Mordeinakter bedeutete. Aber kannte.
2987 3446 3150 3511 monarchi
1773 3472 3148 3547 gerade, wenn derartige zeitbedingte Begleiterscheinungen die Der Na¬
1777 3529 2957 3584 eigentliche Ursache des Erfolgs bedeuten, wird ihn sein Träger
1675 3548 3146 3645 mee kaum wieder erneuern können, und darin liegt für den, der es zu war na
2987 3594 3146 3655 Ludwig
1771 3617 2957 3682 erleiden hat, eine Tragödie, deren Erschütterndes von der un¬
1777 3655 3162 3729 barmherzigen Außenwelt kaum nur geahnt wird und der nur die Thronra
1771 3710 2967 3766 eines schöpferischen Menschen zur Seite zu stellen ist, der als
1769 3751 2967 3823 reproduktiver Künstler bejubelt und als schaffender mißachtet wird:
1679 3784 3152 3902 keit, das Beispiel Liszts erzählt davon und auch das Anton Rubin¬ Dichter
1679 3859 3093 3943 hen steins, der obendrein dazu verurteilt war, seine Werke, in denen sprach
