3344 4320
280 212 964 329 Miscellaneous
1133 215 1573 335 box 42/3
1980 1319 2647 1459 un restation en leurs au
1973 1410 2869 1524 Mitteilungen ein durch gekennzeichnet
247 1553 2761 1911 Lord Kothermere gegen Halvan
798 1810 2266 2048 Er findet das Urteil gerecht
342 1964 2820 2126 Budapest, 11. Februar. Das Ungarische Telegraphen-Korrespondenzbureau meldet aus London:
352 2061 2820 2175 Lord Rothermere hat an die österreichischen Schriftsteller Arthur Schnitzler und Felix Salten, die ihn
202 2077 2817 2260 im Interesse des in Budapest verurteilten Schriftstellers Baron Hatvany telegraphisch um Intervention er¬
205 2149 1706 2257 sucht haben, ein Telegramm gerichtet, worin es unter anderem heißt:
342 2204 2813 2328 Baron Hatvany wurde schwer bestraft, weil er gegen die ungarische Regierung und die ungarische Nation eine
205 2231 2810 2367 gewaltsame Aktion urgiert hat. Ich sehe meinerseits wenig Unterschied zwischen der Kriegführung mit
202 2302 2810 2419 der Schreibfeder und dem Schwert und ich bin überzeugt, daß, wenn der betreffende Herr persönlich an einer gewalt¬
208 2344 2804 2471 samen Handlung teilgenommen hätte, seine Bestrafung unbestreitbar wäre. Wenn er bei einer gewaltsamen Aktion eventuell auf
205 2400 2810 2527 frischer Tat ertappt worden wäre, würde er wahrscheinlich an Ort und Stelle erschossen worden sein.
199 2452 2807 2579 In diesen schweren Zeiten müssen die Schriftsteller weitestgehende Zurückhaltung und Vorsicht in ihren Werken an den Tag legen.
335 2507 2807 2621 Ich bin für die strengsten Strafen solchen Schriftstellern gegenüber, die andere Leute
189 2537 2807 2690 leichtsinnig in Gefahren schicken, die sie nicht auf sich nehmen, und die mit ihrer Tätigkeit be¬
189 2589 2038 2699 wußt Uneinigkeit und eventuell Revolution zu schüren trachten.
335 2644 2804 2791 Wie ich die ungarische Jurisdiktion kenne, habe ich keinen Grund zu bezweifeln, daß in diesem Falle ein der
182 2677 1670 2823 Wahrheit entsprechendes Urteil erbracht worden ist.
1123 2774 1931 2918 Einer der prominentesten Unterzeichner
160 2787 996 2905 Kothermere hat zuerst
2009 2784 2794 2927 des ungleiche Lage ein¬
1042 2852 1628 2986 dieser beiden Enunzitionen,
2003 2908 2800 2983 denzbureau ein offizielles Telegramm
160 2898 990 3032 Budapest verständigt:
1215 2927 1768 3061 Arthur Schnitzler,
1999 2966 2794 3038 über eine an Arthur Schnitzler gelangte
199 2999 1016 3103 Erst auf diesem Wege erfährt man, daß
2009 3015 2794 3103 Mitteilung aussendet, die bis zur
1045 3012 1924 3123 erklärt uns heute auf unsere Anfrage, daß
130 3058 1009 3152 die Unterzeichner des Tele¬
2006 3067 2791 3162 Stunde bei Arthur Schnitzler über¬
1045 3074 1924 3185 ihm von einer Antwort Lord
134 3129 1016 3207 gramms, das am Tage vor Beginn
2045 3133 2748 3220 haupt noch nicht eingetroffen ist.
1045 3152 1736 3233 Rothermeres bisher
1775 3159 1934 3250 über¬
124 3181 1013 3263 des Hatvany=Prozesses an den Minister¬
2025 3191 2830 3292 Sollte der Tatbestand dennoch stimmen,
1049 3188 1765 3292 haupt nichts bekannt sei.
120 3246 1006 3334 präsidenten Bethlen gerichtet wurde, sich
2038 3260 2830 3331 geht daraus hervor, daß Lord
1110 3250 1915 3351 Das Telegramm des englischen Publi¬
1954 3299 2836 3383 Rothermere es für nötig gehal¬
130 3305 1006 3373 offenbar im selben Zeitpunkt auch an den
1042 3325 1921 3419 zisten ist also offenbar und sehr seltsamer
1944 3357 2833 3429 ten hat, die ungarische Regie¬
130 3364 1009 3448 in Ungarn seit seiner Aktion für die Revi¬
1035 3396 1921 3478 Weise in Budapest bekannt ge¬
1947 3409 2826 3478 rung gleichzeitig, ja vermutlich
124 3426 1003 3517 sion des Friedens von Trianon außer¬
1950 3442 2830 3527 sogar noch früher als die Wiener
1039 3435 1918 3536 worden, bevor es die Wiener
127 3497 1003 3588 ordentlich populären Lord Rothermere
1947 3497 2826 3575 Schriftsteller, die sich an ihn gewen¬
1042 3500 1911 3601 Adressaten in Händen haben.
117 3536 459 3614 gewendet haben.
1950 3533 2830 3647 det haben, von seinem Entschluß zu ver¬
1032 3562 1566 3657 Es muß überraschen, daß
1921 3582 2237 3670 ständigen.
