3436 4320
305 199 973 291 Miscellaneous
1154 206 1579 300 box 42/3
1165 1218 1403 1290 .
448 1300 1353 1389 Argus Suisse et international de la Presse.
589 1365 1212 1444 23, Rue du Rhône - GENEVE
418 1436 1377 1504 Adr. télégr.: Coupures-Genève - Tél. Stand 40.05
424 1538 1358 1607 Bureau international de coupures de journaux.
525 1590 1267 1647 Traductions de et en toutes langues.
428 1707 1368 1783 Correspondants dans toutes les grandes villes.
382 1822 796 1900 Extrait du Journal
991 1821 1262 1938 BELLE
382 1909 570 1990 Adresse:
381 2027 517 2092 Date:
810 2207 1080 2291 AUTRICHE
495 2249 1372 2355 LES CONSEILS DE LORD ROTHERMERE
974 2334 1320 2398 Vienne, 11 février.
526 2358 1368 2424 Les journaux viennois reproduisent une dé¬
502 2391 1363 2461 pêche de Budapest, de source officieuse, an¬
504 2421 1358 2496 nonçant que lord Rothermere, répondant au
386 2442 1358 2535 Tait télégramme par lequel les écrivains autrichiens
504 2485 1351 2563 Schnitzler et Jalten sollicitèrent son interven¬
377 2496 1359 2597 tion en faveur de Havany, déclare ne pas
382 2535 1354 2629 voir de différence intrinseque entre la lutte
377 2583 1130 2647 limite par le fer et la lutte par la plume.
532 2623 1347 2699 Lord Rothermere écrit que si Havany avait
377 2616 1346 2728 été flagrant délit dans une action à
484 2696 1345 2765 main armée, il aurait été fusillé. Il ajoute
488 2728 1350 2795 qu'il est partisan des peines les plus sévères
481 2761 1340 2827 contre les écrivains qui envoient les autres au
484 2795 1344 2880 danger et attisent consciemment la discorde,
484 2819 831 2873 voire la révolution
519 2858 1339 2926 Lord Rothermere conclut en recommandant
478 2885 1341 2955 aux écrivains, par ces temps difficiles, le maxi¬
478 2930 1339 2992 mum de réserve et de prudence dans leurs ou¬
481 2955 1340 3040 vrages et en exprimant sa conviction que les
471 2991 1224 3052 juges hongrois ont jugé selon la vérité.
519 3030 1336 3094 La Nouvelle Presse libre s'étonne qu'un An¬
471 3063 1334 3125 glais adopte un tel point de vue, l'Angleterre
466 3100 1334 3156 ayant traditionnellement défendu depuis des
467 3127 1024 3181 siècles la liberté des opinions
508 3162 1339 3227 La Wiener Allgemeine Abendzeitung pré¬
467 3188 1331 3268 tend que M. Schnitzler n'a pas encore connais¬
460 3238 1325 3292 sance de la réponse de lord Rothermere et
466 3256 1328 3324 s'étonne que le publiciste anglais ait cru devoir
461 3299 1325 3376 communiquer préalablement cette réponse au
457 3324 909 3387 gouvernement hongrois.
737 3371 1050 3480 ETATS-UNIS
1795 791 2418 872 M
2549 804 2800 884 No
1863 908 2738 1010 Argus Suisse et international de la Presse .A.
2008 991 2592 1063 23, Rue du Rhône - GENEVE
1816 1033 2774 1111 Adr. télégr.: Coupures-Genève — Tél. Stand 40.05
1829 1121 2752 1187 Bureau International de coupures de journaux.
1938 1165 2676 1247 Traductions de et en toutes langues.
1848 1284 2725 1369 Correspondants dans toutes les grandes villes.
1779 1387 2193 1477 Extrait du Journal:
1770 1486 1963 1563 Adresse:
1770 1586 1913 1650 Date:
2106 1806 2320 1887 HONGRIE
1836 1867 2579 1953 Le jugement des révolutionnaires
1756 1933 2248 1994 On télégraphe de Vienne :
1756 1971 2692 2046 Les journaux viennois reproduisent une dépê¬
1714 2019 2694 2082 che de Budapest de source officieuse annonçant
1714 2073 2689 2113 que lord Rothermere, répondant au télégramme
1722 2108 2689 2156 par lequel les écrivains autrichiens Schnitzler et
1718 2148 2703 2205 Salten sollicitèrent son intervention en faveur de
1708 2187 2701 2238 Hatany, déclare ne pas voir de différence intrin¬
1714 2216 2704 2266 sèque entre la lutte par le fer et la lutte par la
1714 2250 2695 2310 plume. Lord Rothermere estime que si Havany
1714 2296 2736 2353 avait été pris en flagrant délit dans une action à
1718 2333 2356 2384 main armée, il aurait été fusillé.
1756 2355 2704 2424 Il ajoute qu'il est partisan des peines les plus
1721 2403 2694 2459 sévères contre les écrivains qui envoient les au¬
1713 2446 2697 2488 tres au danger et attisent consciemment la dis¬
1709 2480 2216 2525 corde, voir la révolution.
1756 2515 2697 2569 Lord Rothermere conclut en recommandant aux
1709 2553 2699 2602 écrivains, par ces temps difficiles, le maximum de
1721 2601 2701 2643 réserve et de prudence dans leurs ouvrages et en
1712 2640 2708 2690 exprimant sa conviction que les juges hongrois
1712 2676 2215 2732 ont jugé selon la vérité.
1756 2700 2704 2764 La Nouvelle Presse libre s'étonne qu'un Anglais
1712 2752 2697 2795 adopte un tel point de vue, l'Angleterre avant tra¬
1714 2793 2706 2838 ditionnellement défendu depuis des siècles la li¬
1713 2828 2033 2887 berté d'opinion.
1756 2847 2710 2912 La Wiener Allgemeine Abendzeitung prétend
1723 2902 2701 2951 que M. Schnitzler n'a pas encore connaissance de
1718 2941 2704 2990 la réponse de lord Rathermere et s'étonne que le
1723 2979 2697 3028 publiciste anglais cru devoir communiquer
1727 3018 2706 3067 préalablement cette réponse au gouvernement
1711 3058 1901 3110 hongrois.
1751 3089 2457 3161 D'autre part, on mande de Budapest;
1763 3131 2704 3199 La police a arrêté et mis au régime de la dé¬
1714 3172 2710 3232 tention préventive un journaliste, M. Bela Lan¬
1721 3227 2704 3277 der, et trois autres personnes, sous l'inculpation
1718 3268 2714 3317 de tentatives subversives dirigées contre l'ordre
1714 3303 2104 3358 social et politique.
1772 3334 2717 3391 M. Bela Lander a joué un rôle de premier plan
1721 3385 2704 3424 dans certaines organisations communistes, en
1727 3420 2713 3470 1925. Il s'était enfui, puis avait reparu en Hon-
1714 3457 2635 3514 grie, où il était porteur de faux passeports.
