3392 4320
154 213 287 321 1.
316 230 999 350 Miscellaneous
1184 242 1607 341 box 42/2
1579 563 1698 649 stellen.
1798 583 1949 669 von
1346 606 1696 688 stellung unberührt
1829 634 2302 734 Ferner wer¬
984 660 1701 760 de Lehrstellenangebote ent¬
1735 697 2339 768 Bahnhof Mariazell einzeln zu
575 697 865 799 gegengenommen.
1730 754 2381 836 die Laufensteinwiese, 38.7.
1804 808 2407 873 S 62.624, geringste Gebot S
873 799 1405 882 Kleine Chronik.
1733 854 2464 945 die Grünwiese, 38.787 m2 groß,
652 885 1693 956 Personalnachrichten.] Der Justizminister hat den Bezirks¬
1804 908 2413 970 geringstes Gebol S 19.60867;
560 933 1696 987 richter Dr. Siegfried Ratzenböck in Salzburg zum Landes¬
1730 953 2580 1044 die Buschniggwiese, 5700 m2 groß, Se¬
572 976 1693 1021 gerichtsrat ernannt, den Richter Dr. Josef Neuwirth in
1798 1010 2327 1073 geringstes Gebol S 1140;
569 1013 1693 1070 Arnfels nach Leoben versetzt und den Hilfsrichter Dr. Micha¬
563 1058 1698 1118 Bierbaumer zum Richter in Raabs an der Thaya ernannt.
1733 1044 2757 1124 die Danzerwiese nächst dem Bahnhof Rasing, 9.
634 1095 1693 1149 Montag den 28. d. entfällt der Empfang beim Minister
1807 1090 2834 1178 groß, Schätzwert S 2738, geringstes Gebol S 1825
563 1118 1698 1195 Schürff. — Wie aus London berichtet wird, ist Lady Victoria
1809 1158 2748 1215 Vadium je 10% der betreffenden Schätzwerte.
569 1181 1696 1232 Bullock, eine Tochter Lord Derbys, bei einer Jagd vom
1826 1206 2862 1275 Die Versteigerungsbedingungen sind beim Bezirks¬
575 1206 1727 1275 Pferde gestürzt und ist den erlittenen Verletzungen erlegen. — Am
1727 1252 2322 1331 gerichte Mariazell einzusehen.
566 1260 1693 1314 22. d. fand in der Pfarrkirche zu Gießhühl die Trauung des
1824 1289 2859 1357 Nähere Auskünfte über die Gutsverhältnisse und die
572 1300 1693 1374 Fräulein Eleonore Guttmann, der Tochter des Groß¬
566 1340 1687 1400 industriellen Rudolf (Baron) Guttmann, mit dem holländischen
1735 1343 2856 1420 Versteigerungsbedingungen erteilt auch der Masseverwalter
575 1386 1698 1440 Industriellen Josef Doole statt. Die Trauung vollzog der
1730 1400 2808 1451 Herr Dr. Karl Krömer, Rechtsanwalt in St. Pölten.
566 1422 1690 1485 Prälat des Schottenstiftes Opitz unter Assistenz des Ortspfarrer
572 1468 1696 1522 Bendik. Als einer der Tranzeugen fungierte Prinz Franz Liechten¬
2632 1451 2842 1539 S 131575
578 1511 1690 1562 stein. — An der Technischen Hochschule in Graz fand gestern
2694 1508 2785 1576 288
569 1548 1696 1605 die Inauguration des für das Studienjahr 1927/28 gewählten
1829 1551 2854 1619 In den Konkursachen 1. Fa. Wilhelmsburger Lederfabrik
569 1588 1690 1642 Rektors Dr.-Ing. e. h. Georg Kapsch statt. — Das Maria¬
1727 1610 2856 1656 S. & I. Flesch, 2. Josef M. Flesch, Gesellschafter obiger Firma.
566 1627 1687 1684 Theresien=Ordenskapitel hat dem Major Josef Trojer, der
1727 1644 2854 1693 3. Erwin Flesch, Gesellschafter obiger Fuma, in Wilhelmsburg, wird
563 1667 1693 1741 im Jahre 1916 an der Ostfront gefallen ist, für das im Gefechte
1727 1687 2854 1733 die Fortsetzung des Konkursverfahrens ohne Rücksicht auf den
569 1716 1696 1770 an Porostyn bewiesene heldenhafte Verhalten das Ritterkreuz
1730 1727 2211 1792 Zwangsausgleich angeordnet.
558 1750 1696 1821 des Maria=Theresien=Ordens verliehen. — Nach einer Meldung
2028 1753 2802 1841 Kreis= als Handelsgericht St. Pölten,
563 1790 1698 1858 aus Bonn wird Professor Josef Schumpeter während des
2117 1821 2703 1863 Abt. IV. am 22. November 1927.
1744 1812 1841 1869 de
566 1829 1693 1895 Studienjahres 1927/28 an der Harvard=Universität Vorlesungen
566 1875 1693 1937 über theoretisch-nationale Oekonomie und über Geld= und Bank¬
560 1912 1693 1980 wesen halten. — Alma Johanna Koenia erzielte in Dresden
2077 1906 2475 2006 „Shopping
566 1952 1696 2017 mit der Vorlesung ihrer Werke einen starken Erfolg. Dem
2236 1989 2333 2048 bei
572 1994 1696 2057 interessanten Abend im Hause Joachimsthal wohnte auch der
569 2034 1696 2097 österreichische Generalkonsul bei. — Der Physiolog der Prager
560 2091 1704 2139 deutschen Universität, Professor Tschermas=Seysenegg,
2108 2014 2475 2174 und
563 2122 1693 2182 hat den von der Grazer Universität an ihn ergangenen Ruf ab¬
1798 2026 2094 2225 .
572 2162 1693 2216 gelehnt, da die österreichische Regierung den Umbau des Grazer
2142 2137 2797 2239 Marie
566 2213 1306 2287 Physiologischen Instituts nicht bewilligte.
1724 2230 2851 2313 gehört zum guten Ton und Tagesprogramm
646 2236 1684 2327 Der Statist.] Die Tragik des Rhabarberschicksals, des
566 2287 2854 2364 Mannes, der zeitlebens verurteilt ist, im Hintergrund zu stehen, der eleganten Wiener und Internationalen
1869 2347 2697 2410 ausländischen Gesellschaft....
558 2347 1693 2404 in der murmelnden Menge der Ungenannten und Unbekannten,
560 2390 1690 2438 die kein Theaterzettel nennt, die nur den Chor abzugeben haben,
558 2427 1687 2481 den Hintergrund, aus dem die Darsteller hervortreten, hat Artur
1724 2450 2848 2526 Der Jüngling, der gestern auf den Bürgermeister unserer Stadt
563 2475 1690 2529 Schnitzler in einer seiner schönsten und tiefsten Novellen ge¬
1716 2506 2845 2566 eine förmliche Revolversalve abgefeuert hat, versuchte vor wenigen
575 2512 1684 2578 schildert. Da ist der Statist mit der heißen Sehnsucht, einmal
1727 2549 2848 2606 Monaten auf andere, allerdings weniger gemeingefährliche Art,
566 2549 1687 2609 eine große, eine tragende Rolle zu spielen. Besitzt er Talent?
1716 2595 2845 2652 die Oeffentlichkeit für sich zu interessieren. Damals setzte er
566 2589 1681 2646 Einmal hat er es geglaubt, war sogar selfenfest davon überzeugt
1716 2634 2845 2683 als Preis für eine herostratische Berühmtheit das eigene Leben
563 2637 1679 2694 Aber lange Jahre sind verflossen in eintöniger ermüdender Fron
1713 2671 2836 2731 ein. Er war Theaterstatist in Salzburg, hat sich dort eines
558 2677 1684 2734 und jetzt weiß er es selbst nicht. Die anderen aber sind darauf
1721 2714 2836 2768 schönen Tages an ein Luftschiff angehängt und ist wie durch ein
563 2720 1687 2771 absolut nicht neugierig. Der Dichter erzählt, wie dieser Unglück¬
1724 2762 2845 2814 Wunder vom gräßlichen Tode gerettet worden. Es gelang noch,
563 2751 1687 2817 liche an dem böswilligen Spott einiger frivoler Müßiggänger
572 2785 2836 2865 zugrunde geht, die ihm einen Lorbeerkranz auf offener Bühne den Piloten auf seinen wilden Passagier aufmerksam zu machen,
1718 2842 2839 2888 bevor die Kräfte des letzteren erlahmten, bevor er in die Tiefe
563 2836 1687 2896 überreichen lassen. Da hat er einen Augenblick geglaubt, sein
1716 2876 2831 2936 jauste, um mit seinem Blute das Straßenpflaster zu färben
572 2879 1681 2933 Traum von Erfolg und Künstlerruhm habe sich erfüllt, und die
1721 2922 2842 2979 Damals hat man einige Stunden, vielleicht sogar einige Tage
566 2922 1690 2976 Enttäuschung hat er nicht zu überleben vermocht. Artur
1721 2962 2834 3013 von diesem Jüngling gesprochen. Auch außerhalb Salzburgs
572 2964 1687 3019 Schnitzles Statist ist ein alter, vom Leben verbrauchter und
1716 3004 2831 3050 Aber die Gegenwart hat bekanntlich ein schlechtes Gedächtnis
572 3007 1687 3064 zermüder Mann bereits mutloser Resignation verfallen, aus
1721 3044 2842 3093 Der originellste Querkopf und seine verrücktesten Streiche geraten
566 3044 1687 3098 der ihn erst jener üble Streich ausweckt und in den selbstgewählten
1716 3084 2836 3135 gar schnell in Vergessenheit. Die Konkurrenz ist allzu groß
569 3090 1690 3138 Tod peitscht. Anders der Statist, der gestern den Versuch machte,
1718 3130 2842 3175 Dieser Theaterstatist jedoch hatte einmal von dem füßen Gift
572 3130 1687 3178 sich mittels einiger Revolverschüsse in den Vordergrund der
566 3166 2842 3218 Bühne zu drängen. Er zählt wenig mehr denn zwanzig Jahre. Aber gekostet. Er hatte den Hochgenuß empfunden, daß sein Name im
1713 3203 2836 3258 Munde der Leute war, daß auf dem Korjo mit den Fingern an¬
572 3212 1679 3260 heutzutage lebt man eben rasch. Man hat keine Zeit, zuzuwarten
566 3246 2842 3300 Darum versucht man seinen Coup, gleichviel, ob er mit Lebens ihn gezeigt worden ist. Eine kleine Spanne Zeit hindurch ist er in
1718 3292 2834 3334 Salzburg populärer gewesen als der jugendliche Liebhaber und
566 3289 1687 3349 gefahr verbunden ist. Für das eigene, kaum allz, wertvolle Leben
572 3331 2834 3394 oder aber für ein anderes, das ungleich höher einzuschätzen ist die schöne Salondame. Er hat es nicht vertragen, wieder zurück¬
387 3386 834 3576 50
1289 3454 1451 3605 2
2888 1158 2984 1238 fra¬
2893 1229 2996 1277 tusch¬
2891 1266 2993 1317 jeder
2893 1312 2993 1357 kom¬
2893 1349 2999 1405 Neu¬
2893 1397 2993 1488 se
2891 1474 2976 1522 der
2885 1508 2996 1562 ersch¬
2891 1553 2996 1607 zugle
2882 1599 2996 1647 in
2893 1633 2990 1684 die
2885 1667 2984 1724 gung
2885 1718 2990 1767 was
2876 1758 2976 1849 der
2882 1838 2984 1926 de
2888 1920 2976 1969 sich
2882 1963 2970 2014 brau¬
2882 1994 2984 2051 nicht
2882 2043 2979 2091 die
2879 2083 2964 2128 dach
2876 2122 2964 2179 Sch
2871 2171 2970 2216 ein
2873 2211 2959 2256 war
2879 2410 2964 2458 wer¬
2879 2478 2964 2543 gei¬
2879 2546 2999 2620 son
2882 2612 2973 2663 Ma¬
2879 2774 2964 2831 fen
2873 2902 2959 2970 und
