3296 4320
384 4 761 97 -
144 82 823 136 reoccupante come nell'ora che corre
885 31 3001 155 no lo que
171 116 866 171 Ce, à vero, qualche difficoltà per il
877 89 2353 198 Zink, rience ali studenti le gesti slovacca, cho miso loro a disposizione
2411 128 3087 190 Alle 18.30, ricevuti di director del
3110 151 3254 202 Florit,
132 151 2353 221 fatto che gli istituti di credito autoriz, reiche dei legionari cocoslovacchi, che il segretario sig. Bohumil Bartos, che
2380 163 3254 233 l'Instituto giunsero le autorità gli in¬
132 190 3246 291 zati, a malgrado delle larghe promesse durante la guerra combatterono a fiausu un ottima o cortese guida por i gravitati, Notamme il profetto S. E. For¬ trovass
128 229 866 295 de generosi intendenti spiegati sulla
881 237 1833 318 co dell’esercito italiano. Terminato il diti ospiti.
2364 252 3246 322 naciari, il vi profecto comm. Zanco¬
128 256 862 330 corta, niechiano ogni qual volta vier
2368 291 3257 346 nato, presidente della Commissione entrare
144 311 870 357 oro richiesto lausilio del capitali indi¬
2368 326 3087 380 le per l’amministrazione della provincia
3114 338 3250 392 to, co
136 349 862 404 spensabili per le oyo costruzioni di ge¬
2361 369 3261 423 il prof. Cav. Confort, il prof. Florit, no mi¬
128 377 866 450 autoritate, a tempo¬
2361 400 3234 458 in rappresentanza anche del car. Ma¬
128 373 2341 509 ne von Alter Schnitzler al passaggio.
2368 446 3083 493 garetta per le Corporation origine
3141 454 3242 501 L'Is
132 458 854 524 la loro decisa volontà , che le diffi¬
2434 466 3250 544 destituto dela¬
128 497 742 567 coltà di credito siano superat.
2364 489 3254 571 lo Picos Industrie, comm. prof. Bri¬
1107 505 2143 598 per il Molo Bersaglieri
163 540 858 598 Questa la situazione, la quale recla¬
2361 555 3254 610 dotti, il president v. Massimiliano
120 575 858 641 die
2372 586 3250 637 Brunner, i consiglieri, gr. u. dott. lavoro
128 613 854 668 qui, indubbiamente, in mand
2368 625 3257 683 Rizzi, l'ing. Versa e ing. Bruna, il die alle
920 621 3261 726 Nel grigiore della serata poco prima¬ zosa figurina femminile e da un offi¬ettore dell'Istituto cav. u. Coretti, dustrial
120 652 854 707 quasi initiativa privati. C. A
881 668 1972 734 verile, lo Stella d'Italian s’avanza, di ciale della Milizia
128 683 862 757 M., con il buon volere splegato fin qui,
2372 703 3254 757 Erano inoltre present l'ing. Pedretti, locale
881 710 1603 769 lontano, come una grande candida co-
1662 699 2345 773 non appena l'ospite illustre¬
128 730 1429 804 vorra e sapri trovare in se lo rinnova¬ lomba, sul mare corrucciato.
2380 742 3254 800 ling. Mauro, l'arch. Grassi, directore gio de
1619 761 2345 811 toccato il suolo di Trieste, il cronist
120 769 854 815 te energie pac diuersi il carie¬
2368 780 3246 831 del R. Istituto industriale, l'ing. Pelleno con
909 769 1600 843 Il molo Bersaglieri & già gremito del
120 800 846 858 di un programma magati più vasto
1619 800 3257 877 lo affronta, raggiante, per porgergli Il grini, ispettore generale dell'Ispettora¬ la prim
874 819 3079 912 la folla varia e irrequieta degli aspet- suo saluto e snocciolargli il suo bell’into dell’industria e del lavoro e l’ing
120 843 846 901 quelli già compiti, con che accrescer
3137 862 3234 912 Per
874 870 2345 940 tani, che si muovono sotto la pioggia terrogatorio, formulato e meditato so¬
2368 893 3257 947 Mann directore teonico della sezione che la
120 877 2093 978 titoli di gratitudine che la città tutta insistente, tra l’affacendarsi dell’eser- to la pioggia nell’attesa.
116 912 850 994 doverosamente tributa i suoi dirigent
2368 920 2679 986 electricità e gas.
3102 936 3254 990 sibile
866 943 1607 1006 cito rosso e turchino dei facchini, tra¬
1654 928 2341 1021 Ohimè, quale delusione: Altro che
2407 947 3238 1025 Accompagnato dal gr. ff. Rizzi, dal scopre,
862 990 1600 1044 le carrozze ei taxi che passano, digua¬
1619 978 1829 1052 intervista
2361 1009 3250 1060 comm. Brandotti e dal cav. Brunner, be¬
866 1025 1600 1075 zando e inaccherando, nelle pozzan-
1666 1006 3087 1095 Giornalista sama subit Aristo¬
3141 1056 3254 1103 S. E.
120 963 839 1118 I movimento nei pari italiani
877 1064 1600 1110 ghere fangos. E tutti gli guardi son¬
1615 1072 3250 1145 ro Schnitzler. Mi dispiace, caro signo¬ officine dell'Instituto, interessandosi vi¬
866 1110 3246 1176 rivolti alla nave bianca, dove si distin¬re, ma interviste non ne ho mai con¬vamente dei nuovie moderni impianti ciment¬
210 1099 757 1188 nello scorso marzo
866 1145 3257 1219 guono già, sul ponte e lungo le mura cesse, mai, dico, nè in Europa nè in attrezzi o ammirando alcuni lavori in dei nuo
151 1145 594 1227 Abbiamo da Roma, 30:
866 1180 1592 1235 te, i viaggiatorio i marinai cho mira
1615 1200 3250 1246 America, durante i miei viaggi. Mi di¬ ferro battuto e pezzi di machine lavo¬
151 1188 850 1266 Il Ministero delle Communicazioni co¬
870 1211 1324 1277 no il molo formicante.
1619 1231 2349 1281 spiace, ripeto, per lei che ha preso
2368 1242 3087 1312 rati al tornio, opera degli allieri delle
3102 1242 3257 1297 Conclus.
109 1235 839 1308 munica Durante il mese di marzo 192
897 1242 1592 1312 A bordo dello stella d'Italia, che
1623 1266 2124 1328 tutta quest'acqua per me
2357 1270 2512 1336 officine.
3102 1285 3254 1339 come
109 1293 843 1347 approvarono complessivamente ne por¬
866 1293 1592 1351 rentra dalla sua terza crociera, viag
1704 1281 2345 1374 Forse più tardi?... All’albergo?...
2392 1285 3257 1371 Nella grande sala dei falegnami, alla suo ap¬
109 1328 1596 1398 ti del Regno 12.658 navi, per una stazza gia tra la dorata folla cosmopolita, ur
1708 1343 2229 1402 Impossibile. Riparto subito.
2364 1339 3087 1402 presenza di tutti gli allievi e lo allie¬
3110 1359 3246 1421 lievi il
109 1371 1592 1444 netta di tonn, 6.077.616, sbarcando eminente dramaturgo e letterato: Ar
1654 1371 2337 1433 — Non si ferma dunque a Trieste
2361 1398 3094 1437 vo dei vari corsi dell'Istituto, nonche
3129 1398 3230 1448 Fra
109 1405 839 1471 tonn, 25.030.825 di merci o 181.839 pas
862 1417 1173 1475 turo Schnitzler.
1708 1429 3250 1479 Si, il tempo di imbarcarmi per di tutti gli insegnant, il presidente la ulti¬
105 1448 839 1514 segger. Partirono 12.836 navistazzant
1615 1448 3234 1537 Venezia, sul «Palatino, a dieci passi cav. Brunner pronunciò il seguente di¬
897 1452 1565 1545 Alla ricerca d'una barba grigia
105 1479 839 1553 in totale tonn, 6.017.054, dopo avery
1615 1499 1790 1561 da qui
2349 1499 2493 1569 scorso:
3102 1510 3257 1561 sopra
113 1526 835 1576 imbarcate tonn. 618.458 di merci¬
1650 1514 2330 1588 Infatti le valigio dell'illustre viag
893 1537 1588 1596 Come sarà questo illustre personag
2392 1514 3087 1588 Eccellenza Signori L'Instituto non
3106 1549 3250 1596 gnami
105 1561 843 1627 186.697 psaseggeri. Il movimento gene¬
866 1580 3250 1635 gio delle letter tedesche? Ricordiamo giatore salgono già il ponte del pirotato mai un luogo adatto a discorsican¬
105 1607 1588 1669 rale fu pertanto di 25.494 navi per una la sua fotografia, nel volume elegante
1607 1619 2131 1669 scafo ormeggiato di fronte
2353 1619 3242 1669 qui si preferisce lavorare pel meglio, si-pione:
105 1646 1592 1708 stazza netta di tonn, 12.124.670 : quel di un opera giovanile: due occhi vivi¬
1642 1662 3087 1708 — A Venezia? — riprende con un lenziosamente, come vuole il buono spi¬
3114 1666 3246 1716 — prin
105 1681 839 1751 lo totale delle merci fu di tonn, 3 mi¬
1611 1685 3257 1751 filo di speranza l'intervistatore — Harito fasciste. Ma non posso facere per¬
850 1701 1592 1751 una fronte spaziosa, una bocca severa
97 1720 1588 1790 lioni 122.281, il numero dei passeggeri una gran chioma da poeta. Ma ora
1607 1735 2341 1801 intenzione di passare la primavera in
2357 1735 3246 1798 che ho il dovere di ringraziare oggi que¬
105 1763 1739 1844 imbarcatio sbarcati ammontano coma chioma — se c'e ancora — avrà Italia
2357 1774 3226 1821 gli Enti bonemeriti che hanno res pos¬
101 1801 563 1860 plessivamente a 371.536
1654 1786 2333 1860 — Gia Amo molto l'Italia e sono ur
2357 1809 3021 1864 sibile la creazione di queste officine.
854 1817 1592 1864 avuto la sua nevicata, gli occhi saran¬
3102 1813 3234 1867 Sociali
148 1840 2337 1895 Nel corrispondente, mese dell'anno no stanchi per le lunghe notti passato ammiratore di Mussolini e del Fasci¬
2380 1852 3079 1902 La prima di esse su voluta dalla gran¬
3102 1856 3246 1902 fasciste
101 1875 827 1937 1927 si ebbe il seguente movimento: na
854 1875 3238 1937 a tavolino e... chi esclude che il buon smo, dell'ordine e della disciplina chode industria, quando urgevano maestriali
97 1922 831 1988 vi approdate 13.022, por una stazza net¬
1611 1933 3246 1976 regnano nel vostro del Paese, in cui tranze specializzate in quel lavoro del D. M
854 1933 1592 1999 Schnitzler non si sia lasciato crescere
93 1961 1041 2015 ta di ton, 5.681.621, merci abarcate la barba
2361 1965 3106 2027 tornio, che tanto contribuisce all'ar¬
1607 1965 2333 2027 ho passato giorni indimentabili, tra
3129 1961 3246 2019 La¬
97 2003 835 2058 tonn, 2.374.067, passeggeri abarcat
1607 2003 2333 2054 bellezze che non hanno bisogno delle
881 1996 1588 2058 Il particolare della barba si fissa nel¬
105 2038 827 2097 193.945; navi partite 13.030, por un
1607 2050 2326 2104 mie lodi... Ma basta cos. Interviste
850 2034 1584 2100 la mente con insistenza: un vecchio
101 2081 2341 2143 stazza notta di tonn. 5.753.069, merci letterato senza barba Il pensiero cor¬ niente. Venga a trovarmi a Vienna e
2384 2046 3067 2151 candidati ammessi agli esam
3090 2065 3242 2151 262.
101 2120 819 2190 imbarcate tonn. 69.444, passeggeri im
1607 2120 1860 2186 forse allora...
843 2131 1471 2201 re a Carducci, a Victor Hugo...
93 2155 400 2217 baronti 197.761.
3118 2139 3250 2217 iscritt
1658 2143 3075 2205 — Grazie dell'invite: ma Vienna per il diploma di directore didattico
881 2143 1580 2221 il cronista impatiente scruta sulle
2380 2201 3075 2248 Il Proveditore agli Studi comunica il
1611 2190 2326 2263 troppo lontana... Il volto serio del mae
132 2163 1584 2260 Il movimento complessivo verificatosi nave ch' ormai a pochi metri dalla
3129 2201 3226 2267 Nun
1603 2217 3075 2287 stro se illuminato di un sorriso, nolente lo de candidati ammes¬
97 2229 1580 2302 nel marzo del 1928 sulle principali vie riva, tra i passeggeri in berretto de
3102 2240 3234 2306 ratione
1607 2279 3238 2345 l'atto cortese del congedo e ancora, dia sostenere le prove scritte degli esami
93 2283 1588 2349 di traffico ripartito trabandiera nazio viaggio e le donne in trenchoats
2357 2314 3071 2361 per il conseguimento del diploma di abi¬
1603 2322 2330 2380 lontano, accenna ad un saluto, co¬
93 2318 1584 2380 nale ed estera à stato il seguente: Da tutte le barbe sospette, con speciale at¬
3102 2333 3238 2380 polare
2341 2353 3075 2411 litazione alla direzione didattica che
1607 2357 2097 2415 braccio tes romanamente.
97 2357 827 2411 o per lo stato, Bandiora italiana: na
854 2368 1580 2430 tenzione a quelle bianche e ai pizz
3090 2372 3246 2419 leich
1638 2396 2982 2446 Poi un rumor deliche e il ribollire avranno luogo il 14 15 corrente.
85 2399 811 2446 21.292 per tonn, 4.990.591 di stazza ne¬
850 2407 1079 2458 pene e sale.
3090 2411 3242 2462 anno
97 2434 823 2485 ta, more ton. 37.27
1584 2423 2330 2512 linnan alaansa.
2380 2411 3234 2493 Filino, modo luga, Angelina
1596 2465 1852 2520 en und ni.
2345 2450 2718 2516 A
85 2423 1580 2547 ra: navi 254 per tonn, 306,786 di stage cimenti, i primi salut. E finalmente
89 2508 598 2578 netta, merci tonn. 21.230.
2349 2485 3238 2566 dassare, Babuin Ernesto, Baldachin von
846 2528 1580 2570 la folla che scende, carica di valigie
1728 2504 2197 2582 La Rodi di Mussolini
2341 2543 3230 2597 Salvatore, Baldo Settimo, Blancato Pa¬
120 2528 819 2594 Da e per il Mediterraneo, Bandier¬
843 2566 1576 2621 di portombrelli, per il ponte di sbar
1631 2578 3242 2632 Arturo Schnitzler à partito, Ma cielo, Brana Marussi Gisella, Bua Giusep¬
85 2578 1308 2648 italiana: navi 1633 per tonn, 1.411.993 co, lubrico e pericoloso.
1600 2617 2322 2679 ancora un ripiego, per completare le
2345 2628 3234 2679 pe, Bulfen Giuseppina, Buran Rina, segnan
93 2628 827 2679 di stazza netta, meri conn. 218.445.
932 2621 3067 2706 Scusi tanto, il signor Schnitzler manche dichiarazioni dell’ermetico Candrea Pietro, Cantaro Gaetana, Car¬
85 2663 691 2714 Bandiora estera: navi 660,
714 2671 819 2718 tonn
3129 2671 3226 2726 E
874 2683 1572 2722 Il signore anziano — grasso e occhia
1600 2698 3059 2745 dramaturgo viennes gli ufficiali nautti Tersina, Catalano Vincenzo
85 2694 819 2772 800.564 di stazza netta, merci tonn
3090 2706 3238 2764 per cen
846 2718 2019 2780 luto, made in Germany — sogguarda dello stella d'Italia.
2341 2737 3067 2788 Cecchini Augusto, Cella Giov. Battista,
85 2741 233 2803 63.411.
3090 2745 3234 2803 ganizza
846 2764 1580 2823 distracto, senza capire. Poi risponde
1685 2776 3067 2826 Arturo Schnitzler? — rispondon Clama Vittoria, Clemente Lucio, Cos-
120 2757 1060 2858 Da e per il Mar di Marmara, Mar in telesco:
3090 2795 3222 2842 giunto
1596 2811 3234 2877 questi amabilmente — Nessunt à rina Maria Anna, De co-
89 2815 815 2873 Nero e Mare d'Azov. Bandiora italia
916 2823 1448 2889 - Grazio, ho già il facchino
2341 2858 3230 2908 Massimo. Epifani Gaetano, Errigo Eu¬
1592 2858 2318 2908 scito mai, durante i sedici giorni
89 2861 815 2912 na: navi 158 per tonn. 335.915 di sta-
877 2858 1572 2920 Bel successo Come prima prova.
1596 2892 3067 2947 crociera, a farli pronunciare venti pagni, Fabrizio Bianca, Fabruzzo
3087 2908 3238 2958 dont
85 2885 1565 2962 za netta, merci tonn. 111.672. Bandiera non è davero male. Ma non o tem
1592 2939 3238 2986 ro di seguito. Viveva solo appartant, Maria, am Giuseppe,
82 2943 819 3001 ostera: navi 61, tonn. 92.713 di stazz.
843 2958 1565 3001 po da perdere; la folla erompe sul pon
2337 2970 3071 3017 Fergacich Giovanni, Finsi Bruno, Ga¬
1588 2974 2314 3024 to con la figlio signorina Lilly et¬
89 2982 598 3040 netta, merci tonn. 438.646
3087 2982 3246 3044 disposi¬
839 3001 3067 3075 te alti, bassi, grassi, mari e corto il misero della suggestiva ap¬ retta Giacomo, Gasparini Asunto, Giani
120 3009 823 3071 Da e per l'Inghilterrae parsi europe
843 3032 959 3079 cos.
2341 3048 3063 3094 Mario, Gili Caterina, Giraldi Giovanni,
1596 3056 2314 3098 parizione femminilo a fianco dello scrit
85 3040 823 3106 oltre Gibilterra. Bandiera italiana: na¬
874 3044 1537 3133 Conviene cambiar tatticae lingua¬
2337 3087 3063 3145 Grimalda Carlo, La Russa Girolamo,
1592 3094 2318 3141 tore! — e col genero, cap. Cappellini,
3087 3044 3211 3160 Pe¬
85 3102 819 3149 vi 187, tonnellate 429.114 di stazza net
877 3102 1576 3164 E la fortuna aiuta gli audaci. Un
2337 3125 3056 3168 Lattarulo Salvatore, Li Calzi Angelo
1592 3125 2314 3180 che lo accompagnavano. Pero aveva de
82 3141 819 3191 ta, merci tonn. 540.623. Bandiera esto¬
843 3145 1565 3195 signore dell'aria rispettabile à l'in
3114 3141 3226 3203 La
2341 3164 3067 3215 Lombardi Luigi, Magno Francesco, Me¬
1592 3168 2318 3222 grandi amici che non lo lasciavano mai
82 3180 823 3246 ra: navi 732, tonn. 303.169 di stazza
843 3188 1569 3234 formazione preziosa: — Arthur Schitz
3114 3191 3230 3242 la
2341 3199 3059 3250 det Camillo, Miniussi Giovanni, Mor¬
1588 3211 2314 3257 i suoi libr. Lo vedeam, in coperte
82 3215 594 3273 netta, merci tonn. 819.346.
839 3230 2314 3320 le? C'est un vieux monsieur à la barum, seu quel¬
2337 3230 3230 3300 gana Mario, Pazzini Emma, Pellegrini perman
116 3230 1009 3312 Da e per l'Africa occidentale. Bandie be grise.
2337 3277 3234 3320 Ernesto, Perissinotti Scipione, Porcarista son¬
1588 3292 2314 3339 paino o intento a scrutare e asser¬
85 3285 819 3347 ra italiana: navi 40 per tonn, 81.533
3083 3312 3222 3358 allo 13
866 3288 1569 3354 confermata cosi la prima potes
2333 3320 3059 3366 Giovanni Adolf, Restivo Domenico, Ro¬
1592 3327 2310 3374 varo intorno a se, prendendo appunti
82 3343 1565 3397 stazza netta, merci tonn, 27.423. Bannon resta che prendere d'assalto tutte
3079 3347 3234 3401 derazion
2333 3354 3052 3405 dand Arturo, Sonka Giraldi Elisabetta
1588 3354 2003 3428 serio e impenetrabile
82 3378 815 3436 diera estera: navi 6 per tonn, 1313.
3079 3389 3215 3444 con
835 3386 1569 3436 le barbe grigie o nive che scendono a
2333 3397 3059 3440 Sonson Carlo, Spincich Mario, Stanta
1627 3389 2314 3463 Nei porti toccati dalla nave, a Cor¬
82 3413 745 3479 di stazza netta, merci tonn, 15.533.
3075 3424 3230 3471 loro in
835 3424 1569 3471 malo. E ne passano di tutte le forme
2337 3428 3056 3494 Mario. Sussa Alfredo, Teresi Michelan¬
1588 3428 2306 3502 f, al Pireo, a Elousi, a Costantino
109 3463 1561 3525 Da e per il Nord America. Bandiera di tutte le grandezze. Ma quella ri
3075 3463 3238 3514 termine
2333 3463 3052 3533 gelo, Tobia Agostino, Troia Sebastiano
82 3494 1173 3564 italiana: navi 117 per tonn. 581.693 di cercata non c'e...
1592 3498 3219 3556 poli, a Rodi, allo bocche di Cattaro, à Valenti Ferdinando, Vecil Aurelio, Ve¬
82 3533 815 3580 stazza netta, merci tonn, 146.311. Ban¬
1584 3521 3056 3595 Gravosa, egli stava ritto presso alle anzi Carlo, Vitielle Alfonso, Vlacovich
1580 3564 2314 3615 murate, con gli occhi vivi sempre in
82 3568 815 3634 diera estera: navi 129, tonn. 720.787
897 3545 1503 3638 Intervista per modo di dire
2330 3591 3052 3634 Giovanni, Zanello vides, Zhiuk Vittorio,
3102 3576 3222 3657 400.
74 3611 691 3657 stazza netta, merci tonn. 81.355.
1588 3611 3052 3673 moto: ammirando sempre, ma senza portale Giuseppe, Ammessi condiziona¬
870 3615 1569 3673 La folla viaggiantestata rapita
1588 3650 2217 3704 esprimere mai le suo impressioni.
120 3630 804 3696 Da e per il Sud e Centro America
3079 3642 3211 3716 per la
2330 3665 3052 3712 tamente al completamento dell'istrutto¬
831 3665 1565 3716 ne taxi e nelle verture, verso gli al¬
1619 3669 2306 3731 A Rodi, soltanto ebbe uno scatto
82 3681 815 3739 Bandiera italiana: navi 57 per tonn,
2330 3704 3052 3758 ria: Cantaro Salvatore, Florit Amedeo,
3106 3700 3226 3762 L'uni¬
835 3712 2306 3770 berghi e le stazioni ; e gli ultimi sca¬ mirazione, nella vista dell'isola bel¬
82 3731 808 3778 248.207 distaa netta, meri on
2326 3743 2943 3797 Guerra Leone, Zorino Valentino.
3071 3727 3222 3801 nica:
835 3747 1561 3813 ricatori sacchiano, rossi o udati
1580 3766 1724 3824 lissima
82 3762 808 3816 89.500. Baudiera estera: navi 35 pe¬
3071 3785 3226 3840 rate de
827 3782 1351 3855 sotto i bauli monumentali
2364 3758 3052 3836 Al momento in cui gli elenchi furono
74 3813 811 3871 tonn, 119.176 di stazza netta, mere
1681 3774 3215 3875 Questa — dice — à veramente la compilati, alcuni candidati non avevano comm.
870 3809 1565 3882 Finalmente, dietro una murata, ce¬
1580 3820 1949 3902 Rodi di Mussolini
74 3848 346 3910 tonn. 100.262
2322 3859 3219 3910 provveduto a regolarizzare i documenti prima
827 3859 1561 3917 puntare una bella testa di pensato¬
1611 3859 2306 3925 Giacche per Mussolini e per la nuo-
109 3863 808 3937 Da e per le Indie, Estremo Oriente
3090 3898 3226 3949 im
2326 3906 3048 3949 prescritti a corredo della domanda
827 3917 2298 3964 e un volto incorniciato da una candida va Italia, Arturo Schnitzler, pur nell¬
82 3921 800 3972 e altri paesi oltre Suez. Bandiera italia
3075 3941 3219 3987 l'Opera
2326 3945 3052 3991 ammissione agli sami, e per altri can¬
1588 3956 2302 4011 brevi e rarissime su parole, ha sempre
82 3949 1343 4007 na: navi 66 per tonn, 261.534 distaa appendice puntuta : à lui
2326 3972 3215 4026 didati non si erano avuto informazioni destà
866 3968 2131 4049 Scende, seguito da una giovane vez-avuto accent d'ammirazione.
78 4007 804 4049 netta, merci tonn, 74.074. Bander
2322 4018 3230 4069 notizio che il Ministero ha ritate secretar
78 4042 811 4096 estera: navi 47 per tonn, 231.325
2318 4049 3230 4104 necessario di chiedere alle autorità sco¬
74 4081 691 4127 stazza netta, merci tonn, 41.633.
3063 4092 3222 4143 minie
2318 4084 3040 4143 lastiche e politiche, a seconda dei casi
1607 4092 2275 4162 Gli sami d'ammissie
831 4104 1429 4197 convenue
3063 4131 3226 4174 nalità
