3392 4320
178 302 302 415 1.
342 302 1024 437 Miscellaneous
1195 321 1625 430 box 42/2
149 699 798 776 de Mann, Pold oder Franzl ge¬
149 747 794 823 et, hat aber nichts gelernt, kann
1482 747 2422 863 Hermann Hesse in seinem Werk.
197 794 794 852 sagen und liebenswürdig, andere
138 845 790 896 würfen nicht fehlen: ein Fiaker,
1016 816 3092 954 Aus Anlaß des 50. Geburtstags von Hermann Hesse des zurückblebenden Hans Giebenrath sind diejenigen des Dich¬
157 885 783 932 Jahrgangs, eine rüstige alte Abort
965 892 3089 991 (2. Juli) erscheint bei S. Fischer=Berlin eine Biographie ters. Ebenso entspricht die Lehrzeit des Exseminaristen in einer
160 929 787 987 Jugend erinnert. Dazu Riesenrad,
954 929 3092 1031 des Dichters von Hugo Ball, der wir folgende Stellen mechanischen Werkstatt den biographischen Tatsachen. Hesse hat
164 962 787 1024 altes Haus mit schlecht gepflaster
954 976 1442 1038 zum Vorabdruck entnehmen:
1963 998 3089 1064 anderthalb Jahre (von Frühjahr 1894 bis Herbst 1895) in Calw
164 1020 783 1067 zwei Männer, die zum Spiel von
856 1005 1934 1100 Dem Dichter war von den Eltern die Theologen=Laufbahn be¬
1963 1034 3092 1107 das Schleifen von Rädchen für Turmuhren gelernt und wohl auch
157 1056 776 1133 In die Hände klatschen. Film-Wien
809 1056 1934 1126 stimmt. So war es Tradition und bei jungen Menschen von guten
1960 1071 3089 1173 das Montieren von Turmuhren. Der „Knulp" wäre ohne diese
801 1104 1945 1169 Begabung das Gegebene. Die theologische Laufbahn entsprach
1963 1115 2655 1180 Handwerkslehre wohl kaum entstanden.
801 1144 1931 1206 nicht nur den Wünschen der Familie, sie war außerdem das billigst
142 1115 783 1213 Mädel war zweifellos einmal vor
2014 1144 3089 1242 Zwischen der Flucht aus dem Seminar und der rauhen Turm¬
805 1180 1941 1246 Studium; denn für württembergische Thologen gab es vom 14.
1963 1195 3089 1279 uhren=Lehrzeit liegen allerlei vergebliche Versuche sich in irgend¬
160 1198 3085 1326 = und Neunzigerjahren, als die Jahr an eine kostenlose Ausbildung; man brauchte nur das so einem Studium und Berufe zurechtzufinden. Während bis zum
157 1238 3082 1359 sen großen Krach von 1873 hinter genannte „Landexamen mit Erfolg zu bestehen. Dieses Examen Landes Examen und ersten Aufenthalt in Maulbronn alles gut
153 1286 1931 1377 fe, auch in den Provinzstädten der diente dazu, aus ganz Schwaben jährlich etwa fünfundvierzig
1956 1330 3085 1391 ging und die Jugendjahre seit Basel fröhlich und unbekümmert
160 1330 3074 1432 ; als die Brünner reich geworden, Knaben im Alter von vierzehn Jahren auszuwählen, die dann verlaufen waren, ist es seit den Maulbronner Erlebnissen, als
157 1362 1927 1442 ien, sagten sich von Papas nahr als Stipendiaten in eines der niederen Seminare (Maulbronn
153 1410 772 1461 vom Handel nichts mehr wissen
1956 1402 3078 1468 wäre der Teufel los. Auf dem Gymnasium in Cannstadt bleibt
798 1413 3078 1512 Urach, Blaubeuren) und später auf Staatskosten an der Tübinger der Schüler wenig länger als ein Jahr; treibt schließlich Allotria,
149 1446 776 1512 er gekommen. Die Wiener Schule
798 1450 3082 1552 Universität, ins weltberühmte theologische „Stift“ ausgenommen verkauft seine Schulbücher gegen ein Pistol und muß mitten im
149 1486 1931 1552 Bezirkes bodenständig, unternahm, wurden. Diese Prüfung blieb auch dem jungen Hesse nicht erspart.
1952 1519 3082 1595 Schuljahr aus der Obersekunda fort. Er kommt zu einem Buch¬
801 1526 1923 1603 Um aber zugelassen zu werden, mußte der Knabe vor allem schwä¬
153 1526 772 1595 Sache nicht nur einen Namen hätte
1952 1552 3082 1625 händler noch Eßlingen in die Lehre, verschwindet aber auch dort
790 1559 1927 1632 bischer Staatsbürger werden. Der Vater ließ ihn also zum Zweck
160 1581 779 1643 die Vorstädte, verband das Ange¬
1960 1592 3085 1665 schon nach rei Tagen. Der Vater nimmt ihn zurück nach Calw,
798 1610 3082 1701 der theologischen Karrière anno 90 oder 91 eigens naturalisieren versucht ihn als Gehilfen bei seinen Arbeiten zu beschäftigen; es
171 1628 1574 1708 stiegen zu den Töchtern des Lan= und in Göppingen die Lateinschule besuchen.
153 1668 776 1734 indern einer halbwüchsigen Zeit
1949 1672 3078 1741 ist aber auch er nur ein gedrücktes, unerquickliches Herumsitzen.
849 1679 1927 1752 Die Darstellung des Landes=Examens und der Seminaristen¬
153 1712 772 1774 sen nach Maß und eine hübsche
1952 1708 3082 1781 Er kommt in ie Turmuhren=Fabrik und das Handwerker=Wesen
798 1701 3074 1825 zeit in „Unterm Rad“ ist lebensgetreu. Nur heißt der Vater mit seinem Rest von laubgrünem Burschentum und Pennen=Ro¬
164 1752 3082 1861 höchste Glückseligkeit bedeuteten. Joseph Giebenrath und ist nicht Missionsprediger, sondern Zwi¬ mantik fesselt ihn erst. Zuletzt aber sind Kopf und Körper dem
160 1792 779 1854 se versunkene Umwelt der Herren¬
801 1799 1920 1869 schenhändler und Agent. Nur das Erlebnis in einer Art Spaltung
1945 1825 3078 1898 Amboß= und Funkengetriebe nicht mehr gewachsen. Nach aber¬
164 1850 1916 1905 einmalig und unübertroffen ge= der Persönlichkeit, die auch sonst in Hesses Büchern, so in
1945 1869 3074 1931 maliger Ruhepause im Elternhaus glückt es dem Jüngling, in der
171 1883 769 1960 Nachempfindsamen versuchte sich
790 1887 1909 1949 „Lauscher“, im „Demian", in „Klein und Wagner
1941 1905 3078 1978 Hackenhauerschen Buchhandlung in Tübingen unterzukommen. Und
794 1920 3071 2011 hervortritt, an zwei Freundesgestalten verteilt. Die Flucht des nun scheint er am erwünschten Platze zu sein; er ist nicht gerade
798 1956 1916 2022 Hermann Heiner aus Maulbronn ist des Dichters eigene Fluch
149 1938 761 2029 lich vierzig Jahren, da ein neues
1949 1982 3071 2062 Stfitler, aber er lebt doch in Tübingen unter Studenten und Pro¬
149 2014 765 2069 cht lebt, verschieden in der Lebens
790 2000 2918 2091 aus dem Seminar. Aber auch die seelischen Wirrnisse und Leiden fessoren, mitten in einer gelehrten und schöngeistigen Welt.
153 2058 769 2113 nen, eines, das auf die Vorher¬
149 2098 1920 2178 in Gründen nicht gut zu sprechen Prater und hat dort mühelos die gleic prachige Köchin gefun¬
1949 2124 3074 2207 gattung. Der wirkliche Heurige hingegen kennt keine lärmende
157 2145 3074 2255 ports, des Eindringen der Mäd¬ den; die jungen Leute besorgen das jetzt in Prag, Warschau, Musik, keine Duliähstimmung, keine Verbrüderungszenen, wie
153 2186 1920 2262 Einbeziehung in den gewerkschaft Budapest und sonstwo. Es soll noch inner das gleiche Getüm¬
1949 2229 3078 2309 sie der Film so gerne zeigt; der Ort, wo gerade ausgeschenkt
164 2233 3078 2342 süße Mädel des Filmonkels uns mel sein, aber der Prater hat jedenfalls an Glanz und Wonnen wird, wo einer der spärlich gewordenen Weinbauern seine vor¬
146 2277 1920 2349 nn es im kniefreien Rock und kur= verloren. Früher einmal führte der nächste Weg zur frischen
146 2309 761 2375 goneroffizieren aus der seligen
1941 2313 3067 2382 jährige Fechsung an den Mann bringt, vielfach in einem der
787 2324 1912 2393 Luft in den Prater. Seit die Touristenvereine Er
142 2364 754 2444 Aufscheinenden Walzertext modern
1945 2360 3071 2430 Zimmer seines Häuschens und im Garten, wird von den Meist¬
787 2371 1912 2437 mäßigungen auf den Bahnen zu vergeben haben, ist jede
146 2400 244 2451 eiter.
1938 2404 3063 2477 beteiligten irgendwie geheim gehalten; die Sekte der Wein¬
776 2411 1909 2484 bessere junge Mann ordentliches Mitglied und fährt samt Freun¬
1931 2444 3074 2517 beißer hat Angst, die andern könnten ihnen die zwei Eimer
157 2415 3071 2553 einmal. Es steht zwar noch eine din ehrbarst auf den Semmering oder auf die Hohe Wand. Der des Ferdinand Stanglberger in ein paar Tagen wegtrinken.
146 2488 1912 2568 er der, von dem die Gegend den Prater wurde im großen Ganzen auf die Einwohner der nächst
146 2528 754 2597 der Wurstel ist verschwunden. So
1931 2528 3074 2604 Sie sitzen still und ernsthaft hinter ihren Gläsern, die sie nach
779 2535 3060 2644 liegenden Bezirke beschränkt, und so mancher Wiener erfährt Art der Eingeweihten langsam, zeremoniell an den Mund
146 2572 1909 2666 sehr naiv genug, sich die Belusti= aus einem Film berlinischer Erzeugung, daß erwähnter Aus¬
142 2615 750 2681 terzeit gefallen zu lassen. De
1938 2612 3063 2692 führen. Es sind fast durchwegs ältere Herren, gründlich ge¬
779 2623 1344 2688 flugsort noch auf der Welt ist.
142 2666 772 2732 pe Liebesmarkt einer mäch¬
1927 2663 3056 2750 mischte Gesellschaft, vom Kanalräumer bis zum Generaldirektor,
834 2648 1909 2739 Man unterscheidet ferner den wirklichen und den Fremden
1934 2699 3067 2772 die kosenden Liebespaaren, die zufällig dazugekommen sind, mit
171 2706 3067 2819 Was das kaiserliche Wien an heurigen. Dieser ist auf allen Ankündigungen angepriesen, alle Blicken abgründiger Verachtung begegnet. Manchmal beginnt
142 2750 3056 2863 er, ungarischer, ruthenischer, kroa¬ Autotaxi führen zu ihm, einer ins Nachtlokalmäßige über einer wie aus dem Traum heraus vom Alsegger 1897 oder
138 2787 3045 2969 tete, erhob sich Sonntags in den tragenen Nachahmung einer früher vollsteinlichen Wirtshaus-Segerner 1903 zu sagen und zählt diesen Vorzüge auf, dann
1934 2914 3082 3016 regret es Fachausdrücke. Das Gespräch an dem sich alle An¬
1945 2994 3071 3063 wesenden, gleichviel, ob bekannt oder unbekannt, beteiligt
1949 3031 2983 3100 haben, verstummt wieder und die Andacht wird fortgesetzt.
2011 3103 3060 3184 Der Film aber will das neue, das gewandelte
1945 3154 3060 3220 Wien, eine Großstadt wie jede andere, ausgestattet mit allen
1934 3213 3063 3275 typischen Eigenschaften der Gattung, nicht zur Kenntnis
1931 3249 3060 3315 nehme. Er knüpft an die Besonderheiten an, die die Mittel¬
1941 3293 3049 3347 und Landstadt der nachmärzlichen Zeit ausgebildet hatte
1941 3329 3045 3395 Eigentümlichkeiten, die im Zuge der Entwicklung längst ab
1931 3377 3049 3446 geschliffen wurden — eine Tatsache, die man je nach Ein¬
2003 3431 3052 3486 lung bedauerlich oder nützlich finden kann. Die tiefer ver
1931 3479 3045 3526 ankerten Eigentümlichkeiten von Mensch und Landschaft, das
1934 3519 3045 3570 was achthundertjähriger Wille zur Kultur aus Volk und Stad
1931 3555 3052 3635 gemacht hat, was unter der Oberfläche ruht und nachwirkt
1934 3599 2805 3661 faßt der Film, wie er heute ist, nicht ins Bild.
1996 3628 3049 3715 So mußte eine von Grund auf falsche Meinung
1927 3690 3041 3755 entstehen, sie ist bereits — besonders beim Norddeutschen, de
1931 3734 3045 3799 sich unbekümmerter zu einer prägnanten Formulierung ver¬
1934 3774 3052 3843 steht — wirksam zuwartendes Wohlwollen, vermengt mit
1923 3821 3049 3887 dem Empfinden, diese Süße Mädel=Ringelspiel=Heurigen¬
1923 3861 3052 3938 Menschheit könne nicht recht ernst genommen werden. Zum
1920 3908 3049 3974 Troste derer, die da im Kino urteilen, daß sie denn doch
1920 3948 3045 4014 bessere, wertvollere Menschen sind, sei mitgeteilt, daß Film-
1923 3992 3052 4058 Wien und das wirkliche Wien von einander so sehr verschieden
1920 4032 3045 4101 sind wie das Wien der Habsburger von dem heutigen. Ein
1912 4076 3045 4160 Abgrund, der des Kriegserlebnisses, ist dazwischen¬
