3392 4352
1162 289 1584 394 box 44/5
116 299 982 398 13. Miscellaneous
2073 1443 2936 1496 Jungwirths. Die tiefe Andacht vor der Natur
162 1415 2042 1503 gelte Beschränkungen auf, erzielt aber gerade dringlich, beseelt, durchatmet, das männlich¬
113 1485 2936 1549 Pazelts dadurch volle Wirkungen; in erster Reihe steht und das weibliche Prinzip auch koloristisch in vermag Lauterbach ins Bild zu tragen; auch
2066 1524 2936 1580 diesmal: „In der Ramsau bei Goisern“.
282 1531 2042 1588 ihr „Paul Stefan“. Von den besten neueren eine Kontraststellung bringend, gibt sich Wind
1179 1566 2936 1630 hagers „Selbstbildnis und Frau“ meisterlich. Erstaunlich, wie Brunner aus seinem Motiven¬
282 1584 1158 1633 deutschen Meistern des Porträts sich ableitend,
151 1577 260 1661 dieser
2073 1616 2936 1661 bereich und aus seinem Stimmungbereich
289 1619 2045 1679 sie auch oft erreichend — jedes der sechs Ge¬ Dreimal Witt, drei frisch hingesetzte Porträte
102 1633 257 1700 strech¬
278 1654 2939 1721 mälde hat hohe Klasse; in allen, besonders besonders das des „Reg.-Rats F. L.“. Aus immer wieder Neues schöpft, wie er es, auf
116 1690 253 1756 Porträt
2073 1704 2950 1746 die rechte malerische Art, als ein Neues ge¬
278 1700 2042 1760 aber in den zwei Frauenbildnissen und im klang in Schönheit: Schönheit des Modells
144 1732 257 1799 vieles
2073 1739 2950 1792 staltet! Die „Zwei Windmühlen" holen ihre
285 1742 2049 1802 „Stadtrat Linder“, ist der noble Ton, ist der Königin Liesl Goldarbeiter, Schönheit des
176 1781 260 1837 zwei
2066 1785 2946 1830 Wirkungkraft aus dem Parallelismus in der
285 1792 1982 1852 sehr rege Sinn für die Valeurs —, stellt sich Werks, Wachskopf, geformt von Zinsler.
116 1820 253 1869 im de¬
2073 1823 2950 1876 horizontalen Gliederung und aus dem grellen
285 1837 1151 1894 erneut Schachinger vor. Schiff bewältigt in
1179 1841 2038 1922 Und 122 Objekte in der Jahres
106 1855 260 1922 Parnau
2070 1869 2946 1922 Klang des Sonnenstreifs, mit dem die dumpf¬
282 1883 1148 1950 einer umfangreichen figuralen Komposition
1443 1897 1781 1968 ausstellung.
116 1904 257 1954 delliert
2073 1911 2953 1961 farbigen Wolkenbänke korrespondieren. Ein
282 1932 1158 1978 die Fläche ganz ausgezeichnet; aus ver¬
116 1947 257 2006 Bilder
1257 1918 2943 2010 Ist man unten zu Ende, fängt es oben Stuck bester Malerei, wie dieses, ist auch Josts
289 1964 1148 2031 schiedenen Helligkeiten schwingt dieses Bild de¬
176 1992 264 2045 seine
2073 1992 2520 2063 „Stilleben mit Aepfel“
1176 1999 2049 2056 an. Im ersten Stock ist die 53. Jahres¬
289 2010 1151 2063 „Univ.=Prof. Dr. Heinrich Neumann bei der
134 2013 260 2087 Pevet
2154 2024 2946 2101 In der Mitte der Dreißig steht einer,
282 2035 2049 2105 Vorlesung", das im Bildnis lebendig ist. Mit ausstellung, von 66 Künstlern beschickt. Die
109 2059 253 2140 raft in
1183 2080 2042 2137 Gleichförmigkeit des Bildinhalts ist beseitigt
2070 2080 2950 2140 den man zum erstenmal sieht, einer, der alle
285 2094 1151 2147 einem Werk nur, mit einem aber, das in jeder
109 2119 260 2172 Kädchen¬
1176 2130 2045 2175 Angeregt begibt man sich in die erweiterten
2073 2130 2950 2186 Aussichten hat, bald obenauf zu sein. Seine
285 2140 1151 2189 Beziehung standhält, lebenswahr und dennoch
116 2161 260 2218 riginel
2077 2179 2946 2232 zwei Landschaften, nicht lokalisiert, sehr
289 2168 2049 2232 über das Alltägige hinausgehoben, ist Heinrich Bezirke. Der Anfang verspricht viel. Neu¬
113 2204 257 2260 precher
1190 2214 2946 2263 städtls „Landschaft mit Kühen“ hat die großen malerisch, sehr leise und dabei kernig, aus einem
282 2221 1158 2281 Karl Scholz da; der Bronzekopf des Bürger¬
116 2249 257 2313 nig ha¬
943 2260 2056 2330 in der Ab¬ Vorzüge dieses zu wenig gewürdigten feinen
2084 2263 2946 2313 feinen Empfinden für die Grenzen des (aus
289 2263 905 2320 meisters Seitz hat Stil; er war,
1179 2302 2049 2351 Malers. Hans Frank fängt, viermal, Land¬
2073 2302 2950 2358 dem Geschmack) Erlaubten geboren, tragen
961 2309 1155 2380 zu sehen
289 2309 922 2365 bildung, in der „Volks=Zeitung
1193 2344 2693 2404 schaftsstimmungen ein, und die gleiche Grund den Namen Rudolf Weißhappel.
289 2348 1155 2429 Auf das Gebiet der „beschreibenden Malerei
116 2351 257 2432 sont si
1186 2387 2049 2439 stimmung einer leichten Melancholie drück¬
2147 2372 2953 2446 Opitz hat seinen Schwerpunkt in den
289 2390 1151 2450 hat sich, angeregt, Stalzer begeben; in
116 2418 260 2478 sch nicht
1179 2439 2953 2492 sich in allen aus. Erich Wagner schafft, wie Oberstock verlegt und hier wieder in den
289 2439 1155 2496 Bildnis des Dozenten Friedung bringt er
106 2460 260 2527 steht
1183 2475 2045 2527 nur einer, aus dem Gefühl, aus dem all
2070 2478 2946 2534 „Kugelwerfer“. Das Anatomische ist akzentu¬
289 2478 1155 2538 nicht nur dieses und er bringt es nicht los¬
113 2506 260 2559 un tritt
1183 2513 2045 2577 gemein menschlichen und aus dem malerischen
2073 2520 2943 2577 iert. Statik und Dynamik sind vortrefflich aus¬
285 2520 1155 2580 gelöst von der Umwelt; er setzt den Arzt, seine
116 2552 257 2601 hervor
1179 2566 2056 2615 hier sind Landschaften, wie man sie, vor
2080 2573 2943 2626 gewogen. Dieses Bildhauers Form ist ge¬
964 2573 1155 2622 in ein¬
289 2573 912 2626 Menschenfreundlichkeit betonend
113 2591 257 2644 dauer
1183 2612 2376 2654 einiger Zeit, in der Sonderausstellung in der händigte Kraft.
285 2591 1155 2668 inhaltreiche Beziehung zu einem Kind. Der
113 2633 260 2689 einen
1179 2644 2049 2700 Neuen Galerie, am Ende seines Weges sah
2158 2622 2946 2703 Gering ist die Schau auf das Architek-
285 2654 1155 2710 ideale Schwung in Stemolaks Kammerer¬
113 2675 257 2739 ein gib
1338 2693 2946 2742 — das ist so eine Sache; man ist tonische, das Vorhandene aber regt zu ein¬
1183 2693 1313 2746 Kempf
289 2696 1158 2753 Kopf (Bronze) und die ruhevoll übertönte
109 2717 264 2770 st von
1179 2721 2049 2784 genötigt die lieben kleinen Bilder zugunster
2080 2732 2950 2784 gehender Betrachtung an. Ein recht eigenes
285 2742 1155 2795 innre Bewegtheit in den (Gips) Abbildern
106 2756 264 2823 glichsten
1183 2774 2052 2834 der Riesengemälde zu übersehen, dann aber
2080 2777 2950 2830 Projekt für ein Eihaus hat, im Plan und in
278 2784 1148 2855 Laskes und Reinitz' sind wahrhafte Zeugen
292 2820 2950 2890 seiner reifen Künstlerschaft. Stössel als Maler genötigt, diesen, bei aller Anerkennung der perspektivischen Ansicht, Schön vorgebracht.
1179 2862 2953 2915 ernsten Wollens und bedeutender Fähig- Baumgarten und Hofbauer bringen ihre sehr
289 2872 1158 2929 und Stössel als Radierer sind, trotz der gleichen
102 2855 260 2946 d, läßt
1183 2904 2950 2957 keiten, die Existenzberechtigung abzusprechen, zweckgemäß angelegten Komenskyschulen, die
289 2922 1158 2992 Wesenheit, zwei Persönlichkeiten; er ist eben
113 2936 260 2992 del und
1179 2950 2953 2999 Allegorien, so gegeben, hatten in einer ausgeführte im 12. und die geplante im
289 2960 1158 3013 beides ganz aus der Technik, aus dem
116 2974 253 3027 tretend
2080 2992 2950 3038 10. Bezirk, in Modell, Zeichnungen und
1190 2992 2049 3069 früheren Zeit Raum, heute müssen sie ander¬
289 3003 1155 3062 Material; in beiden Eigenschaften hervor¬
116 3017 257 3076 vollen
2080 3027 2950 3101 Photos. Reichl hat eine kleine wertvolle Kol¬
1654 3034 2056 3105 es sind gemalte
1179 3034 1598 3098 dargestellt werden;
285 3045 1155 3101 ragend, ist der Graphiker weiterhin sichtbar
120 3062 260 3122 ihm zu
1802 3073 2049 3136 aber eines
2080 3076 2950 3126 lektion: zwei Modelle und Photos:
1186 3073 1771 3129 Erzählungen großen Stils,
289 3091 1158 3143 der sich diesmal in der prächtigen farbigen
120 3101 260 3164 Fleiß
2080 3115 2950 3172 diese beziehen sich auf sein beachtens¬
285 3115 2045 3221 Radierung der Jeritza und in den feinen abgetanen Stils. Der Inhalt veraltet nie
113 3147 257 3196 Auch er
2070 3161 2946 3217 wertes Wirken als Innenarchitekt, jene führen
1186 3164 1651 3235 die Form nur zu rasch.
289 3172 1165 3231 Bildnissen Julius Sterns und einer Frau
116 3189 257 3242 tadtrat
2080 3207 2950 3256 einen „Gästepavillon mit Sportsaal" und ein
1267 3189 2049 3274 Spiel der Schatten in Leopold Blauen¬
289 3224 1158 3277 Neubrunn bedeutungsvoll vorführt. Alle guten
116 3235 253 3295 nkwicz
2077 3245 2953 3298 „Landhaus an einem See" vor; hier ist die
1186 3263 2049 3312 steiners „Winterlicher Au. Ranzoni d. Ae.
292 3270 1158 3323 Qualitäten hat das Vollbildnis Häussermanns
123 3277 264 3330 Klang
2073 3288 2950 3355 Ausnützung des Terrains vortrefflich, und der
1179 3302 2049 3355 Prinz, Karlinsky d. A., Leitner, Wegerer
289 3309 1148 3369 von Streit. Des jungen Bildhauers Weine
116 3316 260 3372 tervoll
2080 3326 2946 3383 in gutem neuzeitigem Sinne verfaßte Bau,
1183 3348 2049 3397 Darnaut, Grill — bewährte Aufzeichner land¬
289 3351 1151 3411 „Wiener Schönheit", aufs Bildhafte hin ge¬
120 3362 260 3414 Bildnisse
2080 3372 2957 3446 mit geschickter Aufteilung der Räume, fügt
144 3386 2049 3443 dieses arbeitet, ist ausdrucks= und anmutvoll. Vor=schaftlicher Gegebenheiten, die sich dem Blick
2084 3421 2820 3495 sich dem Landschaftsbilde natürlich ein.
1183 3428 2052 3485 und dem Gedächtnis einprägen. Voller Im¬
120 3418 1155 3499 schülerin nehm, repräsentativ aus sich bietet sic
2584 3446 2925 3545 Max Roden.
503 3471 2073 3545 Bürgermeister=Bild dar. Ein=pression die bewegten Fluß= und Hafenbilder
123 3485 479 3562 allerlei Wiedens
