3392 4352
1175 296 1605 400 box 44/5
137 303 1002 403 13. Miscellaneous
270 739 1132 882 OBSERVER
370 882 1022 932 I. österr. behördl. konzessioniertes
326 919 1072 982 Unternehmen für Zeitungs Ausschnitte
376 969 1022 1059 WIEN, I., WOLLEILE 11
473 1026 939 1079 TELEPHON R-23-0-43
273 1159 629 1249 Ausschnitt aus:
646 1215 1056 1379 Volkszeitung, es
273 1385 410 1475 vom
686 1432 1056 1542 6. JUNI 1932
2061 1492 2930 1568 der Kommission wurden den Regierungen
1189 1518 2035 1595 auptaugenmerk auf die Nachforschungen
2061 1562 2927 1612 mitgeteilt. Trotz der großen noch zu über¬
1185 1595 2031 1652 trüber, wie Sardelotto in den Besitz des ge¬
2058 1602 2924 1665 wältigenden Schwierigkeiten darf man doch
1195 1632 1935 1712 lichten Schweizer Passes gekommen ist.
2051 1642 2930 1702 ein positives Ergebnis erhoffen,
1242 1692 2927 1775 Im übrigen wird versichert, daß der vorausgesetzt, daß die Antworten der Re¬
1199 1735 2621 1795 ttentatsplan wenig Aussicht gierungen günstig ausfallen.
143 1805 243 1875 Ver¬
1169 1835 2930 1905 hat nicht immer den gewünschten Erfolg. Um einem reichlich zu tun dem Betrachter, der den
270 1765 1136 1925 457 Bildnisse aller Art
130 1861 243 1931 tung
1169 1881 2930 1938 so mehr ist der Genossenschaft der bildenden Vorzug genießt, nur genießen zu dürfen, und
150 1915 240 1968 Be¬
263 1921 2934 1975 Oesterreichisches Schaffen der Künstler Wiens dazu zu gratulieren, daß sie dem Referenten, der den Vorzug hat, über das
137 1945 243 2018 Pro¬
2055 1965 2930 2018 Gesehene zu schreiben. Es ist an dieser Stelle
266 1968 1112 2018 Gegenwart im Künstlerhaus.
1159 1968 2031 2038 wieder etwas gefunden hat, was „neben" der
123 1995 243 2065 einem
2058 2011 2957 2071 im Verlauf der Jahre so viel des Allgemeinen
1166 2011 2031 2071 „großen Kunst hergeht und dieser zu Diensten
273 2008 1142 2088 Das Publikum soll und muß her
123 2048 246 2111 und
1169 2058 2035 2105 ist. Der Gedanke ist naheliegend: hängt man
2061 2055 2927 2108 über das Bildnis gesagt worden, daß es dies¬
353 2065 1149 2121 Es ist noch nicht gar so lange her, da
1166 2101 2031 2151 soundsoviele Bildnisse, Bildnisse der Gegen¬
2061 2098 2940 2151 mal unterlassen sein kann; der Raum bliebe
123 2101 243 2158 in
266 2095 1139 2168 mußte man behutsam sein und durfte un
1162 2148 2035 2194 wart, geschaffen von allen österreichischen
2061 2141 2930 2194 weniger, als es ohnehin wird der Fall sein
133 2148 246 2204 die
276 2158 1139 2208 Gottes willen nicht laut von der Not de
1169 2184 2031 2234 Künstlern, die in Betracht kommen, und nich
2055 2188 2930 2238 müssen, der Besprechung von einzelnem be¬
123 2188 246 2258 stanz
270 2204 1139 2254 bildenden Künstler sprechen und von der
1162 2224 2035 2274 nur von den Künstlerhaus=Leuten, so erregt
2061 2228 2930 2278 wahrt. Und dann: in dem kurzen, aber wahr¬
270 2248 1142 2301 wirtschaftlichen Krise in der bildenden Kunst
1166 2264 2028 2321 man Aufmerksamkeit und Neugier aller Ab¬
2061 2274 2930 2324 haft inhaltreichen Geleitwort von Wolfgang
157 2281 243 2358 und
270 2291 1142 2338 Es hieß, man verschüttete dadurch die Quellen
1851 2311 2031 2364 die aus
1175 2314 1825 2368 gebildeten, aller Nichtabgebildeten,
2061 2314 2930 2364 Born ist manches Belangreiche vorgebracht,
266 2334 1142 2388 des Interesses des Publikums. Als aber die
1166 2351 2031 2408 irgendeinem Grunde die andern sehen wollen
2061 2361 2930 2408 in kunsthistorischer und in psychologischer Hin¬
123 2348 1142 2434 stanz Krise, auch hier, nicht mehr zu verdecken wa¬
1169 2394 2031 2448 aller, die sich für die vielen Künstler inter¬
2068 2404 2934 2461 sicht; unter den merkenswerten Worten sind
263 2428 1142 2478 und als das Elend unter den Künstlern zun
123 2431 240 2494 sehr
1162 2431 2031 2491 essieren, mit einem Wort, es ist ein verstärktes
2061 2444 2934 2501 auch diese: „Der Künstler hat dem Modell sein
276 2471 1142 2534 Himmel schrie — der Schrei will nicht ver¬
1162 2478 2031 2527 aktuelles Interesse da. Das gilt zunächst für
123 2471 246 2541 sich die
2061 2491 2934 2554 eigenes Menschentum gegenüberzusetzen",
280 2511 1142 2567 stummen! —, da fand die falsche Scham ihr
1166 2521 2031 2571 die veranstaltende Genossenschaft; für die
123 2521 243 2584 aller¬
2058 2517 2940 2587 „Wer ein gutes Porträt von sich besitzt, weiß,
276 2561 2031 2611 Ende, und nun heißt es: Publikum, öffne die Schaffenden gilt auch, daß ihnen Ehre wurde
127 2567 246 2631 lischen
2061 2577 2930 2627 daß er dadurch mehr von sich erfahren hat als
270 2601 1142 2647 Ohren und reiß die Augen auf, komm und
1172 2607 2021 2654 und überdies Geld, da es, durch die „offiziöse
147 2617 243 2681 Heil
2061 2614 2930 2671 durch alles Grübeln und durch alle Selbst¬
276 2634 1146 2707 hilf! Eine große, umfassende Notgemeinschaft
1169 2647 2031 2697 Anbahnung von Beziehungen und Aufteilung
2061 2664 2930 2714 kritik", „Das Bildnis vollendet erst die
123 2664 243 2724 ttler¬
276 2687 1139 2734 ist im Werden. Um aber den Stier — den und
1166 2691 2031 2757 von Aufträgen vor und während der Aus¬
2061 2704 2934 2754 Leistung eines Lebens“. Es ist so, und hat
130 2714 246 2771 erst
276 2727 1146 2787 jenen — bei den Hörnern zu packen, re¬
1172 2727 2028 2784 stellung für manch einen Maler, Graphiken
2061 2747 2930 2801 einer für die zwei letzterwähnten Sätze das
117 2754 240 2814 Angen
273 2767 1142 2827 volutioniert man das Ausstellungswesen
1169 2767 2031 2824 und Bildhauer einiges zu tun gab und gibt
2061 2787 2930 2850 rechte Gehör, so kann es sein, daß er zum
133 2804 240 2867 tlich
273 2814 2028 2864 greift man Gedanken auf, die anderswo, oder Hier ist vor allem eines Mannes zu gedenken
2058 2837 2937 2887 erstenmal oder wieder einmal den Weg in ein
143 2854 246 2910 nicht
283 2850 2031 2907 früher einmal auch hier, Erfolg hatten. Das dem Anregung und mannigfache Arbeit zu
2061 2877 2930 2930 Atelier nimmt, um sich porträtieren zu lassen.
1166 2890 2021 2950 danken sind, und es ist dies um so mehr Pflicht
276 2897 1142 2950 Publikum will interessiert sein, es soll und mus
140 2900 253 2960 wird
2058 2920 2924 2977 Das Publikum soll und muß auch das tun,
270 2937 2025 3000 in die Ausstellungen, und deshalb bietet man als es seltsamerweise sonst nicht geschehen ist
133 2950 246 3014 erten
2061 2970 2927 3014 es hat, als eine Gesamtheit, Verpflichtungen,
276 2980 2031 3040 nicht mehr „Rechenschaftsberichte“ über ge= und er selbst sich ausgiebig versteckt hat; nur
137 2997 243 3054 alter
2055 3010 2927 3057 denen es sich nicht entziehen darf, und jedes
1169 3027 2031 3080 dem Zufall ist es zuzuschreiben, daß die Kennt¬
273 3037 1142 3087 leistete Arbeiten des vorangegangenen Quar
130 3044 246 3100 würde
2061 3050 2930 3110 Individuum muß sich, in einem entsprechen¬
273 3067 2035 3127 tals oder des abgelaufenen Jahres, sondern nis seines kunst= und menschenfreundlichen
120 3090 243 3150 stan
2058 3090 2631 3164 den Maße, verpflichtet fühlen.
273 3107 2028 3177 kleidet das Ausstellungsmaterial schick oder Wirkens nicht ganz verborgen blieb. Sein
157 3137 246 3193 sein
2135 3117 2927 3200 Es ist selbstverständlich, daß unter so
273 3150 1998 3223 putzt es apart auf, kurz, man tut, was zu tun Name sei in Versalien gegeben: LARTIN.
130 3167 243 3240 ndes
2051 3170 2930 3233 vielem keine Festlegung auf Richtung und
1245 3190 2028 3240 An 457 Bildnissen aller Art schreite
273 3203 1152 3257 ist, um aufzufallen. Mit der vorangegangenen
140 3233 246 3310 spricht
276 3240 2934 3303 Veranstaltung hatte das Künstlerhaus Glück; vorüber, wer in den Sälen des Erdgeschosses bestimmten Geschmack da sein kann, aber auch,
2051 3277 2930 3330 daß es Qualitätsunterschiede gibt, die nicht
1172 3280 2025 3333 ist. Oesterreichs Porträtisten nehmen die
273 3293 1146 3347 die Karikaturenausstellung erfüllte den zwei
2051 3323 2934 3377 einmal unbedeutend sind. Das ist unver¬
137 3303 250 3383 effend
280 3320 2025 3393 fachen Zweck, das Verständnis für künstlerische Parade ab. Es wurde gesagt, daß die in Be¬
2058 3363 2927 3413 meidlich, es wäre denn, daß man die
1169 3360 2031 3430 tracht kommenden da sind. Das ist allerdings
130 3373 250 3443 lem¬
276 3380 1142 3437 Dinge zu erhöhen und Geld einzubringen, und
2051 3403 2930 3457 Forderung nach dem Ausgleich der
1172 3410 2028 3467 nicht ganz wörtlich zu nehmen; manch eine
150 3423 1146 3506 „Die wahrlich, der eine Zweck heiligte die ein¬
1179 3443 2927 3516 fehlt; das ist aber nun einmal nicht anders, Begabungen stellte, nach der Angleichung der
153 3470 250 3526 nicht
283 3463 616 3550 fließenden Mittel.
2058 3490 2927 3540 Fähigkeiten. Eines ist sicher: die Zahl der
1169 3493 2031 3556 und die 135, deren Arbeiten die früher er¬
360 3487 1142 3563 Die guten Ideen liegen aber nicht au¬
153 3516 260 3573 Kron¬
2061 3533 2927 3613 schönen Begabungen ist, man sieht immer
170 3533 2035 3656 des der Straße, und die eifrigste Suche nach ihnen wähnte stattliche Zahl ausmachen, geben
