3436 4352
185 295 328 388 13.
1229 286 1654 385 box 44/5
380 295 1040 382 Miscellaneous
448 1063 1240 1166 „OBSERVER
545 1147 1201 1212 1. österr. behördl. konzessioniertes
517 1206 1237 1266 Unternehmen für Zeitungs-Ausschnitte
580 1254 1175 1335 WIEN, I., WOLLEILE 11
648 1310 1102 1378 TELEPHON R-23-0-43
454 1439 817 1520 Ausschnitt aus:
952 1533 1256 1632 BLATT
476 1599 755 1695 VORALE
469 1689 589 1751 vom
706 1748 1118 1856 16. AUG.
1338 1964 1525 2031 Der erste
1338 2018 1532 2090 möglichst
1328 2062 1489 2118 Hebbel.
563 2191 1310 2300 Berufe von Schriftstellern.
714 2296 1175 2369 Von Ernst Bredenbeck.
448 2382 1533 2454 Der Arzt, Lehrer oder Rechtsanwalt bereitet sich durch
361 2440 1528 2497 Studium und praktische Tätigkeit als Assistent oder Re¬
361 2490 1525 2548 ferendar und Assessor auf seinen Beruf vor. Der Hand¬
361 2528 1525 2594 werker geht zu einem Meister in die Lehre, und der an¬
364 2572 1528 2633 gehende Kaufmann tritt als Lehrling in ein Büro ein, um
358 2619 1528 2682 sich inmitten der Praxis die nötigen Kenntnisse anzueig¬
355 2663 1529 2714 nen. Wer aber hat schon einmal gehört, daß ein Dichter
355 2708 1529 2770 oder Schriftsteller bei einem Meister seines Fachs ge¬
357 2747 1522 2810 arbeitet habe, in einer „Schriftstellerei=Werkstatt sich das
358 2792 1523 2852 Recht auf die Führung des Titels „Dichter“ oder „Schrift
369 2845 1538 2899 steller erkämpft: Bildhauer und Maler lehren wohl ihre
358 2880 1532 2933 Kunst, bilden Schulen um sich, nie noch aber hat ein
369 2924 1535 2980 Schriftsteller Jünger um sich versammelt, um ihnen die
369 2973 1212 3039 Geheimnisse seines Schaffens mitzuteilen.
451 2996 1530 3073 Durch einen anderen Beruf sind die meisten Schrift¬
369 3052 1539 3118 steller zu ihrer neuen Arbeit gekommen. Daß die geistigen
372 3101 1538 3161 Berufe als Ursprung an erster Stelle stehen, versteht sich
369 3140 1539 3203 wohl von selbst. Alfred Döblin und Schnitzler kommen
372 3189 1538 3247 von der Medizin her, Döblin übersehenen Bern
372 3230 1538 3296 des Arztes aus. W. Somerset Maugham, der Engländer,
373 3277 1528 3336 war schon ein berühmter Chirurg als sein erstes Buch er¬
380 3318 1536 3381 schien und er sich von da an der Schriftstellerei widmete.
375 3362 1542 3425 Mörike war Pfarrer in Cleversulzbach, und ebenso hat
372 3406 1532 3477 Jean Paul ursprünglich Theologie studiert. Auch Her¬
369 3454 1544 3510 mann Hesse hatte das Theologiestudium begonnen, als er
375 3493 1539 3563 seiner Berufung als Dichter Folge leistete. Hugo v. Hof¬
369 3535 1536 3603 mannsthal studierte Jura, Otto Erich Hartleben hat auch
364 3582 1533 3645 die Referendarjahre hinter sich gebracht, und Rudolf Huch
1576 1940 2750 2002 der in Harzburg lebt, war Rechtsanwalt in Wolfenbüttel,
1585 1990 2748 2039 als seine ersten Romane erschienen. Daß der Berliner
1585 2027 2744 2084 Rechtsanwalt Dr. Alsberg sich auch als Dramatiker be¬
1585 2069 2748 2138 tätigt, ist bekannt, er sucht auf beiden Gebieten Lorbeeren
1585 2118 2733 2178 zu erringen. Wilhelm Schäfer, durch seine „Anekdoten
1585 2156 2760 2218 bekannt, ist ebenso wie Rudolf Stehr, der Schlesier, einmal
1574 2209 2754 2274 Lehrer gewesen. Wilhelm Busch, unsterblicher Schöpfer des
1582 2249 2757 2312 „Max und Moritz und der „Frommen Helene", hat in
1582 2291 2751 2351 Hannover die Technische Hochschule besucht, Max Eyth
1583 2335 2754 2391 heißt geradezu der „Dichter=Ingenieur“, weil er in seinen
1588 2379 2751 2438 Geschichten eigene Erlebnisse seiner Laufbahn als Techni¬
1582 2435 2757 2494 ker verwendet hat. Die große Hallenkonstruktion des An¬
1585 2469 2758 2523 halter Bahnhofs stammt von keinem anderen als Heinrich
1594 2514 2754 2572 Seidel, der wegen seines „Leberecht Hühnchen“ aber doch
1588 2559 2761 2611 noch bekannter wurde. Georg von Ompteda, dessen Ro¬
1585 2600 2758 2658 mantrilogie „Deutscher Adel um 1900“ sein Hauptwerk
1597 2645 2755 2700 ist, war Offizier in sächsischen Diensten, da es wohl nicht
1591 2692 2754 2752 anging, daß der Sohn des Hofmarschalls des letzten Kö¬
1588 2732 2754 2795 nigs von Hannover in preußische Dienste trat. Ebenso
1588 2786 2763 2838 waren Rudolf Stratz und Josef von Lauff Offiziere, man
1588 2823 2757 2873 merkt es ihren Büchern noch an. Wilhelm Raabe und
1594 2873 2758 2923 Gustav Falke haben ihre dichterische Laufbahn vom Buch¬
1597 2907 2757 2971 handel aus begonnen, Otto Julius Bierbaum hatte zu¬
1594 2952 2752 3012 erst die kühne Absicht, in die Politik einzutreten und Di
1588 3001 1975 3058 plomat zu werden.
1679 3027 2766 3102 Es ist nicht immer verkehrt, von der Abenteuerlichkeit
1595 3080 2760 3143 einer Erzählung auf die abenteuerlichen Schicksale ihres
1597 3124 2748 3184 Vrefassers zu schließen. Das Beispiel Karl May ist be¬
1588 3177 2752 3230 kannt. Friedrich Gerstäcker, dessen „Flußpiraten des
1599 3215 2760 3277 Mississippi" die ältere Generation unter uns verschlungen
1597 3262 2760 3314 hat, ging 1837 zum ersten Male nach Amerika, „wo er ein
1599 3297 2758 3359 höchst abenteuerliches Leben führte und in den verschieden¬
1602 3344 2766 3415 sten Berufen tätig war“. Nach sechsjährigem Aufenthalt
1594 3397 2755 3447 auf dem anderen Kontinent kam er nach Deutschland zu¬
1602 3430 2763 3491 rück und begann mit der Schriftstellerei. Weitere Reisen
1599 3479 2763 3538 führten ihn dann nach Südamerika und Kalifornien, in
1594 3522 2760 3581 die Südsee und nach Australien. Als er 1872 in Braun¬
1608 3571 2766 3642 schweig starb, hatte er eben das 56. Lebensjahr vollendet
2801 1933 3352 1990 und ein Werk von 44 Bän
2805 1980 3358 2031 Ende gebracht. Hinter der
2816 2021 3355 2078 John Retcliffe, verbarg si¬
2805 2064 3365 2118 namens Hermann Goedsche
2805 2112 3352 2172 Abenteuer hütete und sie
2819 2156 3334 2206 risch=politischen Romanen
2805 2203 3358 2252 biete der Literatur beweg
2813 2241 3359 2303 richtigem Namen Oskar M.
2813 2282 3352 2347 nover gegen Preußen kons
2816 2331 3358 2384 war, seinen Roman „Eu
2816 2379 3346 2435 minen“ glaubwürdig zu
2819 2419 3338 2478 zeitliche Ferne schweifen?
2816 2462 3346 2516 Kriminalromane die des
2816 2510 3314 2559 bald ausstechen werden,
2813 2548 3315 2607 Auktionator, Viehzüchter
2816 2591 3360 2645 und Orchideenjäger in de
2821 2636 3358 2692 Koprahändler und Zeitun
2817 2682 3331 2738 literarischen Wettbewerb
2819 2720 3359 2801 Kurzgeschichte eines Austr
2821 2770 3300 2833 wahren Beruf entdeckte.
2821 2813 3363 2867 die räumliche Ferne schwe¬
2813 2860 3347 2918 nach seiner Schulzeit auf
2821 2904 3359 2951 und Luftschaukelschieber,
2819 2945 3359 2998 var einer großen Privatb
2821 2990 3359 3061 Leutnant zur See, und spä
2821 3037 3155 3099 er sich uns zeigt.
2911 3062 3359 3140 Gilt nach alledem no¬
2819 3115 3358 3174 dichten“ zu Recht? Kein
2824 3164 3336 3218 Schule gelehrt wird, sich
2821 3211 3343 3265 legentlich Inserate in der
2830 3259 3352 3306 Aufmerksamkeit erzwingen
2830 3297 3359 3353 gehört dazu doch mehr, al¬
2819 3344 3355 3391 ken zu haben. In Richard
2827 3387 3355 3441 Stolzing aus den Schrifte
2824 3428 3366 3482 weide, er knüpft an die alt
2819 3475 3358 3550 kennen muß, und formt si
2827 3525 3183 3593 stellung bedingen.
