3344 4352
126 252 259 357 13
1171 245 1600 357 box 44/6
419 255 888 371 scellane
265 1253 1062 1362 „OBSERVER
351 1338 1011 1402 I. österr. behördl. konzessioniertes
323 1392 1042 1481 Unternehmen für Zeitungs-Ausschnitte
385 1450 970 1538 WIEN, I., WOLLEILE 11
453 1504 916 1562 TELEPHON R-23-0-43
262 1620 626 1726 Ausschnitt aus:
711 1821 1181 1940 13 JAN. 1933
265 1852 395 1947 vom
1202 1899 1753 2056 er von der
2138 1978 3026 2069 schlägen des Windes, der jetzt die zärtlich bereisten
1205 2012 2110 2090 taufte irgend jemand die sch wenig übertreibend
2131 2063 3023 2121 Rosmarinsträucher um den Bildstock am Ende de¬
1219 2066 2104 2148 sacht über die Nordflanke nale Straße, die sich
385 2056 1099 2165 Salmannsdorf bei Wien.
1729 2104 3026 2168 des Michaelerberges Sommerhaidenweges bewegt und mit den dunklen
1219 2117 1698 2202 l, Sommeren
524 2131 963 2240 Von Herbert Strutz.
1219 2151 3029 2257 nichts zu sehen. Aber mars. Von Heide ist freilich Zypressen spielt, die den Garten jener Villa be¬
2138 2209 3029 2287 schatten, in der einst Arthur Schnitzler in den
1276 2206 2107 2294 ein ehemals vielleicht nimmt es hin, beseligt
1212 2250 3029 2338 daß das Volkes — und zutreffender Name im Jahren 1905 bis 1907 seinen Roman „Der Weg
351 2281 2104 2355 Bei einiger Phantasie kann man es entdecken: Mund es erkannt — schließlich auch von der
2134 2304 3026 2355 ins Freie" schrieb. Wer dieses Buch gelesen hat,
289 2325 1188 2400 Hier im Nordwesten Wiens hat die Stadt einen
1212 2352 2110 2430 Behörden alle Veränderungen
2134 2352 3026 2406 kennt auch die Landschaft: Salmannsdorf. Wie
293 2383 1191 2454 sternförmigen Rand. Die Zacken dieses Stern¬
1212 2403 3033 2461 hinweg fortdauert. Musik in diesem Namen, ein Nest liegt es zu Füßen dieser Hügeleinsamkeit;
286 2440 1185 2495 werden von den eingemeindeten Ortschaften Dorn
1205 2454 3033 2505 eine Versprechung für Menschen, die sich gern der die Weingärten, jetzt abgerüstet, auf den Terrassen
293 2498 2100 2566 bach, Neustift am Walde, Salmannsdorf, Sievering, Einsamkeit zuwenden, und eine lieblosende Dank
2124 2498 3033 2556 der jenseitigen Höhen; dort Wunden, die die
286 2539 1715 2594 Grinzing und Kahlenbergdorf gebildet. Diese Art sagung für etwas, das war
2127 2543 3033 2611 Sieveringer Steinbrüche in die Vorberge des Her¬
286 2580 1188 2662 der Besiedlung ergab sich aus der natürlichen
1263 2560 2097 2655 Jetzt säumen die Straße Haselstauden, Hecken
2127 2590 2672 2665 mannskogels geschlagen haben.
296 2624 1188 2692 Bodenbeschaffenheit, aus dem Vordringen der
1212 2635 2100 2699 rosen und andere Büsche. Wiesen gleiten nach
2178 2624 3026 2696 Nur wenig hat sich seit den Tagen der Lieb¬
293 2679 1191 2740 Stadt in die Talfurchen zwischen den Wienerwald¬
1215 2689 2097 2743 Salmannsdorf hinab und steigen zum Dorotheer
2127 2689 3029 2750 Anna Rosners zu Georg von Wergenthin ver¬
293 2730 1181 2798 Bergen. Das steinerne Meer floß in die buchen
1212 2743 2100 2798 wald hinan. Selten einmal wird ein Acker aus
2127 2740 3029 2805 ändert. In der Nähe des ärmlichen ebenerdigen
289 2774 1181 2839 und wiesenrandeten Buchten und warf sein
1215 2788 2100 2846 dem grünen Grund geschnitten und zum Schutz
2127 2791 3029 2846 Hauses, an dem eine Inschrift verkündet, daß hier
296 2832 1181 2890 Brandung noch ein wenig auf die Hänge. Ab¬
1212 2835 2093 2893 gegen unbedachte. Sonntagstouristen mit Stachel
2124 2839 3029 2903 Johann Strauß seinen ersten Walzer komponierte,
293 2890 2100 2941 oben blieben die schmalen Höhen frei, von oben draht umzogen. Dann und wann springt ein Haf¬
2131 2886 3029 2944 steht die kleine Villa mit dem blauen Tonengel im
293 2931 2100 2995 her drängt sich noch heute das Land in die Stadt, über den Weg oder ein Reh, das sich zu nahe an
2124 2941 3033 2999 Garten, in der Anna ihre Niederkunft erwartete.
293 2975 1185 3036 wirft der Föhn den ersten Duft der Erde in di¬
1212 2982 2093 3036 die Stadt wagte. Husch — schon ist das zauberhaft
2127 2985 3019 3046 Gegenüber vom „Komponierhäusel“ einer unsterb¬
293 3029 1185 3097 Straßen. Hier oben ist der erste Frühlingsvogel
1212 3033 2097 3087 Bild vorbei, die schlanke Bewegung, die lautlos
2124 3033 3029 3094 lichen Dreivierteltaktmelodie berichtet eine Tafel
293 3074 579 3159 laut zu Hause.
1212 3084 3019 3142 Flucht diese erdenahen Geschöpfes. Aber ein von Soliman, dem Türkenbelagerer Wiens, der
1212 3131 3019 3193 tiefer Eindruck, bleibt zurück; die Beseligung, die hier sein Prunkzelt aufgeschlagen hatte und nach
347 3118 1188 3203 Wiesen kräuseln sich im Winde. Weingärten
293 3172 3019 3254 hängen in der Sonne. Man steht wie auf schmalen uns diese enge, innige Verbundenheit von Stadt dem der Ort Solimannsdorf — später Salmanns¬
2121 3230 2560 3295 dorf — benannt wurde.
1212 3230 2093 3291 und Land bereitet. Das naturverschwisterte Wien
293 3240 1185 3298 Landzungen, die weit in das immer lärmende
1259 3281 2100 3346 Mächtig und brausend liegt die Stadt hinter
2175 3240 3016 3342 Im Haus Nr. 6 komponierte Franz Schubert
289 3288 1188 3356 immer bewegte Meer der grauen Häuser vorstoßen
1215 3339 2100 3390 uns, eine Rebelkappe über ihrem Haupt. Ihr
2124 3329 3023 3397 sein Quartett „Ich lobe mir mein Dörschen".
296 3339 1188 3397 Ein unendliches Glücksgefühl mag einen dieser
289 3383 3019 3448 Hügelrücken, der sich über Sievering hinzieht, „Am unablässiger Rhythmus verklingt unter den Flügel=Rudolf Hans Bartsch erzählt in seinem Roman
