3436 4352
1202 305 1621 412 box 44/5
335 301 1018 412 Miscellaneous
151 305 279 397 13
187 849 397 945 ER
154 934 371 1000 ssioniertes
147 985 401 1051 -Ausschnitte
151 1037 324 1110 EILE 11
151 1099 257 1154 -0-43
136 1312 482 1426 Der Volksblatt.
162 1448 474 1562 LI 1932
772 1496 3117 1651 Krampf. Die Plastik bietet sich auch diesmal wieder qualitatio Landschaften um so größer. Ferdinand Opitz verdient ob seiner
1956 1588 3121 1676 klaren, weichlinigen Skulpturen eigens genannt zu werden.
772 1603 1368 1684 weit einheitlicher und gereifter.
143 1581 739 1702 kunst der Gegenwart
2011 1640 3128 1709 Die Länder kamen, wie schon angedeutet wurde, kaum
831 1665 1500 1724 Aus der Fülle greifen wir heraus
151 1665 577 1765 Wiener Künstlerhaus.
831 1680 3128 1765 Wilhelm Viktor Krauß genialisches Bildnis des greisen zu Wort: Von Max Poosch, Anif bei Salzburg, sah man ein
1956 1739 3128 1805 wohlgefeiltes Bildnis Ginzkeys, lyrisch weich, eine schöne Ar¬
147 1728 750 1809 iz und Zwiespalt jeder Bildnis
772 1728 1930 1816 Arthur Schnitzler, Rudolf Böttgers würdige Rektorenbilde
772 1798 3125 1875 in bestem radionellem Stil, Albert Janeschs bei aller Frische beit, der die Abgeklärtheit des „Abendläutens“, einer Berg¬
154 1805 754 1871 chkeiten zu sein: Des Dargestell¬
1956 1842 3128 1904 bauernszene, in ihrer sicheren Ruhe entsprach; so wunderte
165 1853 750 1912 mächtiger der schaffende Künst
772 1857 1926 1923 gründliche Arbeit. Heinrich Krause und Max Frey zeigen seh
143 1897 746 1952 ktiver wird er sich seines Modell
776 1882 3125 1963 malerische Lösungen und Josef Dobrowsky bietet drei Damen= man sich nicht, daß der blutige „Kriegszug", mangels innerer
1956 1934 3128 2004 Gewalt, Komposition blieb. Adolf Helmberger, St. Gilgen,
143 1948 746 2011 ner mit dem Gegebenen schalten
772 1948 1926 2022 bildnisse in effektvoller Mischung von Unirdischem und manie
772 1981 3125 2055 rierter Mondänität. Ferdinand Kitt bleibt seiner freskanten, zeigte eine lebendige Föhnstimmung, Wilhelm Dachauer ein
143 1993 750 2066 Objektivität, einer Ähnlichkei
1959 2033 3117 2092 Bildnis Hofrat Altmanns auf einem Hintergrunde, der vor
143 2044 750 2103 geben. So aber kann es kommen
772 2040 1934 2106 dekorativen Malweise besonders dort mit Erfolg treu, wo er
779 2077 3132 2169 humorvoll wirken kann. Bestes schufen Felix Albrecht Harta dem Porträt unvorteilhaft abstach. Ekke Ozlberger, Sohn eines
143 2092 765 2154 " unähnliche Bild das Wesen
776 2125 3128 2209 und Sergius Pauser, ersterer in kühner, sicher stilisierter Gro¬ Innviertlers, bot prächtige Porträtzeichnungen sowie in ihrer
154 2132 757 2206 piegelt, am vollkommensten er¬
1967 2173 3128 2246 Farbenfrische und prägnanz ungemein ansprechende Olbild¬
143 2180 754 2250 kommen, daß die Allgemeinheit
776 2191 1937 2254 teske, vor allem aber auch in dem packend impressionistischer
783 2220 3125 2305 Porträt einer japanischen Dame, voll köstlicher, wienerisch= nisse, von denen das des corektors übersberger mit der
154 2239 757 2290 tographische Ähnlichkeit fordert
1967 2272 3132 2331 Goldenen Ehrenmedaille ausgezeichnet wurde. Von Steirern
162 2287 750 2345 schnell bei der Hand ist, wen¬
783 2287 1937 2356 fernöstlicher Mischstimmung, letzterer in koloristisch bestricken
1959 2323 3125 2379 bemerkte man die Grazer Constantin Damianos mit einer
158 2334 1937 2393 mehr von dem erfüllt erscheint, den Damen- und Kinderbildnissen, welche die geistige Durch
776 2364 3128 2448 dringung der Männerköpfe um so freudiger anerkennen lassen. Attersee=Arbeit und Julius Wegerer mit einer feinen, weichen
162 2382 640 2459 dem, was einer vorstellt
169 2419 3125 2500 zeigt in umfassender Schau Alfred Gerstenbrand tobt sich in kecker, breitpinseliger Satire Märzstimmung. Ferdinand Andri, den man besonders auch
1959 2456 3132 2526 in Tirol schätzt, stellt einen in monumentaler Tempera schier
783 2478 1937 2548 aus; trefflich die monumentale Karikatur Jannings aus de
136 2489 757 2551 rreichische Bildniskun
1963 2518 3128 2584 freskant wirkenden „Alpinisten" aus, ferner Bildnisse Kar¬
136 2526 1941 2614 ei wie Plastik jeglicher Technik, Hand Max Oppenheims, sicher und stark die eruptiven Kreider
1959 2562 2606 2643 dinal Piffls und Professor Stoß
783 2577 1937 2640 Georg Peretz. Die Zeichnungen Viktor Hammers, Florenz
147 2588 761 2651 de die Veranstaltung auf breiteste
2015 2588 3132 2676 Daneben gab es noch einige bekannte Köpfe aus den
783 2629 1937 2695 sind so vornehm und still, daß sie, gleich dem miniaturhaft be
140 2636 754 2698 auch reichlich retrospektiv wirkt
783 2643 3132 2739 handelten Damengemälde, um so tiefer wirken. — Unter den Bundesländern, manche sogar in duplo. So „bemerkte man
151 2695 761 2761 rträtistisches Gegenwartsempfin
783 2709 3125 2787 Plastikern betört wieder Gustinus Ambrosi durch seine im unter den Anwesenden u. a. Kammersänger Richard Mayr
151 2739 754 2805 sprechen, numerisch empfindlich
1967 2761 3121 2823 als „Ochs" von Josef Engelhart und als Aquarell von Rudol
783 2772 1941 2834 petuose technische Virtuosität, Wilhelm Fraß durch verhalten
147 2783 757 2849 lichkeit herrschen, sehr zum Ge¬
783 2812 3125 2882 Kraft, Josef Humplik zumal durch seine bei aller Ruhe wunder= Konopa, Professor Clemens Holzmeister in der flotten Kolo¬
147 2838 754 2904 und der Dargestellten, vor, un
798 2856 3128 2937 sam bewegte weibliche Terrakotta. Anton Hanak entfesselt ristik Kitts und sicheren Plastizität Ambrosis, Frau Judith
147 2882 768 2945 , dem ja deshalb die physische
787 2912 3125 2985 in überbarocken Drang, wie er in antiker Ruhe zu bändigen Holzmeister von Josef Dobrowsky; den Dichter Billinger, treff
143 2930 765 2989 Fuß, bilden die um so wertvoller
1963 2970 3125 3018 lich prägnant von Sergius Pauser und sehr naturalistisch von
143 2963 1941 3048 gestellten fehlt nicht Prominenz, weiß; mit Recht erhielt er die Große goldene Ehrenmedaille
1963 3003 3136 3062 Erwin Lang; Lernet-Holenia von Pauser, bei sommerlicher
154 3022 1941 3092 zu dem einen oder anderen zählt für die Gesamtheit. Siegfried Charoux zeigt einen monumen
1959 3055 3132 3114 Bootfahrt festgehalten. Aus Tirol sah man Ferdinand Exl
158 3062 1765 3147 zend Adabei nennt. In diesem talisierten Gandhi und Stalin in typischer Ideologie,
1967 3103 3128 3162 in einer sehr konzisen Gipsarbeit Adolf Wagners von der
849 3106 1941 3176 Die 53. Jahresausstellung im Künstlerhaus is
165 3121 772 3180 besser gesagt, Wien, denn die
1967 3147 3132 3209 Mühl, Geheimrat Lehmann-Haupt als Bronzeplakette von
158 3154 1941 3239 später gezeigt werden wird, nur nur ein Annex der „Bildniskunst" und wirkt fast dürftig. In
794 3195 3132 3272 diesem kleinen Rahmen fühlt man Hans Franks lichtdurchspülte Ludwig Hujer, Direktor Hirt in bacchisch-neronisch geschauter
143 3220 768 3283 de Wiener Porträtisten sind voll
794 3250 3128 3342 Sommerszenen, Otto Herschels pastellweiche Kanalveduten, Büste von Andre Roder und Oberst Bilgeri in virtuoser
151 3272 772 3331 dig. Das Opus spannt sich vom
1970 3294 2831 3378 Bronze gestaltung des unermüdlichen Ambrosi.
798 3309 1945 3367 Josef Jungwirths flotte, wenn auch etwas grelle, schwedische
143 3316 772 3375 enbild des h. c. über frei gelöste
2768 3327 3106 3430 Herbert Stifter.
143 3349 1963 3437 alen Karikatur und zu groteskem Reisebilder und Rudolf Weißhappels romantisch-stilisierte
