3392 4352
1273 145 1415 248 MAZ
813 157 907 242 vom
2365 242 2803 493 healer.
1639 378 2292 499 ja
1119 254 1379 511 les
581 487 2997 608 Unbekannte Briefe aus einem Jubiläumswerk zum 85. Geburts¬
1122 602 2455 695 tag des Hofrates Dr. Karl Glossy.
695 644 2997 759 Hofrat Dr. Karl Glossy feiert heute seinen fünfund¬ Buch einsenden lassen, welches unter anderem drei Lustspiele
590 729 2994 804 achtzigsten Geburtstag. Ein seltenes Jubiläum für einen enthält, die sich vielleicht zur Aufführung eignen. Erlauben Sie
596 780 3000 859 Gelehrten, der Sturm und Drang des alten und neuen Oester= mir, sehr geehrter Herr Direktor, Sie jetzt auf dieselben auf¬
587 822 3003 901 reich mitgemacht hat. Aus diesem Anlaß gibt der Steyrermühl merksam zu machen, zu einer Zeit, wo sowohl die Stimmung
587 874 2997 949 Verlag eine Auswahl einiger bisher nur in Zeitschriften oder des Publikums als auch die Gestaltung des Repertoires Einaktern
602 916 3000 998 Zeitungen veröffentlichten wissenschaftlichen Arbeiten Dr. Karl günstiger geworden scheint. Die drei sehr kurzen Stücke sind:
596 965 3000 1040 Glossys heraus, die sozusagen einen Querschnitt durch das ganz „Frage an das Schicksal", „Episode" und „Abschiedssouper", von
596 1016 3009 1119 außerordentliche und erstaunlich reichhaltige Gesamtbild seiner welchen vielleicht das dritte in Anbetracht des etwas frivolen
593 1055 2924 1143 Lebensarbeit bietet. Neben größeren historischen Abhandlungen, Tones auf der Hofbühne nicht möglich erscheinen sollte,
1808 1107 3009 1170 dürften sich die zwei ersten um so eher für eine solche eignen.
593 1122 1724 1191 die unter anderem die Geschichte des vormärzlichen Wiens,
1811 1158 3009 1225 Ich will über die kleinen Stückchen weiter nichts sagen, möchte
593 1173 1699 1237 Entwicklung des Wiener Schulwesens, die Ereignisse
602 1206 3006 1291 Jahres 1848, die Gründungszeit des Burgtheaters, die Tätigkeit Sie, verehrter Herr Direktor, nur bitten, sie gütigst einmal
1817 1255 2570 1333 Ihrer Aufmerksamkeit zu würdigen...
596 1267 1790 1336 Laubes in Wien, die Bühnenschicksale unserer größten Dichter
1908 1285 3018 1364 ... Die drei Stücke, welche ich für ausführbar halte, habe
599 1309 1787 1391 Grillparzer, Raimund, Nestroy usw. betreffen, werden auf
593 1346 3018 1430 moderne kulturhistorische Probleme Oesterreichs behandelt. Wir ich bezeichnet. Das letzte, „Abschiedssouper, mag allerdings für
599 1394 3015 1482 entnehmen diesem Jubiläumswerk für den Nestor der Wiener eine Hofbühne nicht geeignet sein; die beiden anderen werden
1814 1439 3021 1509 Sie möglicherweise eines Versuches wert finden. Besonders ge¬
602 1451 1702 1530 Kulturschriftsteller, das den Titel „Wiener Studien
596 1488 3021 1575 Dokumente" trägt, nachstehend im Auszug ein die neuere Zeit eignet erschienen sie mir anläßlich einer Matine im Repertoire
1814 1536 3021 1612 zu erscheinen. Für den Fall aber, daß Sie die anspruchslosen
605 1554 1793 1627 betreffendes, sehr interessantes Kapitel aus der bisher un
599 1587 3018 1675 bekannten Wiener Theatergeschichte: Schnitzlers Einzug ins Szenen nicht für ausführbar halten, will ich wenigstens hoffen,
605 1645 3024 1724 Burgtheater: Schnitzler Beziehungen zu dieser Bühne reichen daß Sie die Lektüre derselben nicht allzusehr langweilt. Mit
605 1681 3021 1796 in das Jahr 1891 zurück. Damals übermittelte der Dichter dem ausgezeichneter Hochachtung Ihr sehr ergebener Dr. Artur
599 1751 2023 1848 wagemutigen, der Moderne wohlgesinnten Direktor Dr. Max Schnitzler.
2105 1775 2736 1878 Burckhard an Schnitzler.
599 1796 1805 1869 Burckhard sein Erstlingswerk „Alkandis Lied, ein Drama in
2715 1817 2990 1920 3. Juli 1894.
617 1838 1799 1926 fünffüßigen Jamben, das zur Aufführung nicht zugelassen wurde
605 1890 1796 1968 wie später auch „Das Märchen“. Ein dritter Versuch, im Burg
1941 1896 3027 1984 „Sehr geehrter Herr Doktor! Mit herzlichem Dank sende
608 1944 1802 2014 theater zu Worte zu kommen, scheiterte ebenfalls. Es waren dre¬
1832 1956 3018 2032 ich Ihnen „Anatol" zurück. Alles ist interessant, vieles ganz aus¬
614 1996 1802 2068 Stücke aus dem Anatol-Zyklus, worüber Budinski berichtete
1829 2005 3024 2080 gezeichnet — aber das, was uns gefällt, mißfällt manchen, deren
611 2035 1799 2117 „sie seien recht witzig und angenehm zu lesen, aber lassen keinen
1832 2053 3024 2117 Stimme man hören muß, respektive, deren Stimme hören zu
608 2086 1802 2159 dramatischen Erfolg erwarten“. Nach all diesen Hindernissen
1835 2095 3027 2168 müssen, das beste ist. Die Zensur und ein Teil des Publikums
614 2135 1802 2216 kam endlich am 9. Oktober 1895 Schnitzlers reifste Dichtung
611 2159 3033 2265 „Liebelei“ zur ersten Darstellung. Das Stück wurde zugleich mit wären über das „Milieu, in dem alles spielt, entrüstet, denn
1832 2198 3039 2283 das Publikum liebt es nicht, sich selbst gespielt zu sehen. Herzlichst
614 2225 1802 2307 Giacosas psychologischer Studie „Rechte der Seele" aufgeführt
602 2265 2132 2362 worin Stella Hohenfels eine Musterleistung bot. Mit der Dr. Burckhard."
1944 2289 2882 2413 „Liebelei." — Schnitzler an Burckhar
626 2316 1808 2407 „Liebelei“ ist Schnitzler sofort in die Reihe der berühmter
2606 2356 3000 2431 21. November 1894.
614 2374 1811 2449 Autoren des Burgtheaters getreten, dessen Spielplan er seither
1950 2404 3039 2507 „Sehr geehrter Herr Direktor, sollte sich mein Stück jetzt
611 2446 1004 2525 mehrfach bereicherte.
1844 2476 3042 2549 in Ihren Händen befinden, so würde ich bitten, es mir recht
717 2449 1811 2555 Aus der Zeit seiner ersten Beziehung zum Burgtheater
1838 2528 3036 2606 bald für einige Zeit — hoffentlich nicht für immer — senden
620 2528 1814 2606 nachstehender Briefwechsel zwischen dem Dichter und dem
1838 2573 3036 2649 zu wollen. Ich möchte es sehr gern jemanden zeigen und kann
620 2591 1512 2679 Direktor des Burgtheaters erhalten geblieben:
1841 2625 3036 2691 die neue Abschrift, die ich mir wieder nach meinem sehr schlecht
904 2637 1542 2758 Schnitzler an Burckhard.
1838 2676 3036 2749 leserlichen Manuskript anfertigen lasse, erst im Laufe der nächsten
1575 2682 1790 2782 Mai 1891.
1848 2727 2957 2797 Woche erhalten. Sollte sich Frau Hohenfels interessieren,
1851 2776 2972 2848 günstigem Sinne entscheiden — um so besser. Wenn nicht,
729 2752 1820 2857 „Sehr geehrter Herr Direktor! Erlauben Sie mir, Ihnen
1851 2821 3042 2894 werde ich mir jedenfalls erlauben, auf Ihren liebenswürdigen
620 2818 1814 2903 beifolgend ein einaktiges dramatisches Gedicht, „Alkandi¬
1854 2870 3039 2939 Vorschlag in betreff Frau Sorma zurückzukommen. Ich kann diese
620 2873 1814 2945 Lied", vorzulegen. Vielleicht halten Sie es einer Aufführung
1854 2921 3045 2987 Gelegenheit nicht vorübergehen lassen, ohne Ihnen wieder, mein
632 2918 1820 3000 für würdig; möglicherweise gibt Ihnen, sehr geehrter Herr
1848 2969 3042 3042 sehr verehrter Herr Direktor, für Ihre Freundlichkeit und Ihre
626 2966 1829 3054 Direktor, die Lektüre des Stückes Anlaß zu der einen oder
1851 3018 3042 3081 Bemühungen aufs allerwärmste zu danken. Ihr Entgegenkommen
626 3009 1826 3093 anderen Bemerkung, auf die ich Gewicht zu legen hätte
1854 3066 3051 3160 läßt mich noch immer an einen schließlichen Erfolg glauben. Ihr
632 3066 1820 3148 Jedenfalls, verehrter Herr, würden Sie mich unendlich ver
1854 3124 2706 3199 Sie aufrichtig hochschätzender Artur Schnitzler.
635 3108 1826 3193 pflichten, wenn Sie dem Stücke, welches in Breslau zur Auf¬
638 3163 1826 3244 führung kommen dürfte, gelegentlich eine Viertelstunde Ihrer
632 3214 1835 3290 kostbaren Zeit widmeten und mir gütigst mitteilen wollten,
1999 3232 2900 3338 Vorfeier zum 85. Geburtstag.
635 3257 1826 3341 ob und wann ich mir bei Ihnen Bescheid holen dürfte. Hoch¬
629 3317 1318 3408 achtungsvoll Dr. Artur Schnitzler.“
1956 3299 3048 3396 Gestern, als dem Vortag von Hofrat Karl Glossys
1844 3341 3039 3432 85. Geburtstag, erschienen in der Wohnung des greisen Gelehrten
916 3371 1554 3486 Burckhard an Schnitzler.
1854 3417 3045 3492 als Vertreter des Vereins der Freunde der Nationalbibliothek, der
1509 3417 1802 3511 14. Juli 1891.
1863 3471 3045 3541 Zweigvereine der Deutschen Schiller=Stiftung und des Wiener
741 3462 1835 3577 „Sehr geehrter Herr Doktor! Mit großem Interesse habe
1860 3520 3048 3589 Goethe=Vereins, deren Vorständen Glossy angehörte, Sektionschef
1424 3550 1835 3613 dramatisches Gedich
647 3556 1385 3635 ich Ihr liebenswürdig=phantastisches,
638 3568 3045 3689 „Alkandis Lied gelesen. Leider gestatten mir die Repertoire- W. Weckbecker, Generaldirektor der Nationalbibliothek G. Bick,
1860 3610 3051 3683 Professor R. Arnold, Direktor der Theatersammlung der National¬
644 3641 1829 3725 verhältnisse nicht, auf die Aufführung von Einaktern sovie
1863 3668 3051 3734 bibliothek J. Gregor, die Herren Heinrich Lieben und Robert
644 3692 1832 3774 Mühe zu verwenden, als dies bei Kostümstücken, und speziell
1866 3707 3045 3786 Mohr, um dem Jubilar künstlerisch ausgeführte Adressen der
1460 3734 1835 3822 Mit verbindlichsten
644 3762 1424 3822 bei vorliegendem, der Fall sein müßte
1857 3759 3045 3837 betreffenden Körperschaften zu überreichen. Als Wortführer sprach
644 3798 1388 3889 Dank hochachtungsvoll Dr. Burckhard.
1863 3807 3048 3876 Sektionschef Weckbecker den Dank der erwähnten Vereine für
1866 3861 3048 3928 Glossys sachkundige und ausdauernde Mitarbeit aus und hob
801 3825 1699 3958 „Anatol": Schnitzler an Burckhard.
1863 3901 3054 3979 bewundernd die an Goethes Vitalität mahnende, im höchsten
1451 3913 1811 4003 14. Januar 1894.
1869 3955 3048 4028 Alter bewährte Arbeitslust und Arbeitskraft des Geburtstagskindes
759 3985 1841 4067 „Sehr verehrter Herr Direktor! Vor etwa drei Viertel
656 4016 2969 4152 jahren habe ich Ihnen durch den Verlag Entsch in Berlin ein hervor. Der Gefeierte antwortete mit rührender Herzlichkeit.
