3344 4352
1174 241 1619 354 box 44/5
140 244 1001 377 13. Miscellaneous
302 1356 650 1525 RATIS
299 1496 1099 1616 „OBSERVER
380 1596 1060 1658 I. österr. behördl. konzessioniertes
351 1648 1092 1730 Unternehmen für Zeitungs-Ausschnitte
423 1700 1018 1804 WIEN, I., WOLLEILE 11
501 1765 949 1860 14
1300 1882 1642 2000 4.12.1932.
497 1876 1274 2022 Aus Wiener Salonblatt,
1336 1983 1775 2107 Künstlerhaus.
520 2074 3024 2201 Die Herbstausstellung im Künstlerhaus bietet dem Besucher viel Erfreuliches.
514 2165 2903 2256 Gleich im ersten Raum stellen Müllner-Schüler aus. Mit grosser Freude
517 2191 3037 2318 konstatiert man, mit welchem Fleiss und welcher Inbrunst, die jungen künst¬
517 2276 2868 2367 ler ein Jahr an dieser Ausstellung gearbeitet haben. Silveris grosser
514 2331 2942 2432 Kruzifixus eine Holzschnitzerei von ungewöhnlicher Wirkung: Temperament
520 2367 3040 2487 und unbändige Kraft verraten sich stürmisch in jedem Detail dieser grossen
520 2461 3082 2539 Arbeit. Maria Pauli-Rottler erfreut durch schöne Gartenplastik; ihre Porträt-
523 2487 3131 2594 begabung zeigt sich an dem Kopf ihres Lehrers. Künstlerische Berufung fühlt man
523 2552 3079 2650 aus allen Arbeiten von Barwig, Köchl, Ilse Pompe, die Gross- und Kleinplastik
527 2608 3108 2734 gleich gut arbeitet, Soukup, R. Lechner und Knotz. Mit diesem Nachwuchs sieht
520 2679 2985 2757 die Plastik einer grossen Zukunft entgegen. Im Erdgeschoss zeigt der Maler
527 2705 3011 2816 Janesch sein grosses Können auf allen Gebieten der Malerei. Mopp, Maler und
527 2773 3046 2868 Graphiker, zeigt eine Unmenge Arbeiten, werke eines rastlos denkenden Malers
536 2835 3040 2933 (Brücken von Wien), Krausz bringt Studien aus Holland, ganz prächtig gemalt
527 2903 2926 2991 Für das ernste, schöne Porträt werden alle dem Künstler Dank
533 2910 3082 3046 wissen. Höpperger hoffen wir gereifter wiederzusehen. Ozlberger, Wegler, Hans
533 3007 2988 3128 Frank, Eisenmenger, Prinz und noch viele andere sind mit schönen Arbeiten
533 3089 868 3173 vertreten.
527 3092 3050 3209 Im ersten Stock sind die Erwerbungen der Gemeinde Wien zur Förderung der ge¬
530 3163 3105 3271 genwartskunst untergebracht. Frausz, Faistauer, Wiegele, Kokoschka, Dabrovsky,
527 3222 3059 3320 Harlinger, Mart sind unter diesen Ankäufen. Gobelinentwürfe von Gütersich
533 3297 1993 3368 und Zerritsch sind ganz prächtig ausgeführt.
533 3294 3141 3443 Auch Architekten, wie Theiss und Jalsch, sind mit einer Auswahl ihrer Arbeiten
530 3388 3092 3524 vertreten, so das Hochhaus und die evangelische Kirche am Tabor. Es gibt noch
2799 3443 3014 3524 P.V.H.
527 3466 1665 3583 viel Kunst und gute Kunst in Wien.
