3344 4352
2819 277 3294 355 ist das lebend Unge¬
2823 323 3287 387 wältigende eines die
1195 238 2043 401 NEUE NOVELLEN
2823 372 3284 429 schaft und Liebe gerade
2823 411 3298 457 nicht mehr mit solch
457 408 3312 518 GOTTERIED KOLVEL: Der tödliche Sommer. Frundsberg- Erzähler befreundet sich mit einem fünfzehnjährigen enthüllender Anteilnahm
465 472 745 535 Verlag, Berlin
1649 479 2798 528 Knaben, der mit seinen Eltern in derselben Sommerfrische
2837 482 3284 539 vollkommenen Novelle
1645 521 2798 571 weilt, er beobachtet das Erwachen einer ersten Zuneigung
2823 521 3298 567 Reflexionen, nur aus
465 507 1621 564 Novellen verhalten sich in der epischen Kunst zum Roman
2826 553 3309 603 wächst hier das Seelenbil¬
1653 557 2802 606 zwischen diesem Knaben und einem zwei Jahre jüngern
461 560 1617 603 wie in der Musik das Kammermusikwerk zur Sinfonie. Si¬
1656 592 2794 642 Mädchen, die von der stillen Schönheit eines frühen Blüten
2833 592 3302 656 Menschen, die seiner Ver
461 592 1628 638 müssen das gleiche gedankliche Gewicht, dieselbe seelische
2841 631 3287 684 Macht des Bewußtsein
465 631 2791 677 Tragfähigkeit haben wie die „große Dichtung, aber noch tags erfüllt ist. Die Ankunft einer angeblichen Filmschau
1656 674 2798 716 spielerin reißt den Jungen plötzlich in die erste, aus der
2833 677 3302 716 stehen. Eine psychologi
450 674 1624 720 strenger in der Form, noch geschlossener im Aufbau sein.
1653 702 2802 752 Unschuld des Spiels heraustretende Jugendleidenschaft, der
2833 709 3291 755 ihr zugrunde liegenden
468 709 1621 755 Wie die Stimmen des Streichquartetts müssen die Themen
1653 748 2802 791 er psychisch und schließlich auch physisch, durch einen Ab¬
2833 748 3309 791 dürfte nicht der österrei¬
457 745 1624 794 geführt sein, erkennbar selbständig und doch mit gleicher
1653 784 2802 826 sturz beim Blumenpflücken für die angeschwärmte Dame,
2837 784 3302 837 logischen Kraft der Er¬
450 787 1617 826 Funktion im Ganzen. Die Novelle verlangt Satzkunst, und
1653 819 2794 862 erliegt. Die kleine Freundin des Toten wirft bei der Be¬
2844 819 3302 876 Autor zu erraten.) Abe
461 826 1621 883 wenn es kunstlose Romane gibt, die dennoch wirken — wie
1645 851 2805 904 erdigung in kindlicher Verzweiflung, hinter der sich, ihr
2833 865 3309 908 dieser Kindernovelle, son
450 858 1621 908 etwa die Romane von Upton Sinclair oder, um berühmter
1653 890 2794 943 selbst unbewußt, der Haß der Liebenden auf die Neben
2837 894 3287 943 um so stärker ergreift
457 897 1617 943 Beispiele zu nennen, die Zola, kunstlose Novellen gibt es
1660 929 2802 979 buhlerin verbirgt, mit einem Stein nach der Frau, die an dem
2833 929 3298 989 und Sätzen von ruhiger
457 936 1628 982 nicht. Sie sind der eigentliche Prüfstein schriftstellerischer
1656 968 2805 1021 Verhängnis schuld ist. Eine in der tatsächlichen Wirkung
2826 968 3305 1018 Klarheit, Zucht und nie
461 975 1617 1018 Meisterschaft, und es ist bezeichnend, daß die letzten Jahre
1656 1007 2809 1071 geringfügige, in der sinnbildlichen Größe um so stärkere
2837 1007 3305 1071 dieses Buch zeigt, wie ge
457 1011 1624 1057 in der wahl- und uferlosen Produktion der jungen Generation
1656 1039 1855 1096 Bewegung.
2837 1053 3294 1110 einer neuen deutschen
450 1046 1628 1099 ausschließlich auf den Roman beschränkt blieben, den Roman,
1653 1060 2794 1149 Seit Colettes unvergeßlicher Meisternovelle „Phil und Vinca
454 1089 1628 1131 der einem auch zufallen kann, während die Novelle
454 1124 1624 1170 geschrieben werden muß. Thomas Mann und Arthur
450 1163 1624 1209 Schnitzler sind die letzten großen Novellisten der Vorkriegs¬
454 1206 1631 1259 generation gewesen. Es schien niemand mehr zu geben, dem
450 1238 1475 1284 sie ihr Erbe eines Tages würden vermachen können.
447 1255 1628 1326 Der Münchner Lyriker und Erzähler Gottfried Kölwel,
450 1312 1621 1358 dem die „reine Schrift eine verpflichtende Aufgabe ist, ist
450 1351 1621 1394 einer der wenigen, die nach der großen Pause wieder No¬
454 1387 1621 1426 vellen schreiben dürfen. Er ist als Themenerfinder von großer
454 1426 1624 1472 Einfachheit, als Erzähler von ungewöhnlicher Klarheit, als
454 1461 1621 1507 Künstler von vorbildlicher Überlegtheit. Sein Buch Der
450 1500 1621 1546 tödliche Sommer, aus dem die Kölnische Zeitung seiner¬
454 1539 1621 1578 zeit die Erzählung Eine arme Kreatur Gottes zum Vorabdruck
454 1578 1621 1621 brachte, enthält vier Novellen, Begebenheiten im Leben länd¬
450 1614 1617 1660 licher Menschen, von klassischem Maß, Kölwel weiß, daß die
450 1645 1617 1699 Novelle keine Schicksalsläufe enthalten darf, sondern Ge¬
454 1684 1624 1734 schehnisse oder Ereignisse, mit deren Eintritt das Schicksal
447 1734 1621 1773 einen Schlag führt. Er weiß, daß in der Novelle nicht vor
447 1762 1631 1812 allem charakterisiert, sondern berichtet und gedeutet wird,
454 1798 1614 1851 daß die Gestalten der Novelle in einem Seelenzustand ver¬
454 1833 1621 1890 harren müssen oder höchstens aus einem in den andern über¬
447 1880 1624 1929 gehen, nicht aber eine Reihe von Zuständen durchlaufen
450 1915 1624 1958 dürfen. Und er weiß schließlich, daß für die Novelle wie
457 1958 1624 2000 für kein zweites Gebiet der Wortkunst der Satz gilt, daß
447 1989 1624 2032 Dichten Ver-dichten heißt. Es möge aus diesen Bemer¬
454 2032 1621 2071 kungen aber nicht der Eindruck entstehen, als ob Kölwel¬
454 2071 1624 2117 Erzählungen vor allem Lehrstücke wären, an denen sich die
450 2110 1624 2163 Theorie der guten Novelle entwickeln ließe. Daß sie das
447 2145 1621 2192 auch sind, gibt ihnen ein besonderes Gewicht für den
454 2181 1621 2231 literaturgeschichtlichen Augenblick, in dem die Novelle
447 2216 1617 2266 wieder in eine bedeutsamere Position einzurücken scheint
447 2255 1617 2305 Kölwels, des Oberpfälzers, Stärke ist seine landschaftliche Ver¬
447 2294 1617 2344 bundenheit, die er freilich nicht mit der penetranten Muffig
447 2333 1617 2383 keit des „Schollendichters“, sondern mit jenem großen, aus
450 2372 1621 2419 dem Bodenständigen ins Menschliche hinüberwehenden Atem
447 2411 1621 2458 erlebt, von dem auch Gottfried Kellers schweizerische No¬
450 2443 1610 2493 vellen erfüllt sind. Zugleich aber kommt aus dem Oster
450 2482 1621 2528 reichischen herüber ein zweiter höher Ahn der Kölwelschen
454 2525 1624 2567 Prosa: Adalbert Stifter. An ihn denkt man, wenn man die
447 2560 1621 2610 Stimmung einer Landschaft durchempfindet, wie sie Kölwel,
447 2599 1624 2649 ohne jemals einem nur atmosphärischen Reiz" zu verfallen,
454 2638 1614 2681 darzustellen vermag. Dem entspricht die Art, wie seine
454 2674 1621 2724 Personen nicht durch Psychologisieren, sondern gewisser¬
454 2713 1621 2763 maßen durch ihre innere Situation hindurch charakterisiert
454 2755 1621 2798 werden als Geschöpfe, an denen sich noch das Verhängnis
454 2787 1621 2837 mit aller frühen und urtümlichen Gewalt eines elementaren
454 2826 1621 2872 Ereignisses vollziehen kann. Starke und ursprüngliche
454 2858 1621 2915 Symbolkraft in Verbindung mit einer vorbildlichen Klarheit
454 2904 1621 2947 und Helle der sprachlichen Gestalt — das sind die wichtigsten
454 2940 1621 2993 Merkmale der epischen Kunst Kölwels, die gerade dadurch
447 2975 1624 3036 als beispielhaft für eine neu zu schaffende deutsche Prosa.
454 3014 1624 3071 gleich weit entfernt von welkem Formalismus wie von
450 3053 1465 3121 dumpf romantisierendem Gestammel, zu gelten hat.
447 3149 1621 3231 FRANZ NABL: Kindernovelle. Rainer-Wunderlich-Verlag,
454 3206 649 3263 Tübingen.
454 3234 1624 3298 Dieselben Eigenschaften, die Gottfried Kölwels Erzähler¬
450 3294 1617 3333 kunst auszeichnen, besitzt auch der jetzt fünfzigjährige
450 3326 1617 3376 Österreicher Franz Nabl. Ja, es gibt sogar wenige Dichter
454 3365 1621 3408 die so um das Kunstgeheimnis der Novelle wissen wie er
450 3397 1624 3454 Nabl schreibt nicht viel und nicht oft; aber jede Zeile, die er
450 3436 1621 3486 zum Druck gibt, ist von vollkommener Gestalt und Teil eines
454 3475 1621 3532 Werks, das als künstlerisches Gebild mit hohem Recht das
447 3514 1624 3568 allzuoft leichtfertig verteilte und im geschäftseifrigen
454 3553 1536 3607 Literaturbetrieb ausgemünzte Prädikat meisterhaft
450 3582 1621 3638 Anspruch nehmen darf. Gabe es in der epischen Kunst einen
447 3631 1617 3685 Begriff, der dem in der alten italienischen Baukunst ver¬
454 3667 1621 3716 wandten der architettura purissima entspricht, man mußte
450 3706 1624 3755 ihn auf die Erzählungen Nable anwenden, in denen kein
450 3741 1621 3791 überflüssiges Wort steht, nichts, was nicht durch die epische
454 3777 1621 3837 Entfaltung des Themas, durch die Formbewegung des Stoffes
447 3819 1621 3873 selbst bedingt wäre. Das beste Erbe der großen öster¬
450 3855 1621 3904 reichischen Novellenkunst, die in Arthur Schnitzler ihren
454 3890 1621 3954 Höhepunkt — freilich für eine andre Zeit und andre Zeit¬
447 3929 1617 3990 mächte — fand, lebt bei Nabl in ungebrochener Kraft weiter
454 3968 1621 4018 In der „Kinder novelle“ wird das schmerzlich schöne
447 4004 1621 4071 Erlebnis eines Sommerurlaubs in den Bergen erzählt. Der
