3392 4352
144 281 997 394 13. Miscellaneous
1173 282 1603 393 box 44/5
2100 106 2796 218 ne de la
2167 189 2738 265 WIEN, I., WOLLEILE 11
2241 250 2675 308 TELEPHON R-23-0-43
2058 365 2401 453 Ausschnitt aus:
2253 444 2717 549 bien der
2059 605 2187 690 vom
2653 591 2734 693 2
2353 624 2614 722 22.300
2243 742 2775 817 VIENNESE MUSIC
2119 800 2881 868 ALWAYS ON THE AIR IN
2307 862 2705 946 THE U. S. A.
2114 933 2889 1013 LOUIS RUPP. VIENNESE CON¬
2124 1004 2907 1069 FERENCIER, IS NEW YORK,
2362 1053 2656 1130 AVOURITE
2172 1113 2892 1178 he well-known Austro-American
2122 1164 2889 1225 entertainer, juvenile lead con-
2119 1216 2889 1272 ferencier, cabaret artist and maître
2121 1264 2887 1326 de plaisir, M. Louis Rupp, recently
2118 1312 2900 1374 arrived in Vienna on a short visit
2125 1372 2901 1421 to his family during the summer
2125 1408 2904 1465 holidays. Mr. Rupp has been work¬
2121 1461 2899 1544 ing for the last ten years in the
2377 2569 2699 2651 LOUIS RUPP
2148 2648 2926 2725 U. S., where he took out his citizen¬
2152 2704 2920 2781 ship papers. At the present time he
2149 2764 2923 2841 is Master of Ceremonies at the
2148 2805 2930 2888 Corso Cabaret in New York. is
2158 2861 2926 2935 most recent engagement was as
2164 2918 2931 2988 Maitre de Plaisir on board the S. S.
2164 2972 2925 3035 Europa. In America he is spec¬
2160 3016 2933 3097 ially well-known for his singing
2154 3057 2933 3135 and delightful interpretation of old
2154 3106 2932 3184 and modern Viennes song his and
2170 3154 2930 3230 American songs of the same calibre.
2162 3209 2935 3283 le is a very great favourite with
2172 3271 2849 3332 American broadcasting studios.
2241 3313 2939 3394 You have no idea, he said.
2172 3366 2936 3451 how popular is Viennes music of
2167 3411 2935 3495 all kinds in the States. Viennes
2167 3463 2930 3544 operettas are preferred in every
2167 3514 2933 3595 possible version and variety. Such
2174 3561 2944 3641 plays as hewos Reunion in
2171 3607 2934 3691 Vienna are running unteruptedly
2166 3668 2943 3744 to packed houses and the American
2170 3727 2938 3795 appetite always clamours for
2175 3792 2298 3848 more.
2245 3816 2939 3901 It does not matter at what time
2170 3871 2947 3941 of the day you une in on almost
2170 3918 2938 3997 any radiostation you are perfectly
2167 3973 2946 4045 certain to hear Viennes music on
2175 4016 2943 4087 the best musical programmes. Cer-
2172 4066 2941 4139 man and Viennes talkies are the
2175 4117 2943 4188 rage, and there are five German
2764 4158 2948 4214 York
2565 4178 2648 4220 s
