3344 4352
165 333 282 424 13.
1186 321 1613 430 box 44/6
487 324 949 433 n
754 703 1526 835 „OBSERVER
835 805 1496 874 1. österr. behördl. konzessioniertes
805 862 1529 931 Unternehmen für Zeitungs-Ausschnitte
865 916 1460 1015 WIEN, I., WOLLEILE 11
943 973 1400 1030 TELEPHON R-23-0-43
757 1108 1117 1198 Ausschnitt aus:
1033 1117 1523 1247 Neues Wiener car.
1084 1298 1556 1421 27. FEB. 1933
760 1337 910 1415 vom
2403 1466 2802 1721 ter.
1694 1460 2367 1709 ters M
1355 1472 1586 1715 ch
838 1457 1232 1718 tur
1442 1718 2100 1829 Ein Gedenkblatt.
1718 1820 1808 1895 Von
1526 1886 2007 2000 Jenny Schnabl.
664 1937 2977 2064 Aus alten Briefschaften kam mir kürzlich eine verblichene Tat und Rhythmus einhielt. Wie sie, liebte der Dichter die
1772 2037 2965 2100 Musik. Seine Musikalität durchklang seine Sprache in Vers und
562 2028 1751 2115 Ansichtskarte zur Hand mit der Unterschrift: „Luise Schnitzler"
1775 2079 2968 2148 Prosa wie eine leise Melodie. Und so manche seiner Gestalten,
559 2106 1748 2166 Die flüchtig hingeworfenen, wenigen Zeilen, die bei aller Kürz¬
1772 2127 2971 2196 wie der alte Musikant in „Liebele" oder der Freiherr Wagen¬
565 2157 1751 2211 ihre eigene Note hatten, ließen mir das Bild der Mutter Artur
1778 2181 2968 2274 thin und die schöne Anne seines Romans, sind mit ihren Ge¬
565 2205 1754 2262 Schnitzlers wieder aus der Erinnerung erstehen. Ich sah sie vor
1787 2238 2178 2313 schicken ihr verhaftet.
565 2253 1757 2304 mir: Das schmale, lebensprühende, geistreiche Gesicht mit den
1874 2268 2980 2352 An ihren kleinen musikalischen Abenden versammelte Frau
562 2295 1754 2373 klugen, durchdringenden Augen, die ganze zierliche, bewegliche
1766 2331 2980 2388 Schnitzler manchmal die Freunde ihres Sohnes um ihren gast¬
562 2346 1093 2424 Gestalt der verehrten Frau.
1772 2382 2971 2445 lichen Tisch, von denen manch einer, damals noch ungekannt,
673 2388 1757 2484 Eines Sommers zu Gossensaß im „Wielandhof“ wurde ich
1778 2430 2971 2499 später in die Unsterblichkeit einging. Einmal, als sich einige
556 2469 1754 2523 mit ihr bekannt und befreundet. Heiter, gesellig, vom Leben ganz
1775 2472 2974 2541 Gäste zum Abendessen bei ihr einfanden, kam die Rede auf
556 2514 1748 2568 erfüllt, wie sie war, wurden bei dieser geistig hochstehenden Fra¬
1772 2517 2974 2592 das Theater und eine Schauspielerin, die in einem neuen Stück
550 2565 1748 2625 die Distanz der Jahre nicht fühlbar, obwohl ich dem Alters¬
1769 2574 2971 2634 auftrat und die Frau Schnitzler auf der Bühne und im Leben
556 2610 1757 2667 unterschied nach ihre Tochter hätte sein können. Die Frische und
1778 2619 2968 2688 sehr mißfiel. Sie äußerte sich nicht gerade schmeichelhaft über
568 2661 1751 2715 Jugendlichkeit ursprünglicher Naturen ging von ihr aus wie ein
1775 2667 2974 2736 sie, ohne zu ahnen, daß der neue Freund der Künstlerin, mit
568 2706 1751 2772 Fluidium. Nach Wien zurückgekehrt, lud sie mich zu sich und er¬
1766 2718 2971 2790 dem sie seit kurzem liiert war, sich unter den Anwesenden befand.
559 2760 1715 2809 widerte auch meine Besuche. An meinen Empfangstagen
1772 2766 2971 2827 Als ihr der Dichter nachher vorhielt, was sie angerichtet, ent¬
556 2799 1754 2863 damals „Jour benannt — kam sie immer am frühen Nach¬
1775 2815 2974 2887 gegnete sie schlagfertig: „Ja, lieber Artur, da mußt du mir eben
556 2848 1754 2914 mittag als erster Gast, wo sie sicher war, mich noch allein an¬
1772 2857 2971 2926 nächstens eine Liste der Freundinnen deiner Freunde geben,
562 2899 1760 2962 zutreffen. Diese Stunde im Gespräch mit Frau Professor
1772 2911 2974 2971 denn man kann wirklich nicht von mir verlangen, daß ich alle
565 2944 1751 3001 Schnitzler hätte ich nicht missen mögen, denn sie hatte ein¬
1769 2968 2980 3019 ihre Beziehungen in Evidenz halte." Nach dem Sensationserfolg
556 2995 1754 3055 bezaubernd liebenswürdige Art zu plaudern, einfach, natürlich
1772 3007 2974 3079 der „Liebelei“ war der junge Dichter Mode geworden; Held
556 3037 1754 3097 unbeschwert, voll Geist und Humor. Die feine Ironie und
1772 3052 2974 3115 aller Salons, umworben und gefeiert von jungen Mädchen und
571 3085 1754 3145 skeptische Einstellung zu Menschen und Dingen mochte dem
1781 3100 2974 3166 Frauen, die geradezu einen Kult mit ihm trieben. Frau
568 3130 1754 3193 Dichter von ihr überkommen sein, ebenso seine divinatorische
1781 3148 2971 3211 Schnitzler wußte davon zu erzählen, bis zu welchem Grad der
565 3181 1757 3238 Beobachtungsgabe und jener Wirklichkeitssinn, der erst den
1775 3199 2980 3259 Aufdringlichkeit sich dieses Interesse für ihn äußerte. Sie, die
565 3232 1757 3295 visionären Dichter zum Gestalter, Menschenbildner macht. Sie
1781 3244 2971 3316 Patrizierin von Haus aus, von alter Tradition, aus einem
571 3271 1754 3340 selbst stand auf festen Füßen im Leben. Mystik, subti¬
565 3295 2977 3385 Stimmungen — geheime Unterströmungen der Seele —, das anderen Milieu, hatte für diese losgebundenen Frauen nur eine
1772 3349 2079 3424 innere Abwehr.
565 3367 1748 3460 Schicksalhafte, Transzendente der Dichtungen ihres Sohne¬
1874 3376 2974 3463 Endlich lernte ich dennoch Artur Schnitzler persönlich
559 3427 1054 3508 waren ihr fremde Bezirke
1772 3451 2977 3517 kennen, und zwar in offizieller Sendung, im Auftrag des
673 3460 1757 3559 Dennoch war viel Gemeinsames zwischen Artur Schnitzler
1784 3502 2983 3559 Präsidiums des Vereins „Ferienheim“ zu ihm entsendet mit
556 3532 1757 3608 und seiner Mutter. Sie war ihm der beste Kamerad, Beraterin,
1778 3538 2977 3604 der Bitte, zugunsten desselben am Vorlesetisch zu erscheinen.
565 3589 1754 3653 Publikum und Kritik zugleich. An dem Wendepunkt seine
1781 3595 2980 3656 An einem kalten Wintertag Ende Januar fuhr ich in die
565 3632 2974 3701 Lebens, als er die ärztliche Karriere aufgab und damit eine Sternwartestraße zur Villa Schnitzler und übergab dem
556 3683 1760 3758 wohlfundierte Existenz, eine geebnete Laufbahn, die ihm in diesem
1787 3686 2971 3755 Stubenmädchen meine Karte. Ich wurde von dem Dichter
562 3734 1763 3800 Beruf als Nachfolger seines Vaters sicher gewesen wäre, stand
1787 3737 2977 3803 sofort empfangen mit einer warmen, ja herzlichen Freundlich¬
571 3782 1760 3848 sie ihm zur Seite. Sie empfand mit richtigem mütterlichem
1781 3785 2971 3857 keit, an der ich die Einführung durch die Wohlmeinung
562 3821 1757 3899 Instinkt, daß es aus innerster Notwendigkeit geschah. Sie erzählte
1778 3839 2977 3896 erkannte, die seine Mutter für mich hatte. Unter diesem
562 3875 1760 3941 mir einmal, in welch atemlos zitternder, tiefer Erregung sie
1790 3878 2977 3950 Zeichen ward ich nicht wie eine Fremde, sondern wie eine
568 3926 1757 4001 jedesmal bei der Premiere eines seiner Stücke im Hintergrund
1781 3929 2980 3995 lang Gekannte aufgenommen und saß bald behaglich in dem
565 3971 1760 4034 ihrer Loge saß. Welche Genugtuung für sie, als sich der Erfolg
1787 3989 2980 4043 schönen Raum seines Arbeitszimmers in einem bequemen
574 4025 1763 4094 früh und über alle Erwartung einstellte, als ihm im Jahre 1899
1784 4022 2980 4088 Armstuhl, installiert vor seinem Schreibtisch, in langwährendem
562 4064 1754 4133 der Bauernfeld=Preis und zur Komödie das „Zwischenspiel der
1781 4076 2980 4139 Gespräch, das, von Persönlichem ausgehend, Allgemeines
565 4106 1763 4181 Grillparzer=Preis verliehen wurde. Diese begnadete Mutter hing
1778 4127 2983 4196 streifte. Als ich endlich auf meine Uhr blickte, sah ich zu
568 4160 1766 4229 an ihren Kindern gleicherweise mit stolz beglückter Liebe. Ihr
1778 4169 2977 4241 meinem Schrecken, daß ich schon eine Stunde geblieben war;
2881 4223 2971 4268 Den
562 4205 1751 4271 zweiter Sohn Professor Dr. Julius Schnitzler hatte als hervor
2412 4217 2854 4265 Augenblick vergangen.
1928 4232 2109 4298 a
