3392 4352
358 276 1137 433 „OBSERVER
450 370 1104 474 I. österr. behördl. konzessioniertes
424 418 1143 532 Unternehmen für Zeitungs-Ausschnitte
496 477 1073 592 WIEN, I., WOLLEILE 1
577 539 1019 627 TELEPHON 20
1138 651 1273 736 1.
384 701 739 787 Ausschnitt aus:
733 860 1183 984 11.33
409 949 539 1011 vom
547 1095 1397 1234 Ausland-Werbung
923 1232 1007 1292 Von
711 1268 1228 1347 Hans Friedrich Blunck.
612 1332 1539 1382 Wir geben im folgenden auszugsweise einen wich¬
553 1371 1542 1435 tigen Aufsatz wieder, den wir im letzten Heft der „Neuen
556 1412 886 1470 Literatur fanden.
451 1455 1542 1522 Ich will ohne eigene Bemerkung und Schlußfolgerung
382 1500 1536 1558 über eine Erfahrung berichten, die ich in Turin gelegent¬
388 1551 1537 1598 lich einer Vorlesung machte und die ein Beispiel für un¬
397 1592 1533 1645 sere Unterlegenheit in jenem Kampf mit geistigen Waffen
391 1630 1530 1689 ist, in dem wir auch in Ländern, die uns politisch gewo¬
397 1679 1431 1757 gen sind, eine Niederlage nach der anderen erleiden.
460 1725 1536 1776 Turin ist die Hauptstadt des Piemont, ist die viert¬
388 1773 1537 1831 größte Stadt Italiens, hochkatholisch, beweglich, arbeitsam
385 1816 1539 1869 und eine der großen Industriestädte Europas. Der Buch¬
394 1858 1539 1915 handel ist lebhaft; mehrere Geschäfte haben drei oder
385 1902 1539 1976 vierfenstrige Schauladen; oft ist einer der Läden auslän¬
388 1943 928 2015 discher Literatur gewidmet.
457 1981 1561 2046 Der Buchhandel in Turin ist auf die Italiener einge¬
388 2034 1539 2096 stellt; man sieht es daran, daß das englische Buch fast
382 2084 1546 2141 völlig fehlt; die Kenntnis englischer Literatur wird durch
382 2121 1386 2181 deutsche und französische Uebersetzungen vermittelt.
448 2170 1539 2233 Den deutschen Büchern hat man dagegen freigebig
379 2211 1536 2273 Raum gegeben, es sind ihrer in einem Laden, den ich als
387 2268 1539 2320 Beispiel nehme, etwa fünfzig bis sechzig ausgestellt, die ich
385 2309 1539 2357 nachfolgend anführe. Da ist zunächst die „kulturgeschicht¬
379 2353 1536 2397 liche Bexualliteratur einiger Wiener Firmen, die ich, —
388 2390 1539 2441 ich bin weiß Gott kein Mucker — weder hier noch bei uns
385 2433 1542 2492 in Schaufenstern zu sehen wünsche. Ich verstehe also durch¬
379 2480 1533 2526 aus die Bemerkung einiger Vorübergehender über das
871 2521 1533 2569 Dann folgen italienische Ueber¬
397 2524 792 2583 „deutsche Geschmier
391 2562 1533 2617 setzungen aus dem Deutschen; meist solche politischer Art.
385 2607 1534 2657 Danach, neben einer Gruppe von Ullsteinbüchern, folgende
382 2650 1533 2702 deutsche Autoren: Weiniger, Marx, Vicki Baum (viermal),
388 2693 1533 2743 Arnold Zweig, Kyber, Roth, Emil Ludwig (achtmal),
397 2740 1536 2784 Grimm (einmal), Ompteda, Thomas, Werfel, Leonhard
391 2778 1536 2837 Frank, Feuchtwanger, Thieß, Glaser, Schnitzler, Döblin,
382 2816 1527 2871 Thomas Mann (einmal), Jung, Kläbund, Neumann
385 2865 1534 2917 Specht, Hauptmann (einmal). Wahrend ich, es war kurze
388 2905 1533 2962 Zeit, vor dem Laden stand, wurden drei deutsche Bücher
388 2953 1533 2998 zur Vorlage nach drinnen geholt. (Eines von ihnen war
391 2990 1533 3049 Feuchtwangers „Erfolg. Ich möchte wissen, wie der lite¬
388 3032 1527 3082 raturbeflissene italienische Käufer nach der Lektüre über
391 3080 681 3149 Bayern denkt).
448 3120 1534 3188 Nach meiner flüchtigen Einsicht und nach den Versiche¬
385 3173 1536 3224 rungen meiner liebenswürdigen Gastgeber ist die Be¬
394 3215 1533 3268 setzung in den anderen Buchhandlungen ungefähr dieselbe.
382 3253 1536 3310 Die Bücher werden angeblich von einer mailändischen
391 3304 1530 3356 Vertriebsstelle geliefert, der italienische Buchhändler selbst
382 3343 1161 3409 wisse wenig von dem, was er verkauft.
451 3386 1530 3455 Die französische Literatur, die neben der deutschen
384 3442 1534 3497 stand, war auf Werbung und Wirkung beschaut, vorzüg¬
379 3485 1533 3531 lich ausgewählt; gute Namen der Gegenwart, einige ver¬
385 3522 1534 3585 liebte Geschichten vom Montmartre und eine Reihe klassi¬
385 3569 1534 3624 scher Neuausgaben standen in der Ausstellung. Knicke¬
379 3607 1536 3660 bockers Buch über Nationalismus und Kommunismus in
388 3654 1533 3713 Deutschland lag in französischer Bearbeitung vor; neben
378 3697 1533 3761 ihm stand, in der Mitte des Ladens, gleichsam als Er¬
385 3740 1534 3799 gänzung deutscher pornographischer Literatur ein neues
385 3784 1530 3839 Buch „L’amour en Allemagne, hommes — hommes, fem¬
385 3831 1540 3891 mes — femmes“. Ein wenig abseits ein Buch über die
382 3872 972 3930 Erschießung der Edith Cavell.
445 3905 1536 3978 Ich berichte heute, es hat keinen Zweck, zum hundert¬
379 3955 1536 4015 sten Male einen Klageruf über das Versagen deutscher
382 3997 1533 4064 Werbung auszustoßen. Der Leser sieht aus obigen Auf¬
373 4042 1574 4108 zählungen aber, daß es in der deutschen Ausstellung nicht
1588 1087 2740 1150 viele Bücher gab, die über unsere geschichtlichen Leistungen
1591 1141 2734 1194 oder über den Geist des Widerstandes gegen Versailles
1594 1185 2737 1235 berichten, oder eine Rechtfertigung des Deutschland von
1594 1225 2735 1280 heute enthielten, wohl aber eine große Zahl, die — sagen
1588 1265 2737 1328 wir in Deutschland, durch ihre Kritik abschreckend wirken
1591 1310 2740 1370 wollten, die aber draußen bei den Italienern, die sich
1597 1365 2735 1419 mühsam befleißigten, unsere Sprache zu lernen und aus
1594 1394 2735 1455 unserer Literatur Neues zu erfahren, zerstörend wirken
1591 1435 2734 1497 müssen. Soweit Schüler oder Studenten einige dieser Bü¬
1600 1479 2741 1534 cher in die Hand bekommen, muß bei dem tiefen Eindruck,
1600 1525 2734 1577 den erste fremde Literatur auf alle Jugend macht, durch
1606 1571 2734 1622 solche Literatur eine Skepsis gegen uns geweckt werden,
1591 1609 2740 1663 die noch das nächste Geschlecht zu tragen hat. Die franzö¬
1600 1649 2741 1713 sische Buchverteilung dagegen war für ihre Literatur
1594 1694 2630 1767 repräsentativ, vorwiegend ernst und gut ausgewählt.
1657 1730 2740 1797 Wir haben für vielerlei Dinge Mittel, aber die weni¬
1600 1782 2737 1843 gen Stellen, die Erfahrungen gesammelt hatten und gut
1600 1822 2735 1884 zu arbeiten begannen — ich denke an eine bestehende Kul¬
1597 1867 2738 1925 turabteilung in Berlin —, müßten mit dem Vielfachen
1594 1919 2747 1987 ausgestattet werden, mit dem sie heute arbeiten; sie müß¬
2789 1061 3352 1141 ten die Möglichkeit haben, de
2787 1129 3353 1182 durch Kredite die kommission
2793 1168 3352 1228 bung im Ausland zu ermö¬
2796 1211 3285 1271 alles Kredite gegeben!),
2793 1253 3297 1313 ängstliche Finanzbehörde
2790 1292 3352 1359 Selbstrechtfertigung vorm A¬
2796 1343 3355 1406 gar manche noch bestehende
2796 1386 3333 1443 schen Lebens, zumal eine
2789 1425 3324 1483 dauern. (Auch das Turiner
2792 1471 3355 1531 Laufe der letzten beiden Jah¬
2793 1509 3352 1576 der Kolonie eine deutsche S
2790 1552 3358 1612 den italienischer Musikfreund
2793 1598 3355 1654 von Schillings und Furtwä
2790 1637 3343 1694 nen). Statt dessen wird fast
2793 1685 3356 1734 halt, werden die winzigen
2795 1728 3358 1781 Ausland prozentual verkürzt
2796 1770 3352 1821 bruch im Rundfunk verkünd¬
2793 1813 3362 1867 der kulturellen Situation de
2789 1849 3352 1909 und der Arbeit im Auslan
2792 1897 3258 1970 Verständigung gegeben!
