3392 4352
176 308 1029 418 13. Miscellaneous
1211 299 1634 396 box 44/6
2268 193 2703 249 TELEPHON -23-0-13
2087 304 2430 408 Ausschnitt aus:
2341 331 2901 454 en hatte
2369 477 2740 583 7. MRZ. 195.
2092 546 2209 612 vom
2250 606 2722 725 Karl Glossy.
2197 707 2774 786 Zu seinem 85. Geburtstag.
1985 778 3070 841 Heute feiert Hofrat Dr. Karl Glossy seinen
1890 826 3055 872 85. Geburtstag — soweit es seine Freunde erlauben werden -
1899 875 3073 932 in aller Stille mit der ihm eigenen liebenswerten
1902 925 3073 981 Bescheidenheit, mit der er den 60., 70. und 80. Geburtstag
1901 965 3047 1023 feierte und - man kann es sich gar nicht anders denken -
1896 1014 3070 1079 noch viele Geburtstage feiern wird. Er ist ein Wahrzeichen
1892 1063 3070 1133 Wiens geworden, des geistigen Wien, ein lebendiges und be¬
1890 1115 3070 1171 lebendes Archiv der Wiener Vergangenheit, der Wiener
1899 1161 3072 1222 Theater= und Kulturgeschichte. Wer kennt ihn nicht, den echt
1890 1211 3070 1268 wienerischen, freundlichen alten Herrn mit der zierlichen Ge¬
1899 1259 3073 1312 stalt, dem interessanten Kopf, der sowohl an Liszt wie an
1890 1309 3075 1358 Mommsen erinnert und charakteristisch für sein Künstler= und
1901 1356 3072 1417 Gelehrtentum ist. Seine unverminderte Arbeitsfreude und
1898 1405 3076 1454 seine unvergeßliche Liebe zu Wien erhalten ihn ewig jung.
1899 1453 3079 1509 Man sieht ihn noch immer im Theater, in den Archiven und
1899 1496 3073 1555 bei dem täglichen Spaziergang und kann es kaum glauben,
1890 1543 3075 1598 daß dieser an unsern heutigen Sorgen und Problemen so
1890 1588 3075 1643 teilnehmende, aller strebenden Jugend so wohlgesinnte
1884 1638 3073 1689 Mensch im denkwürdigen Revolutionsjahr 1848 zur Welt ge¬
1899 1687 3073 1740 kommen ist. Daß er so etwas wie der Vater der Wiener
1890 1735 3076 1801 Kulturgeschichte, des ästhetisch verbrämten Wiener Lokal¬
1890 1783 3070 1843 patriotismus ist, die uns allen nun so geläufig sind. Ehrlich¬
1899 1829 3076 1887 ster Verwalter der liebenswürdigsten Güter unsrer Vergangen¬
1899 1884 3076 1936 heit, stellt er die freundliche Brücke zwischen einst und jetzt
1886 1930 3072 1988 dar, über alles informiert und nach allen Seiten hin mitteil¬
1896 1975 3067 2040 sam und befruchtend. Was er durch seine spezielle Berufs¬
1893 2028 3070 2077 arbeit als Direktor der städtischen Bibliothek und der städti¬
1899 2074 3073 2130 schen Sammlungen, als Schriftsteller und Forscher geleistet
1899 2126 3081 2185 hat, ist oft gewürdigt worden. Zu seinem 85. Geburtstag sei
1899 2172 3076 2230 er als Ganzes betrachtet und als eine der freundlichsten
1899 2224 3085 2280 Zierden Wiens beglückwünscht, das auf ihn stolz ist und
1896 2270 2081 2336 ihn liebt.
1979 2305 3076 2379 Karl Glossy hat durch viele Jahrzehnte mit den
1890 2366 3075 2424 scharfen Augen des geschulten Forschers die Entwicklung der
1890 2418 3075 2474 Wiener Kultur in den vergangenen Jahrhunderten studiert
1887 2462 3073 2517 und die Ergebnisse seiner Arbeit in feinsinniger und eleganter
1884 2511 3073 2574 Darstellung in Zeitschriften, Zeitungen oder Sammelwerken
1887 2559 3073 2612 veröffentlicht. In ihrer Zusammenfassung ergeben diese
1887 2603 3073 2660 zahlreichen Abhandlungen, Aufsätze und Aktenpublikationen
1890 2654 3076 2704 eine Wiener Kulturgeschichte von lebensvoller Eigenart, voll
1890 2697 3078 2762 interessanter Einblicke und Perspektiven. Nicht nur das
1886 2746 3072 2806 Gebiet der Kulturgeschichte im engeren Sinn, sondern eben¬
1893 2793 3073 2851 sosehr ihre Teilgebiete, die Literatur und vor allem die
1887 2836 3072 2904 Theatergeschichte, danken Glossy bedeutende und richtung¬
1887 2891 3072 2943 gebende Beiträge von bleibendem Wert. Eine Auswahl dieser
1887 2937 3076 2987 bisher nur in Zeitschriften oder Zeitungen veröffentlichten
1881 2984 3067 3039 wissenschaftlichen Arbeiten wurde zum 85. Geburtstag des
1886 3036 3072 3085 Forschers von seinen Freunden unter dem Titel: „Wiener
1887 3081 3061 3133 Studien und Dokumente. Von Dr. Karl Glossy.“ (Steyrer
1883 3128 3064 3174 mühl-Verlag, Wien) zu einem Band vereinigt, der ein Gesamt¬
1887 3170 3072 3226 bild seiner Lebensarbeit bietet. Neben größeren historischen
1881 3219 3067 3270 Abhandlungen, die unter anderm die Geschichte des vormärz¬
1881 3260 3066 3315 lichen Wien, die Entwicklung des Wiener Schulwesens, die Er¬
1884 3315 3069 3370 eignisse des Jahres 1848, die Gründungszeit des Burgtheaters,
1878 3346 3067 3411 die Tätigkeit Laubes in Wien, die Bühnenschicksale von
1884 3396 3070 3476 Werken Grillparzers, Raimunds, Nestroys, Schnitzlers usw.
1881 3442 3070 3505 betreffen, bringt der Band von den jüngsten, bisher noch un¬
1878 3500 3067 3551 veröffentlichten Arbeiten Glossys einen Aufsatz über die
1878 3546 3064 3602 Oktoberrevolution 1848 und einen bisher nicht bekannten
1878 3591 3067 3663 Briefwechsel zwischen Gerhart Hauptmann und Max
1883 3637 2101 3703 Burkhardt.
1979 3684 3063 3745 Gestern, am Vortage von Hofrat Dr. Karl Glossys
1872 3730 3058 3789 85. Geburtstag, erschienen in der Wohnung des greisen Ge¬
1878 3785 3063 3844 lehrten als Vertreter des Vereines der Freunde der National¬
1871 3832 3058 3895 bibliothek, des Wiener Zweigvereines der Deutschen Schiller¬
1881 3884 3058 3942 Stiftung und des Wiener Goethe=Vereines, deren Ausschüssen
1878 3938 3063 3998 Glossy angehört, Sektionschef W. Weckbecker, Generaldirektor
1878 3979 3055 4038 der Nationalbibliothek J. Bick, Professor R. Arnold, Direktor
1871 4026 3057 4098 der Theatersammlung I. Gregor und die Herren Heinrich
1875 4074 3055 4135 Lieben und Robert Mohr, um dem Jubilar Adressen der be¬
1872 4132 3057 4190 treffenden Körperschaften zu überreichen. Als Wortführer
1878 4175 3057 4234 sprach Sektionschef Weckbecker den Dank der erwähnten
