3392 4352
159 226 293 343 13.
1204 207 1625 335 box 44/6
352 218 1025 343 Miscellaneous
838 1125 1145 1265 bis
659 1296 1176 1405 BSERV
662 1388 1248 1460 1. österr. behördl. konzession.
639 1438 1282 1527 Unternehmen für Zeitungs-Aussch.
690 1497 1290 1575 WIEN, I., WOLLEILE 11
762 1567 1223 1622 TELEPHON R-23-0-43
572 1670 933 1782 Ausschnitt aus:
1014 1692 1424 1829 Freiheit, Wien
902 1851 1363 1985 21. JAN. 1933
564 1899 701 1983 vom
464 2041 2709 2234 Nach welchen Persönlichkeiten benennt das
776 2248 2407 2376 Rathaus neue Wiener Gassen:
517 2351 1589 2449 Wie amtlich mitgeteilt wird, werden in Grinzing
1620 2354 2111 2469 Klang und Wert heraus:
405 2418 1583 2491 neue Straßenzüge nach den Wissenschaftlern Dr. Albrecht
1662 2399 2700 2510 Dr. Arthur Schnitzler, C. M. Ziehrer Hugo von
408 2474 1578 2541 Kossel, Dr. Ferdinand Lotheissen und Dr. Paul Ehrlich
1709 2488 2706 2569 Hofmannsthal, Adam Müller=Guttenbrunn, Karl
408 2530 1578 2600 benannt werden. Für Grinzing schon etwas mehr als
1717 2552 2686 2622 Zeller, Peter Altenberg, Karl Blasel, Heinrich
408 2583 662 2667 merkwürdig.
1717 2614 2706 2678 Reinhardt, Leo Fall, Professor Dr. Hermann
511 2611 1578 2714 Zu dieser Nachricht, die unsere Stadt vermutlich
1715 2672 2692 2756 Nothnagel, Hugo Wittmann, J. J. David,
416 2675 1578 2762 sehr kalt lassen dürfte, stellen wir fest, daß nachfolgende
1715 2731 2572 2820 Rudolf Kronegger, Anton Wildgans usw.
408 2751 1578 2806 populäre Persönlichkeiten bis zum heutigen Tage nicht im
1709 2762 2790 2868 Wir sind neugierig ob und wann die Stadt Wien
410 2815 1578 2873 bescheidensten Gäßchennamen verewigt sind. In bunter
1625 2820 2530 2935 diese längst fällige Ehrenpflicht erfüllen wird.
416 2848 1589 2921 Aufzählung greifen wir folgende Namen von dauerndem
