3436 4352
181 287 293 387 13
1202 284 1631 393 box 44/6
426 284 827 405 sella
837 643 1643 785 „OBSERVER
930 746 1579 821 1. österr. behördl. konzessioniertes
894 788 1619 870 Unternehmen für Zeitungs-Ausschnitte
963 849 1537 933 WIEN, I., WOLLEILE 11
1024 924 1474 978 TELEPHON R-23-0-43
815 1027 1181 1132 Ausschnitt aus:
1136 1093 1746 1238 Neues Wienerin
815 1229 951 1344 vom
1223 1223 1622 1365 7. MRZ. 1933
1096 1374 1404 1628 les
2449 1371 2839 1628 healer.
592 1616 3014 1746 Unbekannte Briefe aus einem Jubiläumswerk zum 85. Geburts¬
1139 1715 2485 1824 tag des Hofrates Dr. Karl Glossy.
713 1773 3014 1875 Hofrat Dr. Karl Glossy feiert heute seinen fünfund¬ Buch einsenden lassen, welches unter anderem drei Lustspiel¬
595 1854 3017 1921 achtzigsten Geburtstag. Ein seltenes Jubiläum für einen enthält, die sich vielleicht zur Aufführung eignen. Erlauben Sie
604 1912 3017 1981 Gelehrten, der Sturm und Drang des alten und neuen Oester= mir, sehr geehrter Herr Direktor, Sie jetzt auf dieselben auf¬
604 1960 3017 2026 reich mitgemacht hat. Aus diesem Anlaß gibt der Steyrermühl- merksam zu machen, zu einer Zeit, wo sowohl die Stimmung
601 2011 3017 2069 Verlag eine Auswahl einiger bisher nur in Zeitschriften oder des Publikums als auch die Gestaltung des Repertoires Einaktern
610 2057 3017 2120 Zeitungen veröffentlichten wissenschaftlichen Arbeiten Dr. Karl günstiger geworden scheint. Die drei sehr kurzen Stücke sind:
604 2105 3020 2165 Glossys heraus, die sozusagen einen Querschnitt durch das ganz „Frage an das Schicksal", „Episode" und „Abschiedssouper", von
604 2159 3026 2214 außerordentliche und erstaunlich reichhaltige Gesamtbild seiner welchen vielleicht das dritte in Anbetracht des etwas frivolen
601 2199 1794 2262 Lebensarbeit bietet. Neben größeren historischen Abhandlungen
1821 2202 2935 2259 Tones auf der Hofbühne nicht möglich erscheinen sollte,
601 2250 1733 2313 die unter anderem die Geschichte des vormärzlichen Wiens,
1812 2247 3020 2307 dürften sich die zwei ersten um so eher für eine solche eignen.
604 2292 1794 2350 Entwicklung des Wiener Schulwesens, die Ereignisse de¬
1827 2301 3017 2365 Ich will über die kleinen Stückchen weiter nichts sagen, möchte
595 2350 3014 2425 Jahres 1848, die Gründungszeit des Burgtheaters, die Tätigkeit Sie, verehrter Herr Direktor, nur bitten, sie gütigst einmal
604 2398 1800 2446 Laubes in Wien, die Bühnenschicksale unserer größten Dichter
1827 2398 2579 2476 Ihrer Aufmerksamkeit zu würdigen.
604 2446 1800 2507 Grillparzer, Raimund, Nestroy usw. betreffen, werden auch
1912 2422 3014 2501 ... Die drei Stücke, welche ich für aufführbar halte, hab¬
595 2498 3017 2552 moderne kulturhistorische Probleme Oesterreichs behandelt. Wir ich bezeichnet. Das letzte, „Abschiedssouper, mag allerdings für
595 2537 1794 2600 entnehmen diesem Jubiläumswerk für den Nestor der Wiener
1821 2540 3017 2600 eine Hofbühne nicht geeignet sein; die beiden anderen werden
598 2594 3014 2655 Kulturschriftsteller, das den Titel „Wiener Studien und Sie möglicherweise eines Versuches wert finden. Besonders ge¬
598 2636 3014 2697 Dokumente" trägt, nachstehend im Auszug ein die neuere Zeit eignet erschienen sie mir anläßlich einer Matine im Repertoir¬
595 2685 3014 2745 betreffendes, sehr interessantes Kapitel aus der bisher uns zu erscheinen. Für den Fall aber, daß Sie die anspruchsloser
595 2733 1800 2794 bekannten Wiener Theatergeschichte: Schnitzlers Einzug in
1827 2736 3017 2787 Szenen nicht für ausführbar halten, will ich wenigstens hoffen,
604 2781 3020 2845 Burgtheater: Schnitzlers Beziehungen zu dieser Bühne reichen daß Sie die Lektüre derselben nicht allzusehr langweilt. Mit
601 2836 3020 2899 in das Jahr 1891 zurück. Damals übermittelte der Dichter dem ausgezeichneter Hochachtung Ihr sehr ergebener Dr. Artur
601 2875 2023 2941 wagemutigen, der Moderne wohlgesinnten Direktor Dr. Max Schnitzler.
598 2920 1797 2981 Burckhard sein Erstlingswerk „Alkandis Lied", ein Drama in
2093 2905 2739 3017 Burckhard an Schnitzler.
601 2969 1800 3038 fünffüßigen Jamben, das zur Aufführung nicht zugelassen wurde,
2703 2981 2981 3068 3. Juli 1894.
595 3023 1800 3089 wie später auch „Das Märchen“. Ein dritter Versuch, im Burg¬
1924 3023 3014 3114 „Sehr geehrter Herr Doktor! Mit herzlichem Dank send¬
595 3071 1800 3132 theater zu Worte zu kommen, scheiterte ebenfalls. Es waren drei
1830 3102 3014 3162 ich Ihnen „Anatol" zurück. Alles ist interessant, vieles ganz aus¬
601 3117 1791 3183 Stücke aus dem Anatol=Zyklus, worüber Budinski berichtete
1827 3153 3017 3213 gezeichnet — aber das, was uns gefällt, mißfällt manchen, deren
595 3162 1800 3228 „sie seien recht witzig und angenehm zu lesen, aber lassen keinen
1827 3204 3017 3265 Stimme man hören muß, respektive, deren Stimme hören zu
601 3216 1797 3271 dramatischen Erfolg erwarten“. Nach all diesen Hindernissen
1827 3246 3017 3307 müssen, das beste ist. Die Zensur und ein Teil des Publikums
604 3268 1794 3328 kam endlich am 9. Oktober 1895 Schnitzlers reifste Dichtung
1827 3301 3017 3355 wären über das „Milieu, in dem alles spielt, entrüstet, denn
610 3316 1794 3373 „Liebelei“ zur ersten Darstellung. Das Stück wurde zugleich n.
1821 3346 3020 3428 das Publikum liebt es nicht, sich selbst gespielt zu sehen. Herzlichst
598 3358 1788 3425 Giacosas psychologischer Studie „Rechte der Seele" aufgeführ
1824 3394 2123 3476 Dr. Burckhard."
598 3410 1797 3482 worin Stella Hohenfels eine Musterleistung bot. Mit der
598 3458 1797 3521 „Liebelei“ ist Schnitzler sofort in die Reihe der berühmter
1930 3431 2902 3542 „Liebelei." — Schnitzler an Burckhard.
595 3506 1800 3582 Autoren des Burgtheaters getreten, dessen Spielplan er seither
2585 3500 2981 3588 21. November 1894.
601 3564 991 3633 mehrfach bereicherte.
1930 3552 3014 3642 „Sehr geehrter Herr Direktor, sollte sich mein Stück jetzt
704 3594 1803 3669 Aus der Zeit seiner ersten Beziehung zum Burgtheater ist
1824 3603 3014 3690 in Ihren Händen befinden, so würde ich bitten, es mir recht
595 3663 1803 3742 nachstehender Briefwechsel zwischen dem Dichter und dem
1824 3678 3014 3733 bald für einige Zeit — hoffentlich nicht für immer — senden
601 3706 1492 3799 Direktor des Burgtheaters erhalten geblieben:
1818 3721 3014 3787 zu wollen. Ich möchte es sehr gern jemanden zeigen und kann
1818 3772 3014 3835 die neue Abschrift, die ich mir wieder nach meinem sehr schlecht
879 3760 1525 3854 Schnitzler an Burckhard.
1821 3823 3014 3875 leserlichen Manuskript anfertigen lasse, erst im Laufe der nächsten
1543 3814 1770 3911 Mai 1891.
1827 3872 2935 3932 Woche erhalten. Sollte sich Frau Hohenfels interessieren,
710 3869 1791 3971 „Sehr geehrter Herr Direktor! Erlauben Sie mir, Ihnen
1827 3917 2957 3983 günstigem Sinne entscheiden — um so besser. Wenn nicht,
601 3944 1791 4017 beifolgend ein einaktiges dramatisches Gedicht, „Alkandi¬
1818 3968 3017 4023 werde ich mir jedenfalls erlauben, auf Ihren liebenswürdigen
604 4002 1794 4062 Lied", vorzulegen. Vielleicht halten Sie es einer Aufführung
1824 4020 3014 4080 Vorschlag in betreff Frau Sorma zurückzukommen. Ich kann diese
613 4056 1800 4110 für würdig; möglicherweise gibt Ihnen, sehr geehrter Herr
1824 4068 3014 4122 Gelegenheit nicht vorübergehen lassen, ohne Ihnen wieder, mein
610 4095 1803 4156 Direktor, die Lektüre des Stückes Anlaß zu der einen oder
1830 4116 3008 4174 sehr verehrter Herr Direktor, für Ihre Freundlichkeit und Ihre
610 4140 1800 4204 anderen Bemerkung, auf die ich Gewicht zu legen hätte
1830 4168 3011 4213 Bemühungen aufs allerwärmste zu danken. Ihr Entgegenkommen
852 4198 1012 4267 nen
622 4201 770 4267 den
1172 4195 1314 4264 uuden
