3392 4352
1184 244 1611 353 box 44/5
152 251 988 351 13. Miscellaneous
1035 550 1553 638 1,
1031 616 1459 699 Telefon ...
1055 706 1678 797 Wr. Allgemeine Zeitung
1179 781 1635 896 29. 110. 132
983 1029 1338 1139 A
889 1242 1701 1327 Spatz Maria Kramer
841 1340 1699 1415 Melchior Lengels Lustspiel im Akademie¬
1214 1388 1356 1449 theater
928 1431 1713 1495 Das Burgtheaterschicksal, absichtsvoll
853 1489 1711 1540 launisch wie immer, reißt plötzlich die
853 1537 1711 1594 Karriere dieser ganz jungen, rührend apar¬
850 1587 1713 1641 ten Schauspielerin hoch. Plötzlich steht sie
853 1634 1707 1691 ganz vorne, mit süß verschreckten Märchen¬
850 1682 1707 1734 augen, traurig verzogenen Kinderlippen,
853 1731 1713 1785 schmal, zart, ein tapferes Häuflein Talent
845 1780 1338 1844 und superkluger Grazie.
931 1827 1713 1888 Daß sie auch Herz hat, ein ungeniert
853 1873 1716 1931 gesundes, pfiffig inniges Wiener Klein¬
847 1925 1711 1982 mädelherz, scheint ihr fast anstößig. Sie
850 1972 1713 2023 verbirgt oder enthüllt vielmehr Aufwallun¬
850 2024 1711 2079 gen mit trotzig niedlichem Verstummen.
847 2068 1713 2124 Oder: In ihrer vielleicht stärksten, mensch¬
850 2117 1713 2172 lich umdämmertsten Szene, durch raschen
853 2166 1711 2224 Algang, mitten durch ungeweinte Tränen¬
856 2213 1714 2277 schleier. Tränen schimmern nur gleichsam
850 2264 1713 2316 angedeutet auf diesem strengen kleinen Ge¬
853 2314 1713 2371 sichtchen. Sehr sachlich bespricht dies melo¬
856 2365 1714 2414 disch dünne Silberstimmchen Traumhaftes,
856 2409 1716 2460 aber mit einer entrückten Starrheit, die
853 2459 1713 2512 Text und Anlaß weit hinter sich zurückläßt.
943 2508 1723 2563 Des Burgtheaters Avantgarde wurde
856 2550 1719 2611 oft bespöttelt. Diesmal stimmen Altersstufe,
856 2602 1719 2650 Anmut wie Uebermut einer zierlichen, aber
859 2649 1716 2704 doch schon umrissenen Persönlichkeit. Fülle
856 2700 1719 2758 und Schwung, der Routine wie der großen
859 2746 1727 2806 unentbehrlichen, Lebensschatten müssen noch
865 2798 1719 2852 hinzutreten. Die kleine Maria neigt zur
868 2848 1716 2907 spitzen, sprühend koketten, verführerisch pa¬
862 2893 1723 2938 rodistischen Komik. Vor kurzem, als sie ein
862 2940 1723 2995 paar Sätze Schnitzler=Dialog sprach, wurde
859 2987 1723 3041 sie eigentlich erst entdeckt: Ein leiser Unter¬
859 3029 1713 3092 ton bitter lockender Wehmut schwang mit
859 3083 1724 3141 Diesmal als überaus unwahrscheinliches,
859 3128 1724 3198 papika-elegisches jugendliches Straßen¬
859 3176 1719 3237 mädel mit der großen Gutestubensehnsucht,
862 3227 1723 3288 macht sie das Eine mit raschem, dunkel
872 3276 1725 3334 scharfen Blick mehr als wahrscheinlich.
874 3323 1723 3383 Die Angst, die Glut, die reine Scheu eines
868 3378 1615 3430 drollig unverdorbenen Kindergemüts.
955 3410 1723 3472 Einmal — das Dirnchen gerät durch
862 3469 1720 3531 den verwegenen, aber nicht unamüsanten
859 3516 1720 3577 Einfall ihres Nachtlokal=Stimmungsdichters
865 3564 1701 3622 Lengel in ein ehrbarstes Bürgerhaus¬
868 3607 1722 3677 steht sie, das Köpfchen sehnsuchtsvoll auf
859 3664 1719 3720 eine Wäschekommode gebeugt, gespannt zit¬
862 3714 1727 3780 ternd, ein stummer Schatten spröder Hilf¬
862 3764 1719 3824 losigkeit, mit dem Rücken zum Publikum.
872 3813 1727 3875 Und dieses Publikum hält, ergriffen, den
928 3875 1107 3924 man.
953 3921 1726 3971 Man nimmt die belanglos betriebsame,
868 3970 1732 4028 geschickt verlogene Komödie mit in Kauf:
872 4005 1726 4060 Dirnenrettung durch einen Parsifal aus
882 4054 1724 4114 Massachusetts. Halb Gartenlaube, halb
1238 4101 1731 4166 Mehr freche als flotte
926 4103 1203 4163 aradies=Bar“.
1593 4145 1714 4206 logisch
