3392 4352
118 277 254 370 13.
276 1836 465 1912 Der erste
273 1892 466 1963 möglichst
260 1941 428 1999 Hebbel.
105 2075 243 2177 sern.
114 2263 472 2333 bereitet sich durch
111 2319 466 2384 Assistent oder Re¬
111 2366 471 2425 vor. Der Hand¬
114 2407 462 2471 hre, und der an¬
109 2451 465 2512 ein Büro ein, um
114 2499 471 2559 nisse anzueig¬
114 2541 468 2606 t, daß ein Dichter
114 2587 471 2645 seines Fachs ge¬
103 2627 472 2696 Werkstatt sich das
114 2674 471 2738 er oder „Schrift¬
125 2715 471 2785 lehren wohl ihre
114 2761 472 2823 och aber hat ein
109 2801 471 2875 alt, um ihnen die
112 2887 471 2953 se meisten Schrift¬
128 2938 478 3000 Daß die geistigen
114 2982 475 3043 tehen, versteht sich
117 3027 476 3081 Schnitzler kommen
111 3114 473 3174 , der Engländer,
111 3161 472 3211 in erstes Buch er¬
117 3211 472 3266 ftstellerei widmete
140 3246 476 3308 und ebenso hat
108 3292 475 3356 diert. Auch Her¬
111 3336 479 3401 begonnen, als er
111 3382 484 3440 te. Hugo v. Hof¬
117 3428 482 3485 Hartleben hat auch
128 3471 485 3543 und Rudolf Huch,
1168 279 1590 375 box 44/5
316 276 984 388 Miscellaneous
513 1813 1692 1884 der in Harzburg lebt, war Rechtsanwalt in Wolfenbüttel,
524 1861 1692 1920 als seine ersten Romane erschienen. Daß der Berliner
527 1915 1696 1965 Rechtsanwalt Dr. Alsberg sich auch als Dramatiker be¬
516 1951 1692 2010 tätigt, ist bekannt, er sucht auf beiden Gebieten Lorbeeren
516 1994 1683 2056 zu erringen. Wilhelm Schäfer, durch seine „Anekdoten
516 2038 1695 2096 bekannt, ist ebenso wie Rudolf Stehr, der Schlesier, einmal
519 2084 1692 2145 Lehrer gewesen. Wilhelm Busch, unsterblicher Schöpfer des
527 2137 1699 2192 „Max und Moritz und der „Frommen Helene", hat in
522 2170 1698 2229 Hannover die Technische Hochschule besucht, Max Eyth
524 2212 1698 2276 heißt geradezu der „Dichter=Ingenieur“, weil er in seinen
527 2257 1701 2317 Geschichten eigene Erlebnisse seiner Laufbahn als Techni¬
524 2301 1698 2364 ker verwendet hat. Die große Hallenkonstruktion des An¬
527 2342 1698 2410 halter Bahnhofs stammt von keinem anderen als Heinrich
532 2391 1698 2454 Seidel, der wegen seines „Leberecht Hühnchen" aber doch
524 2446 1699 2503 noch bekannter wurde. Georg von Ompteda, dessen Ro¬
530 2477 1701 2538 mantrilogie „Deutscher Adel um 1900“ sein Hauptwerk
532 2530 1699 2587 ist, war Offizier in sächsischen Diensten, da es wohl nicht
530 2568 1698 2630 anging, daß der Sohn des Hofmarschalls des letzten Kö¬
531 2606 1696 2676 nigs von Hannover in preußische Dienste trat. Ebenso
532 2656 1701 2715 waren Rudolf Stratz und Josef von Lauff Offiziere, man
530 2698 1702 2763 merkt es ihren Büchern noch an. Wilhelm Raabe und
535 2739 1704 2802 Gustav Falke haben ihre dichterische Laufbahn vom Buch¬
534 2780 1704 2859 handel aus begonnen. Otto Julius Bierbaum hatte zu¬
532 2833 1698 2906 erst die kühne Absicht, in die Politik einzutreten und Di¬
532 2884 922 2954 plomat zu werden.
618 2910 1710 2984 Es ist nicht immer verkehrt, von der Abenteuerlichkeit
541 2966 1707 3025 einer Erzählung auf die abenteuerlichen Schicksale ihres
535 3005 1707 3069 Vrefassers zu schließen. Das Beispiel Karl May ist be¬
530 3047 1714 3117 kannt. Friedrich Gerstäcker, dessen „Flußpiraten des
540 3095 1710 3155 Mississippi" die ältere Generation unter uns verschlungen
538 3136 1710 3202 hat, ging 1837 zum ersten Male nach Amerika, „wo er ein
544 3177 1707 3248 höchst abenteuerliches Leben führte und in den verschieden¬
540 3226 1712 3295 sten Berufen tätig war“. Nach sechsjährigem Aufenthalt
535 3272 1699 3336 auf dem anderen Kontinent kam er nach Deutschland zu¬
541 3316 1708 3375 rück und begann mit der Schriftstellerei. Weitere Reisen
550 3357 1710 3432 führten ihn dann nach Südamerika und Kalifornien, in
541 3409 1708 3471 die Südsee und nach Australien. Als er 1872 in Braun¬
547 3447 1715 3522 schweig starb, hatte er eben das 56. Lebensjahr vollendet
1749 1800 2931 1866 und ein Werk von 44 Bänden „Gesammelte Schriften" zu
1755 1853 2931 1906 Ende gebracht. Hinter dem klingenden Pseudonym „Sir
1749 1892 2931 1957 John Retcliffe, verbarg sich ein bescheidener Postbeamter
1755 1937 2931 1994 namens Hermann Goedsche, der sich allerdings vor jedem
1758 1979 2922 2038 Abenteuer hütete und sie nur als Zutat zu seinen histo¬
1755 2024 2931 2080 risch=politischen Romanen schätzte. Auf dem gleichen Ge¬
1755 2066 2934 2125 biete der Literatur bewegte sich Gregor Samarow, mit
1758 2127 2931 2173 richtigem Namen Oskar Meding, der nach 1866 für Han¬
1755 2154 2937 2214 nover gegen Preußen konspirierte und also wohl befähigt
1755 2195 2931 2255 war, seinen Roman „Europäische Minen und Gegen¬
1752 2242 2934 2302 minen“ glaubwürdig zu gestalten. Doch warum in die
1755 2285 2941 2351 zeitliche Ferne schweifen? J. M. Walsh, dessen moderne
1755 2336 2935 2391 Kriminalromane die des deutschenfresserischen Wallace
1755 2372 2934 2435 bald ausstechen werden, war nacheinander Buchhändler,
1766 2431 2938 2479 Auktionator, Viehzüchter in Australien, Schafhirt, Vogel¬
1763 2462 2934 2521 und Orchideenjäger in der Südsee und in Südamerika,
1763 2508 2943 2565 Koprahändler und Zeitungsverkäufer, bis er bei einem
1755 2553 2934 2606 literarischen Wettbewerb den ersten Preis für die beste
1763 2600 2940 2659 Kurzgeschichte eines Australiers bekam und nun seinen
1758 2636 2940 2698 wahren Beruf entdeckte. Man braucht aber auch nicht in
1757 2686 2937 2744 die räumliche Ferne schweifen: Joachim Ringelnatz war
1766 2726 2940 2791 nach seiner Schulzeit auf dem Gymnasium Schiffsjunge
1757 2773 2940 2832 und Luftschaukelschieber, Schaubuden=Ausrufer und Archi¬
1758 2816 2941 2870 var einer großen Privatbibliothek, im Kriege schließlich
1761 2857 2937 2929 Leutnant zur See, und späterhin erst der Dichter, als der
1766 2913 2103 2984 er sich uns zeigt.
1847 2940 2943 3003 Gilt nach alledem noch das Wort „Jedermann kann
1766 2984 2937 3044 dichten“ zu Recht? Keineswegs. Wenn auch in der
1766 3036 2940 3086 Schule gelehrt wird, sich geläufig auszudrücken und ge¬
1769 3080 2940 3136 legentlich Inserate in der Zeitung mit großen Buchstaben
1771 3118 2870 3180 Aufmerksamkeit erzwingen „Werden Sie Schriftsteller“
1766 3165 2944 3232 gehört dazu doch mehr, als nur einen armseligen Gedan¬
1766 3208 2946 3272 ken zu haben. In Richard Wagners „Meistersinger" lernt
1773 3254 2940 3314 Stolzing aus den Schriften des Walther von der Vogel¬
1766 3297 2946 3357 weide, er knüpft an die alte Tradition an, die er doch erst
1766 3342 2946 3431 kennen muß, und formt sie neu, wie es Wille und Vor¬
1773 3395 2130 3468 stellung bedingen.
