3436 4352
349 105 1209 160 Fällen verständlich feige Selbsttäuschung
346 154 1205 204 Die Dichter, die Publizisten, die Theater
349 198 1205 249 leute, die auf den gewissen Enthebungs¬
345 249 1215 296 listen der neudeutschen Antikulturpropa¬
349 294 1214 351 ganda stehen, werden sich für längere Zeit
343 341 1212 404 eine neue Heimat suchen müssen, was ihnen
343 389 1214 447 psychologisch keine Schwierigkeiten bereiten
343 440 1176 490 dürfte, aber auch ein neues Arbeitsfeld
341 486 1211 546 und hier eröffnet sich eine katastrophale, von
345 534 1215 614 der Tücke des Schicksals geradezu teuflisch
345 583 827 645 komplizierte Perspektive.
434 634 1211 700 Wien hätte jetzt jede Chance auf allen
349 685 1205 741 geistigen Gebieten: in Bälde werden ver¬
346 736 1211 787 mutlich die ersten Schriftsteller Deutsch¬
349 786 1214 837 lands, zumindest die agilsten und aktivsten
355 832 1215 895 Publizisten hier versammelt sein. Jener
351 881 1211 935 Umsturz der Gesetze, der Begriffe und jeg¬
355 930 1215 987 licher Kulturvoraussetzung hat sogar aus
349 979 1214 1034 Max Reinhardt jenen simplen Herrn Gold¬
346 1024 1211 1079 mann gemacht, der jetzt seine Zeit vermut¬
349 1077 1214 1134 lich sogar nicht ungern mit einer Josef¬
351 1124 1215 1181 städter Regie verbringen wird. Was an
346 1173 1217 1231 prominenten Regisseuren und Schau¬
358 1224 1214 1274 spielern des Berliner Theaterlebens der
346 1272 1221 1317 Linksgesinnung noch nicht überführt ist oder
348 1317 1214 1378 seine rassisch verdächtige Abstammung
349 1373 1212 1435 augenblicklich mit nicht gerade beneidens¬
346 1409 1215 1470 werter Charakterfixigkeit geschickt be¬
343 1458 1212 1507 mangelt, hat gleichwohl nur eine knappe
343 1505 1214 1566 Gnadenfrist verächtlicher Duldung vor sich.
349 1552 1142 1623 Die Berliner Zeitungsverleger, die
346 1603 1217 1656 ihrer Majorität nicht gerade von den
343 1653 1217 1707 Kämpfern des Teutoburger Waldes ab¬
349 1700 1221 1763 stammen, haben sich gleichwohl beeilt, ihre
346 1748 1221 1807 nicht arischen Mitarbeiter mehr oder
346 1795 1221 1848 weniger fristlos abzuschütteln. Ja, man
351 1845 1221 1898 hört, daß einem bisher Prominenten des
349 1893 1224 1947 Ullstein-Verlages als Abfertigung sogar
346 1943 1221 2007 die geschenkweise Ueberlassung der von ihm
351 1995 1221 2052 bisher redigierten Zeitschrift angeboten
351 2041 1217 2102 worden ist, da sie in ihrer übrigens völlig
346 2090 1223 2147 unpolitisch freien und befreienden Tendenz
350 2140 1221 2199 sarkastischer Unabhängigkeit der Vernunft
351 2190 1221 2249 und der Ironie sogar den Eigentümern
349 2240 656 2302 inmitten des
689 2239 1217 2287 allgemeinen Stechschritt¬
349 2287 1219 2365 Chaos auf lange Zeit hinaus deplaciert
349 2329 496 2398 scheint.
432 2373 1219 2455 Lion Feuchtwanger ist von seinem
343 2440 1217 2496 eigenen, reichlich mitverdienenden Verlags=
351 2494 1221 2549 haus verleugnet worden, das letzte Dorf
351 2539 1217 2596 Schlesiens reißt bisher devotest gewidmete
351 2589 1223 2647 Gerhart Hauptmann=Straßentafeln herab,
349 2638 1221 2694 der Dichter des „Hannele" selbst wird offi¬
355 2692 1225 2751 ziell als der Dramatiker des marxistischen
355 2745 1227 2793 Umsturzdeutschland gestempelt“, und in
354 2785 1219 2842 einer sehr verbreiteten deutschen Zeitung
351 2833 1223 2887 konnte man dieser Tage über den Liebelei¬
355 2878 1221 2937 Film lesen, er sei ein aufreizend unsitt¬
358 2926 1222 2994 liches Produkt, entstanden in Anlehnung
358 2980 1222 3035 an das moralisch ohnehin genügend uner¬
360 3028 1223 3083 freuliche Theaterstück Arthur Schnitzlers.
355 3071 1235 3127 Die Berliner Borderen weder
358 3123 1223 3182 haben die Situation, das kann man wohl
364 3173 1222 3230 sagen, ebenso six wie feig und frech erfaßt.
361 3218 1221 3275 Um so schadenfreudiger vernimmt man die
355 3265 1224 3327 Kunde, daß den engeren Mitarbeitern Max
361 3321 1221 3376 Reinhardts die eigene Erniedrigung und
361 3364 1217 3423 Niedrigkeit der Preisgabe des größten
364 3417 1222 3474 lebenden Theatermannes der Zivilisation
355 3458 1221 3527 unter dem Namen — und dem unausge¬
360 3514 1221 3579 sprochenen Hetzbegriff — eines Herrn Gold¬
357 3560 1222 3622 mann so gut wie nichts genützt hat. Ihre
355 3610 1224 3666 national ungeistige Zuverlässigkeit erschien
355 3666 1225 3721 dadurch keineswegs garantiert und man
364 3707 1223 3766 forderte sie sehr dringlich auf, sich auch
361 3754 1221 3815 sämtlicher übriger Mitarbeiter zu ent¬
354 3801 1224 3865 ledigen, die an Abstammung und Ge¬
358 3855 1223 3913 sinnung das gewisse Etwas zu wünschen
358 3902 1230 3957 übrig lassen. In diesem Zeichen, im
364 3945 1230 4008 Zeichen solcher Verflachung und solcher
355 4001 1226 4052 Rückgratsschwäche sand vor einigen Tagen
355 4046 1235 4111 die erste Premiere des neuen Regimes, die
354 4102 1244 4166 eines ausgesprochenen, aber wie versichert
1258 102 2113 161 „Simplicissimus", läßt auf einer Schluß
1265 145 2118 206 seite rund um den Grabstein Bismarcks die
1256 195 2120 254 korrig kahlen deutschen Eichen wieder in
1262 244 2120 302 zarten, jungen Trieben ergrünen. An
1261 292 2117 351 schlotternd gutem, hemmungslos after¬
1256 339 2122 396 aktrobatischem Willen fehlt es gewiß nicht.
1265 384 2108 441 Aber es fehlt weiß Gott an Talent, an Ein
1265 435 2123 495 fällen, an Schwung, es fehlt an dem, was
1265 486 2119 543 jetzt konsequent ausgetrieben, geachtet und
1258 533 2020 592 zu Schanden geprügelt wird: an Geist.
1339 573 2122 642 Wien, wie gesagt, erhält jetzt dafür den
1258 630 2123 680 Ueberfluß, und zwar leider, leider, einen
1258 684 2127 732 wirklichen Ueberfluß. Man braucht Namen
1250 725 2117 781 nicht erst zu nennen, um darzutun, was alles
1262 777 2138 836 jetzt hier präsentiert und produziert werden
2161 108 3025 166 Erfülltheit noch stets bewältigt worden ist.
2165 153 3020 208 Anwesenheit des Geistes allein ist eine große
2164 201 2769 263 und beglückende Bereicherung
2814 203 3026 263 Und eine
2172 246 3021 298 seltene Gnade, dieses Asyl des Gedanken¬
2166 296 3018 356 rechtes und der selbstverständlichen Sittlich¬
2166 345 3020 396 keit auch im Meinungsstreit bieten zu
2165 386 3017 451 dürfen. Welthistorische Rolle des Kultur¬
2166 441 3020 495 gewissens, durch die Mozarts und Schuberts
2170 492 3026 542 Harmonie des musikalischen wie moralischen
2169 534 2496 595 Takts schimmert.
2247 584 3030 666 Ein soeben Angekommener sprach es
2166 630 2262 706 aus:
2247 672 3036 746 „Ich bin in Oesterreich. Ich ame
2165 720 2329 785 wieder
2502 754 2998 843 Ludwig Ullmann
