3392 4352
1146 260 1571 351 box 44/5
106 275 960 384 13. Miscellaneous
366 989 1154 1116 „OBSERVER
458 1098 1122 1157 1. österr. behördl. konzessioniertes
428 1134 1149 1219 Unternehmen für Zeitungs-Ausschnitte
490 1202 1072 1275 WIEN, I., WOLLZEILE 11
567 1258 1010 1320 TELEPHON R-23-0-43
464 1426 703 1509 NDE DE
596 1426 1302 1574 INTRANSIGEANT
257 1556 472 1630 trait de
658 1574 1255 1642 RUE REAUMUR, 100, 11
278 1645 437 1727 se
750 1707 1190 1786 23 0
269 1745 378 1822 Dal¬
617 1783 971 1890 Les Treize
280 1831 458 1922 Signature
3091 1872 3260 1931 du Séra¬
1633 1857 3023 1952 dat I doux : Chasseurs d'espions qui XX L'AMOUR AU PAYS DES SOVIETS.
2400 1898 3265 1987 Choses vues, par M. Louis-Charles magne, se
1630 1937 2344 1993 s'appe on ne sait pourquoi, dans le
3100 1960 3263 2005 au pays
1636 1960 2902 2017 texte à M. Berndorf, « le Capitaine La Royer. (Editions de France.)
2403 1972 3251 2037 C'est un étrange garçon que Louis nous
1630 2008 2353 2064 Doux en deux mots. De erreurs de
1633 2022 3260 2090 ce genre, des information comme celle Charles Royer, Dauphinois d'aventure. Il nis. Tou-
2203 2055 3263 2111 le Doc-est né par hasard à Pont-de-Beauvoisin, toujour¬
1633 2079 2117 2123 que nous avons citée su
1639 2090 3260 2152 teur », jettent malheuren, dent sur ce mais son père est d'origine lorraine, et ses déco¬
1636 2135 3248 2217 livre un petit parfum de suspici dont sa mère, Hedwige Hryniemiecka est la trop au
2368 2167 3254 2238 petite fille du grand poète national po¬
1630 2176 2144 2244 il se passerait bien. (c).
3100 2197 3268 2247 vant re¬
195 2173 1588 2273 Quelques livres nouveaux
2368 2203 2707 2250 lonais Mickiewicz.
2406 2208 3265 2291 Conciliez donc le goût de tout voir et paraît,
1665 2211 2350 2285 L'ARGENT, par Charles Peguy (Galli¬
3133 2268 3260 2312 Un
1636 2273 2350 2315 mard, édit. — On rédite ce petit pro¬
892 2238 1612 2318 time, nous dit-on, que le roman d'aventu-
2377 2270 3082 2318 le souci de voir clair, de n'être jamais
189 2262 540 2324 XX QUARTIER NOIR.
1639 2300 2344 2344 d'œuvres polémiques de Charles Peguy du
892 2297 1612 2335 res pour s'élever à la hauteur du roman
898 2327 1606 2368 o tyle aussi
892 2291 3260 2397 gné, que toute poste ne lui est pas inter contiennent quelques-unes de ses pages les dupe, l'amour des aventures et la vo¬
3103 2332 3260 2380 a vu au
151 2321 874 2386 du nègre américain, par M. Louis qui¬
1636 2356 2350 2403 plus allègres, les plus émouvantes aussi
3106 2368 3257 2430 (2).
151 2377 526 2427 loux (Rieder, édit.).
898 2383 1609 2427 dite... » Et encore : « Ce roman est diffi¬
1636 2386 2356 2430 L'argent, L'argent suite, L'anglais tel qu'on
195 2383 1597 2465 Ce très beau livre du plus célèbre des cile à classer, Il fait penser à Edgar Poe¬
1636 2415 2347 2459 le parle, autant de titres éminemment sug
3133 2421 3248 2480 12
921 2445 1603 2483 On y trouve naturellement, à chaque ins
1636 2448 2356 2495 gestifs pour tous les admirateurs de Péguy.
154 2456 874 2501 écrivains nègres de l'Amérique est une
3106 2451 3268 2510 Mme Jea
1639 2477 2344 2533 Trouvera-t-il des lecteurs nouveaux ? Il
156 2465 1615 2533 suite de récits sur Harlem, « le paradis tant (page 17 par exemple des phrases qui
3100 2501 3260 2542 man bre
901 2504 1609 2542 eussent ravi Georges Ohnet : « Ce nouveau
1639 2507 2353 2548 devrait, car dans L'argent on découvre,
3097 2524 3263 2569 Jeanne
154 2521 874 2572 des nègres ». Nous avions déjà lu, à
898 2542 2350 2569 coup du sort s'était abattu sur Raoul Dar mieux qu'ailleurs, la robustesse, la clair¬
3100 2557 3268 2604 professe
151 2554 874 2607 dessus, un livre de Carl Van Vechten,
901 2563 1597 2604 tol comme une massue. » Pour l'intrigue
1639 2566 2353 2625 voyance, le sérieux et la jeunesse de cet
3106 2586 3263 2642 -
159 2566 2126 2645 où la vie du quartier noir de New-York cambriolages, vieux château, spiritisme et écrivain unique et admirable.
3112 2616 3260 2660 leman,
148 2628 1087 2687 était peinte avec complaisance et un souterrain.
3103 2645 3254 2696 daire ».
1665 2631 2226 2699 XX LES ROMANCIERS ALLEMANDS.
159 2663 880 2704 pittoresque peut-être excessit par un
3139 2684 3260 2719 Comme
1668 2657 2347 2731 Anthologie, sous la direction de M. Fé
933 2663 1394 2734 XX LES GRANDS ESPIONS.
151 2693 871 2740 blanc, Claude Mekay, nègre, simplifie
3106 2696 3265 2752 c'est le
927 2696 2344 2758 Récits par M. H. R. Berndorff, Tra¬ i Bertaux, préface de M. Edmond a
151 2728 871 2775 rien de mélodramatique dans son livre :
3109 2740 3263 2778 secret qu
148 2749 2176 2828 mais une description simple, au jour le duction originale de l'allemand par M. loux (Denoël et Steele, édit.).
3112 2769 3263 2808 se, à con
1668 2772 2350 2826 Cette anthologie est publiée par l'ex¬
895 2784 1544 2834 J. J. Anstett (Editions Montaigne).
3106 2796 3257 2849 rine. Et
156 2793 868 2849 jour, sentimentale et facile, et en défi¬
930 2793 2353 2873 Pas de préface, pas d'explications. On cellente collection que dirige M. Geor¬
3106 2826 3224 2882 temps.
154 2834 874 2879 nitive profondément émouvante de quan
903 2852 2356 2902 ignore ce que faisait l'auteur, M. H.-R. ges Charensol et où ont déjà des
159 2873 877 2917 tité d'hommes et de femmes que domine
1630 2888 2356 2938 volumes consacrés aux anciers amé¬
3136 2876 3265 2932 XX
898 2899 1089 2952 Berndorff.
151 2896 785 2961 le magnifique personnage de Jake.
3112 2914 3263 2970 GLETERE
933 2908 2350 2979 C'est dommage, car l'ouvrage n'est ricains et italiens. El por auteur
192 2920 868 2985 Les amateurs de pittoresque se plie
1630 2958 2356 3003 M. Felix Bertaux, spécialiste éminent, et
3141 2961 3265 3012 Etude
159 2952 1234 3017 sont aux dialogues enfantins et pathé¬ pas sans mérites.
3112 2988 3265 3050 tions.
942 2991 2356 3044 Vous y trouverez l'histoire du colonel il se ble qu'elle fre, de la littérature
154 3003 874 3050 tiques, si habilement traduits par M.
3141 3029 3257 3074 Ce
1647 3029 2353 3077 ende d'aujourd'hui, une image plus
901 3029 1612 3077 Redd, chef d'état-major à l'armée aus¬
151 3041 874 3088 Louis Guilloux, les discophiles y trou¬
1642 3065 2350 3106 om lete que celles que nous don¬
3106 3047 3254 3109 mancée
159 3065 1612 3118 veront la fièvre du jazzband et de jo o hongroise, agent double — comme
3106 3103 3260 3144 ouvrage
156 3097 2362 3159 lies chansons nègres ; et tous les lec Aze — qui s'était mis au service des et des littératures américaine et
3115 3133 3260 3177 té, l'éru
151 3130 2321 3192 teurs y découvriront un écrivain simple Russes, les exploits de Mlle Docteur « la italienne, les deux autres anthologies.
3106 3165 3260 3212 lippe¬
1683 3156 2347 3209 Une introduction intéressante de
156 3165 1618 3227 et clairvoyant, qu'on peut joindre aux plus grande espionne allemande », avec
3109 3198 3263 3242 le contr
1512 3198 2350 3263 ainsi Edmond Jaloux ouvre ce recueil, où on
156 3206 1467 3257 Anderson, Sandburg, Heringwy, Faul- quelques invraisemblances. Ce
3106 3239 3260 3280 de nous
1636 3239 2356 3283 trouvera des pages de G. Hauptmann,
1476 3239 1583 3280 '
156 3239 1447 3307 kner, des Passos, et aux autres Amérique page 121, l’auteur raconte
3106 3268 3265 3313 « le des
1704 3274 2356 3330 Schmitzler, Heinrich et Thomas
159 3265 1583 3330 cains qui nous ont donné les images les tat major général belge, Mlle D teur
3109 3304 3260 3345 existen
1636 3283 2356 3345 Mann, J. Wassermann, A. Doblin, J.
156 3307 1600 3372 plus significatives de la vie aux Etatait à un entretien de ces ffici¬
3115 3342 3260 3387 prodigie
1636 3339 2356 3378 Werfel, Stefan Zweig, Franz Kalka, J.
159 3339 1603 3392 Unis. Mais Harlem, est-ce encore les avec le sous-chef de l'état-mer fra
3112 3375 3257 3413 sion de
903 3372 2353 3428 çais »... Elle apprend, au cos de cet Roth et Hermann Kesten. On ne voit
2468 3366 3000 3434 M. Louis-Charles Royer
154 3387 540 3451 Etats-Unis 7 — (r).
3109 3407 3257 3460 détruire
898 3401 2350 3460 entretien, que le chef d'éte major, le pas qu’il manque là des noms essen
2442 3416 3062 3466 (L'auteur de l'Amour au pays des
3109 3443 3260 3484 Le dest
186 3440 2353 3490 LE PARFUM MYSTERIEUX, par MM. Ch. général de Ruckel, songe à onduire of ties ; et, à côté de l'Allemagne, les co¬
2403 3457 3056 3499 Soviets, vu par la photographie MM. G.
3109 3478 3268 3516 Si muy
903 3478 2353 3531 fensivement la guerre à l'Allema¬ lonies littéraires comme l'Autriche et
165 3475 877 3525 Quinel et A. de Monteron (Plon, édit.)
2406 3496 3068 3540 L. Manuel frères, et d'après un dessin
3112 3511 3260 3552 vraisem
162 3511 877 3555 LES EUX DU MARQUE, par M. Edouard Le¬
1636 3513 2356 3552 la Bohème sont excellemment représen¬
1399 3508 1609 3555 Marthe Mo¬
901 3516 1340 3573 gne ». Des récits encore
2412 3522 2610 3575 de M. Bib.)
156 3540 877 3593 tailleur (Gallemand, édit. — On s'aperço
3112 3543 3245 3587 jusqu'à
1636 3549 2350 3587 tées. Les notices de M. Bertaux sont pré¬
1379 3540 1606 3602 Zhute, su¬
903 3558 1314 3608 reuil, « l'espionne au
156 3575 880 3614 bien en lisant ces livres que la mode est
3112 3581 3248 3617 quelque
1376 3555 3085 3626 dine français cieuses et donnent à ce recueil une uni¬ lonté de ne pas céder aux apparences.
156 3593 1323 3640 décidément au roman policier. Un crime a Edith Cavel, sur le
2380 3617 3251 3658 Quel autre métier pouvait-il faire, hors
1639 3617 1857 3673 té profonde
165 3596 1615 3676 été commis. Cela se passe en Irlande. Un d'Armont (tout cela merait bien des
2377 3643 3260 3691 celui de reporter ? C'est ainsi qu'il a toute¬
1671 3626 2315 3694 Les traductions ont pour auteurs
159 3652 1609 3708 jeune Français — on ne sait pas très bien commentaires), surgent allemand
2377 3682 3265 3723 commencé et qu'il continue. Entre deux et de co¬
1636 3682 2350 3726 outre M. Félix Bertaux — MM. Marc
159 3688 1609 3738 pourquoi — recherche le coupable — et un Karl Graves, sur le capitaine anglais
906 3708 3260 3767 Trench, etc... Et bien entendu, Matakert, Hella, Bournac, Banquis, Lepoin- voyages, il écrit. De ses ascendances sia¬
156 3729 582 3773 coroner le laisse agir...
3141 3750 3260 3791 L'ent
186 3732 880 3785 M. Edouard Detailleur dans la « prière
1639 3753 3082 3791 te, Duren, Lhopiteau, Korner et Jules ves, il a hérité le magique don de conter
162 3753 1609 3823 d'insérer » de son livre : LES YEUX DU MAS- Hari. Cette version allemande est à rap¬
2409 3776 3263 3841 Aussi l'auteur de la Maitresse noire et n'en éta¬
159 3791 2017 3880 un révèle de grandes intentions : « Il est procher de l'ouvrage récent du comman¬ Superville. — (r).
