3392 4352
1186 322 1604 407 box 4476
147 324 994 425 13. Miscellaneous
681 685 941 777 N DE DEEL.
457 816 665 893 troi de
974 797 1377 889 L'AVENIR
812 862 1528 961 RUE DU 4 SEPTEMBRE, 19, 11
468 906 633 987 Adresse
466 1002 576 1088 Date
974 978 1469 1101 14 FEVRIER 1933
471 1088 799 1186 Signature
468 1199 692 1274 Exposition
387 1224 2138 1451 A propos du théâtre des Marionnettes
928 1510 1563 1624 de Salzbour,
422 1650 2149 1744 En 1911-1912, j'allai rendre visite à Gor. Alors le théâtre ?... La réponse demande
383 1714 1466 1777 don Craigh; je le trouvai dans son labora¬
1313 1733 2143 1810 N'est-il pas curieux que de très grands
387 1766 1250 1830 toire d'études de Florence. Il s'agissait de
387 1793 2141 1863 lui arracher quelques tuyaux afin de reprits aient été si pris par le Théâtre des
396 1834 2145 1911 présenter à « L'Œuvre » Hamlet que lui arionnettes ? Nous savons que Musset,
390 1882 2152 1948 même s'apprêtait à monter au Théâtre Boucher, Banville et même le père Hugo
1278 1920 2149 1970 s'y passionnaient. Un des derniers, à
394 1933 1167 1998 Artistique de Stanislawski à Moscou.
1283 1955 2145 2014 l'apogée de son métier de dramaturge,
436 1970 1259 2042 Professant un grand respect pour les
398 1996 2149 2077 conceptions de Craigh, il s'agissait avant Maurice Maeterlinck, sentant peut-être les
1289 2038 2141 2097 tréteaux lui manquer sous les pieds, écri¬
394 2062 1261 2121 tout de m'instruire. Peut-être s'amu-
1289 2086 2152 2154 vit un chef-d'œuvre pour le Théâtre des
394 2101 1250 2167 de moi, c'est fort possible ; rien ne m'obli¬
394 2125 1863 2211 ge à en être certain aujourd'hui, mais il Marionnettes, « Intérieur ».
1331 2160 2152 2235 Si aujourd'hui, nous ne recherchons pas
398 2193 1265 2246 me déclara tout net — et sur ce chapitre
411 2206 2154 2285 j'ai été souvent moi-même d'accord avec la marionnette homme, comme l'a fort
1296 2243 2162 2307 justement fait remarquer Robert Kemp. il
405 2265 1263 2333 lui que l'on ne pouvait rien obtenir
1296 2289 2149 2346 est vrai que personne d'entre nous n'y pen¬
403 2309 1269 2370 d'acteurs en chair et en os lorsqu'on était
1291 2324 2160 2388 se, c'est que la sélection s'est accomplie
396 2351 1263 2405 un metteur en scène « inspiré » et que
1291 2373 2158 2425 dans l'esprit d'un petit nombre, que nous
407 2388 1263 2480 désormais, il travaillerait sur des marion¬
1289 2412 2152 2467 sommes écœurés du théâtre, et que ce pe¬
403 2449 534 2510 nettes.
1291 2451 2158 2508 tit nombre soupire après la folie et même
438 2467 1265 2550 Sa théorie qui m'est devenue familière¬
1296 2493 2162 2550 l'extraordinaire Nous en sommes arrivés
398 2521 1269 2578 cette minute là m'aurit quelque peu¬
1298 2532 2152 2607 à subir l'emportement de notre imagina¬
398 2561 1261 2620 mais ce diable d'homme avait toujours de¬
1296 2583 1602 2640 tion surexcitée.
405 2602 1261 2664 conceptions imprévisibles. Il avait, disait
1333 2598 2165 2670 Il y a quelques années, Franchain,
414 2640 1269 2710 il, jusque là échoué dans ses espérances
1309 2651 2160 2712 Terrasse, Bonnard se passionnèrent pour
407 2686 1274 2745 en triturant des vivants, il entendait
1309 2701 2165 2758 les marionnettes. Les Italiens en furent
411 2732 1272 2791 sculpter, animer les marionnettes avec
1300 2740 2152 2799 toujours férus. Nous avons connu les fi¬
411 2767 1276 2837 plus de succès. Dans le Cirque, car le lieu
1300 2780 2167 2848 gure bouffonnes de Podrecca qui ont
414 2808 1267 2876 où il me parlait et où son génie s'escri¬
1307 2817 2162 2876 quelque peu égale celles de Warton, et les
407 2850 1272 2915 mait, était un petit cirque très ancien,
1309 2859 2162 2915 Warton ne sont venus à la marionnette
414 2896 1278 2955 me désigna entre autres choses cinq ou
1307 2904 2165 2957 que par une longue hérédité de misères
411 2935 1276 2999 six personnages automates presque aussi
1309 2942 2154 3003 de travail dans une famille d'acteurs to
418 2975 1283 3040 grands que nature ; il se glorifiait d'en
1304 2981 2173 3042 rains. Avant celles du Docteur Aicher, si¬
414 3014 1278 3101 être le créateur et de pouvoir leur prêter
1300 3025 2162 3084 subtiles, si vivantes, je retrouve celles de
1307 3060 2169 3121 M. Paul Bramm, de Munich. Il vint à Pa¬
418 3066 558 3128 la vie.
460 3075 1280 3165 Longuement, Craigh me développa se¬
1307 3108 2165 3165 ris en 1913 et donne quelques séances
427 3139 1274 3215 théories. Craigh était un homme habité »
1307 3150 2169 3204 chez les particuliers. Mortier, l'ancien di¬
422 3185 1280 3244 Ce qu'il défendait, c'est-à-dire l’autorité
1307 3185 2169 3248 recteur du Théâtre Michel, très excité par
418 3226 1274 3283 exclusive du metteur en scène négligen
1315 3239 2169 3294 ce que je lui fit entendre, en comprit le
427 3268 1274 3331 l'auteur, dédaignant la pensée du comé
1307 3274 2171 3349 charme, il voulait en risquer l'aventure,
427 3303 1283 3368 dien, pouvait être écouté avec déférence ;
1315 3318 1677 3384 cela ne se fit pas.
425 3342 1280 3419 je le fis, je me gardai bien de lui répli¬
1353 3340 2165 3412 Paul Bramm avait installé la Marion
422 3388 1280 3452 quer par mes idées ; je m'en suis trouvé
1313 3397 2171 3449 nette en quelque sorte à quart de côte, en¬
427 3436 1237 3504 bien. Craigh a-t-il évolue ? Je l'ignore...
1313 3439 2171 3489 tre la nature (style Craigh) et celle du
1322 3474 2173 3533 Docteur Aicher, mais le répertoire de Paul
464 3480 1285 3544 Mais la théorie de la puissance d'évoca¬
1313 3520 2176 3576 Bramm, de Munich (la troupe s'appelait
429 3526 1289 3581 tion des marionnettes m'est restée dans
1322 3561 2176 3614 les Artistes Munichos de Marionnettes)
427 3559 1287 3638 l'esprit. On sait que les peuples vraiment
1320 3603 2178 3655 était quelque peu le même que celui de
429 3611 1283 3671 artistes ont tous a un goût pour la ma¬
427 3642 2173 3708 rionnette. Les marionnettes permettent M. Aicher. La musique y tenait sa grande
1318 3684 2176 3747 part; on y applaudissait « La Légende
427 3688 1280 3754 l'unité de jeu irréalisable au théâtre. Per¬
429 3721 2178 3795 sonne n'ignore qu'en Extrême-Oriente Faust », « Bastien et Bastienne » de
1329 3773 2187 3817 Mozart, « La Servante Maîtresse », de
444 3769 1294 3833 (comme autrefois chez les lucas ou chez
1337 3806 2178 3859 Jean Pergolese, « Le Roi Violon et la
444 3811 1298 3872 les Aztèques, l'art de la marionnette est
1333 3843 2176 3898 Princesse Clarine », de Mahlman, « Le
440 3850 1294 3938 considéré comme un art supérieur et raf
1320 3885 2176 3946 Devin de village », de Jean-Jacques Rous¬
438 3909 536 3970 finé.
471 3892 2178 3994 Si les enfants les apprécient si fort, c'est sau, Maeterlinck, Schnitzler. Des décor
436 3968 2191 4043 qu'instinctivement, pour la plupart, ils teurs tels que Salzmann collaboraient aux
1329 4014 2184 4065 décors. Il est évident que Paul Bramm
436 4027 1300 4078 sont plus sensibles à l'art que les grandes
1324 4054 2187 4100 cherchait toutefois des succès plus popu¬
436 4062 1294 4130 personnes, soyons en assurés Trop sou
1333 4095 2187 4148 laires que le Docteur Aicher, il crait le
440 4108 1300 4165 vent, on déforme l'esprit des enfants, mais
1331 4130 2193 4189 Guignol en quelque sorte pour les bons
447 4145 1294 4209 il est impossible de s'étendre le longue
1331 4172 2191 4224 enfants de Munich et de l'Allemagne de
447 4189 908 4253 ment sur un tel sujet.
1333 4213 2195 4264 Sud; il y croyait trouver ses ressources.
