3344 4352
298 130 1708 236 Der „Große Cafetier erinnert sich.
216 223 1880 291 Vielleicht zum Kolschitzky=Jubiläum, viel- ja, es war das Kaffeehaus des Parlaments,
130 280 1884 338 leicht anläßlich seines 85. Geburtstages er= und die Gebrüder Pach hatten die Erlaubnis,
1028 329 1880 382 ihren Zeitungskatalog im Reichsrat auflegen
137 327 999 402 innert sich Herr Gustav Pach an die 60 Jahre,
1033 373 1891 426 zu lassen. Dieser Zeitungskatalog
128 364 999 428 die er nun in Wien ist, an die fast 35 Jahre,
135 410 1886 457 die er hier eines der bekanntesten Prater= umfaßte die Kleinigkeit von 350 Blättern.
1026 459 1884 512 Sie machten eine Hauptattraktion des Café
126 461 999 505 gasthäuser, das Schweizerhaus, und das
126 494 1884 547 damals berühmteste Café, das Central, Central aus, sie bildeten den Grundstock zu
1024 538 1889 589 dem großen Vermögen, das sich hier die beiden
135 545 993 600 geleitet und besessen hat. Er erinnert sich und
1028 580 1889 635 Pach erworben haben. Aber um noch bei den
135 591 993 640 er möchte gern wissen, ob die vielen, die Zehn¬
1028 622 1889 675 Gästen zu bleiben: Die Runde um Peter
135 631 997 677 tausende, die ihn und seine Etablissements ge¬
130 666 1886 721 kannt haben, es auch tun. Ob die alte, die Altenberg und Friedell war ja stadtbekannt,
1028 713 1889 761 wer Schachmatadore sehen wollte, mußte
126 717 999 770 ältere oder gar noch die junge Generation
1028 752 1889 801 ins Central. Der Zeitungen wegen sah man
137 763 997 812 etwas Gedenken übrig hat für die großen
135 794 1895 849 Sammelstätten von Kunst, Politik und Schach= hier auch früher berühmt gewesene oder später
137 841 1895 898 spiel, wie es im Sommer in den erstgenannten berühmt gewordene Emigranten (Trotzkij),
126 882 1889 940 beiden Rubriken das Gasthaus im Prater und Fürsten, Häuptlinge, Abgeordnete, die es
1028 922 1897 975 waren, gewesen sind oder werden wollen. Wie
126 935 995 988 zehn Monate im Jahr in allen Rubriken das
1024 973 1889 1019 das die Pachs gemacht haben, ein um
126 975 991 1026 Café in der Herrengasse gewesen ist. Jedenfalls
139 1013 1893 1068 sendet er allen seinen Freunden einen sehr herz- die Jahrhundertwende fast zugrunde ge¬
126 1055 1889 1114 lichen Gruß aus dem Lainzer Krankenhaus, gangenes Kaffeehaus derart in die Höhe zu
1024 1101 1900 1160 bringen? Der alte Herr Gustav zuckt die
135 1110 993 1165 wo er seit zwei Jahren untergebracht und so
1026 1143 1183 1216 Achseln:
130 1154 993 1209 zufrieden ist, daß er 21 Kilogramm zu¬
128 1196 999 1251 genommen hat und viel glücklicher als sonst
1233 1169 1686 1269 Rezept für gute Wirte.
128 1238 1008 1288 einer in seinem Alter sein mag, der wie er
1108 1238 1893 1308 „Das Rezept ist allzu selbstverständlich.
128 1277 999 1335 allein auf der Welt steht, zwei Millionen Gold¬
1026 1280 1900 1341 Meine fünfzehn Kellner haben den strengsten
130 1326 999 1374 kronen aus dem Nichts in harter Arbeit er¬
1033 1339 1902 1388 Auftrag gehabt, sämtliche Wünsche eines
130 1366 924 1434 worben und dann ohne seine Schuld -
1028 1381 1902 1434 Gastes, die über die Normalität hinausgehen,
126 1414 708 1467 Kriegsanleihe — verloren hat.
1028 1425 1900 1478 zu melden. Was ich erfüllen konnte, wurde
1019 1463 1904 1518 erfüllt. Beim Stammplatz des Grafen
254 1461 887 1538 Vom Tee über Bier zum Kaffee.
1026 1509 1900 1560 Stürgkh, der immer bei einer gewissen Säule
201 1522 971 1588 Das alles kam so (der „Große Cafetier¬
1033 1555 1904 1606 sitzen wollte, wo nicht besonders gutes Licht
135 1569 1004 1635 so nannte ihn Wien — erzählt es in völliger
1028 1597 1897 1644 war, ließ ich, ohne irgendwie dazu aufgefordert
130 1617 1002 1675 geistiger Frische, fließend, ohne auch einen
1028 1639 1897 1692 worden zu sein, eine Lampe anbringen. Dies
126 1666 991 1714 Augenblick nachzudenken): In Stettin ge¬
1033 1681 1895 1732 nur als einziges Beispiel. Oder: Als wir das
126 1708 999 1763 boren, Gymnasium absolviert, nach London in
1035 1723 1889 1778 Central übernahmen, fand meine Frau, die
126 1769 1889 1822 eine Teehandlung, Chef ruft ihn, den „Mister übrigens immer auch das süße Gebäck zu
130 1803 1904 1864 Petch", der bisher Buchhalter war: „Sie bereitet hat, den Kaffee nicht gut genug.
128 1842 997 1895 werden für uns nun reisen. Leben Sie wohl.
1035 1855 1900 1906 „Aber die Gäste sind ihn so gewohnt," sagte
128 1886 1008 1937 Mit diesem „Leben Sie wohl“, etwas Diäten
1033 1904 1904 1955 der Küchenchef. „Man wird sie an Besseres
135 1935 999 1979 und Provision ist er drei Jahre unterwegs
1037 1941 1900 1997 gewöhnen," sagte meine Frau, und sechs
130 1977 999 2028 bis er nach Wien kommt und von hier nich
1035 1994 1897 2045 Monate darauf hatte sich der Umsatz ver¬
130 2023 1002 2074 mehr fort will. Es gefällt ihm alles zu gut
1028 2025 1900 2096 sechsfacht. Das Geschäft blühte, solange ich
130 2067 999 2111 und dieses Wohlgefallen, das er an unsrer
1035 2074 1895 2127 es hatte, also 16 Jahre lang. Die Losung
130 2107 1004 2180 Stadt findet, ist gegenseitig geworden. Kassier
1033 2114 1902 2169 betrug bis 1500 Goldkronen im Tag.
135 2153 999 2200 im Bräuhaus Straßnicky. Im Restauran
1035 2158 1904 2215 Ja trotz aller Billigkeit ging es uns bis zur
126 2195 1895 2246 dort sitzt seine Frau an der Kassa. So sammeln Kriegsanleihe wunderbar. 1916 verkaufte
139 2244 1002 2292 sie Erfahrungen, die Eltern aus Deutschland
1026 2237 1895 2294 ich das Central um eine halbe Million Kronen.
135 2286 997 2328 borgen etwas Geld, und damit übernimm
1028 2288 1897 2341 Damit begann mein Abstieg, und jetzt lebe ich
130 2325 993 2383 Gustav Pach das Schweizerhaus von Straß
1035 2332 1904 2398 körperlich von der Güte der Gemeinde, seelisch
135 2365 871 2427 nicky und führt es von 1883 bis 1900.
1019 2381 1394 2456 von Erinnerungen.
214 2425 999 2486 Was berühmt ist im Wien von damals
1251 2429 1679 2506 Grüße von Roosevelt.
126 2469 1002 2526 verkehrt da unten, und Pach, der nach der
1101 2475 1895 2544 Die wichtigste von diesen Erinnerungen
135 2515 999 2577 guten, alten Gastwirtsitte jeden gekannt hat
1033 2535 1891 2586 hängt neben dem Bett, in dem Drei-Mann¬
135 2564 999 2614 weiß von jedem auch Anekdoten genug. Wie
1033 2575 1902 2634 Zimmer im Pavillon X. Unter der Photo¬
567 2608 977 2665 stets mit Gersuy-
130 2610 466 2670 der Billroth
1026 2621 1900 2676 graphie und den herzlichen Grüßen von
135 2654 1006 2709 immer nach dem Brahms, der Brahms immer
1041 2656 1900 2714 Julius Tandler, nämlich ein Porträt von
130 2696 1006 2745 nach dem Billroth fragte, daß Anton
1035 2700 1900 2753 Theodore Roosevelt, bei dem er 1907 im
135 2738 1006 2793 Bruckner in der Küche immer zusehen
1035 2745 1900 2798 Weißen Hause eingeladen war. Um einen
135 2782 1004 2835 wollte, wie für ihn gekocht wurde, und sich
1028 2786 1897 2839 Vetter in Amerika zu besuchen, reiste er
135 2826 1006 2877 während des Wartens nicht selten bitter
1593 2833 1895 2886 dem Wiener
1037 2833 1558 2895 (übrigens zugleich mit
128 2873 1002 2928 darüber beschwerte, daß ihn seine Zeit¬
1035 2873 1893 2923 Männergesangverein) nach New-York und
135 2914 1008 2970 genossen nicht verstünden. „Aber wenn ich tot
1035 2912 1895 2963 Washington, und er ist vom Prä¬
135 2956 1004 3025 bin, werde ich bestimmt berühmt," sagte dieser
1033 2954 1895 3009 sidenten, der Präsident von ihm so er¬
1037 3003 1895 3053 freut, daß Teddy dem Wiener Cafétier die
139 3000 1008 3051 Meister nicht nur der Musik, sondern auch
139 3049 1895 3111 der Vorahnung. Mit Sueß und dem General herzliche Inschrift und das schöne Bild mit
1028 3093 1716 3142 dem Sternenstreisenbanner beschert.
139 3089 999 3139 intendanten Bezeny hat Pach pokuliert. Mi¬
1112 3113 1904 3192 Schönere Zeiten nicht nur für Gustav
143 3137 1002 3190 Georg Reimers, um einen Lebenden zu
143 3168 1895 3228 nennen, ebenso, und ein halbes Dutzend Pach, sondern auch für Wien, das Gast¬
143 3210 1895 3278 Bilder gibt davon Beweis, daß nicht nur wirtgewerbe und für die Kaffeesieder steigen
1028 3259 1900 3309 auf, wenn man ihn sprechen hört. Ein Stück
139 3263 999 3318 der Pach nicht den Reimers, sondern auch der
1035 3296 1900 3356 Vergangenheit lebt da aufgehoben in diesem
126 3309 997 3362 Reimers nicht den Pach vergessen hat, es be¬
1033 3342 1895 3398 alten Mann, in seinen Bildern, Zeitungen
139 3358 997 3409 zeugt die Loge, die ihm unser Altmeister vom
1035 3389 1889 3440 und auch in den vielen Briefen, die er be¬
130 3402 999 3453 Burgtheater zu seinem Jubiläum vor einigen
137 3426 1900 3492 Jahren geschickt hat. Und da ist noch vom kommen hat. Das aber ist das Erstaunliche:
1033 3473 1895 3528 er hat nicht nur nicht vergessen, er ist auch
137 3484 999 3532 Theater der Hofopern=Jahn und die Materna
135 3515 1900 3574 der Baumeister natürlich, hier beweist Devrient nicht vergessen. Eine ganze Galerie von ehe¬
1026 3559 1904 3609 maligen Besuchern und Freunden schreibt ihm
139 3570 997 3620 durch ein sehr jugendliches Bild die früh
1028 3603 1889 3676 noch gestern und heute. Da liest man nod
139 3616 997 3678 Freundschaft mit dem Wirt, und ebens¬
1019 3647 1895 3720 vor drei Jahren Artur Schnitzler, in den
146 3658 938 3713 Speidel und Robert, die beiden Freunde
130 3682 1900 3751 Kritiker und schöner Bühnenheld. Und jetzt Vorjahren Felix Salten oder Max Hussarek¬
1033 3731 1902 3793 Heinlein, Huberman, da liest man — aber
137 3744 1002 3815 erst die Liste der Politiker. Hier hat der spätere
1028 3775 1897 3832 es ist schon genug aufgezählt worden. Der
137 3790 999 3843 Ministerpräsident Ernest v. Koerber die
1033 3810 1891 3868 Große Cafetier erinnert sich und man erinner
143 3830 1002 3890 Hofraternennung gefeiert, Generalpostdirektor
1035 3861 1900 3918 sich an ihn. Was ihm Mar Devrient (1905)
139 3881 662 3956 Hohentraut, der Czedik.
1033 3901 1827 3954 einmal auf eines seiner Bilder schrieb,
366 3925 785 3998 Gold aus der Zeitung.
1037 3940 1911 3996 wirklich Wahrheit geworden: „Wer nicht die
1035 3984 1904 4066 Welt in seinen Freunden sieht, verdient nicht,
223 3989 999 4037 Aber das ist alles noch nichts gegen jene
1734 4024 1864 4084 R. B.
130 4024 1374 4110 die dann ins Café Central kamen. Man weiß daß er sie besitze.
2310 624 2652 810 GRATIS
2092 801 2877 887 „OBSERVER
2178 889 2828 942 I. österr. behördl. konzessioniertes
2147 933 2866 1010 Unternehmen für Zeitungs-Ausschnitte
2217 982 2793 1066 WIEN, I., WOLLEILE 11
2286 1052 2736 1101 TELEPHON R-23-0-43
2085 1160 2438 1253 Ausschnitt aus:
2411 1213 2923 1374 ne re¬
2339 1366 2606 1478 29
2089 1392 2219 1467 vom
2652 1388 2791 1494 932
2043 1476 3078 1571 (Sachliche Jugend.) Anner war sechzehn Jahre alt, blond,
1946 1551 3080 1608 blauangig und suchte einen Posten. Als sie den Laden des Par¬
1964 1593 3078 1668 fümeriewarenhändlers betrat, der eine Verkäuferin engagieren
1955 1644 3080 1716 wollte, da duftete es mit einem Male nach Frühling. Daran waren
1955 1686 3080 1750 aber die verschiedenen Parfümfläschchen vollkommen unschuldig.
1950 1743 3078 1798 Mit der jungen Annerl selbst war der Lenz in den Laden ge¬
1955 1780 3078 1853 kommen. So empfand es wenigstens der Geschäftsinhaber, der aber
1950 1829 3087 1897 zu seinem ehrlichen Bedauern sagen mußte, daß der Posten bereits
1955 1875 3084 1937 vergeben sei. Da hat Annerl in ihrer schmerzlichen Enttäuschung
1955 1922 3078 1981 so hübsch ausgesehen, daß der Ladeninhaber das dringende Be¬
1955 1961 3084 2030 dürfnis empfand, sie zu trösten. Auch Parfümeriewarenhändler
1961 2012 3078 2076 haben ein Herz. Der unsrige war noch dazu ungefähr dreimal
1964 2056 3087 2125 so alt als seine Besucherin, und da bekam er es naturgemäß mit
1953 2103 3087 2164 den väterlichen Gefühlen. Ob der herzhafte Kuß, den er dem
1964 2144 3087 2222 Annerl auf die roten Lippen drückte, wirklich nur ein väterlicher
1966 2195 3084 2261 gewesen ist, das bleibe dahingestellt. Darüber muß sich der Par¬
1957 2244 3084 2310 fümeriewarenhändler mit seiner angetrauten Gattin auseinander¬
1966 2290 3093 2358 setzen. Dieser Gattin ist nämlich die Kußgeschichte kein Geheimnis
1964 2334 3089 2403 geblieben. Der reuige Ehemann selbst hat ihr sein Herz aus¬
1961 2376 3106 2451 geschüttet. Mit gutem Grund. Die Sache hat nämlich für ihn ein
1957 2427 3093 2491 recht unangenehmes Nachspiel gehabt. Annerl hat nicht reinen
1964 2475 3089 2537 Mund gehalten. Sie hat von ihrem Abenteuer gleich einer ganzen
1957 2520 3095 2581 Anzahl von Freunden Mitteilung gemacht. Ob sie damit be¬
1955 2566 3095 2634 zweckte, die halbwüchsigen Burschen davon zu überzeugen, daß
1966 2623 3095 2683 sie auch wisse, wie man reise Männer feßle, ob sie sich einzig und
1964 2663 3095 2723 allein interessant machen wollte, wer kann das sagen? Anneris
1966 2720 3102 2773 Freunde aber sind jedenfalls sachliche junge Leute. Sie haben
1966 2758 3098 2822 sofort scharfsinnig erkannt, daß diese Geschichte Geld wert sei.
1966 2800 3091 2857 Geld haben sie aber alle durch die Bank dringend notwendig. Sie
1968 2844 3095 2910 sind nämlich ebenso jung wie arbeitslos. Und nun ging in einem¬
1968 2890 3093 2959 fort die Ladentur des Parfümeriewarenhändlers. Nie zuvor ist
1964 2932 3102 3007 dieser Laden so gut besucht gewesen. Es waren freilich keine
1964 2985 3104 3051 zahlenden Kunden. Es war auch nicht Annerl, die wieder er¬
1972 3031 3106 3095 schienen wäre. Wohl aber kamen ihre jungen Freunde und
1966 3071 3095 3142 heischten mit gerunzelter Stirn, in strengen Befehlshaberton
1966 3126 3095 3181 Seifen, Parfums und Bargeld. Auch eine Puderdose stand auf
1966 3170 3095 3237 der Liste ihrer Requisitionen. Schließlich hat der Kaufmann, der
1966 3212 3095 3270 nicht mehr ein und aus wußte, seiner Gattin gebeichtet. Und die
1966 3261 3093 3320 hat ihm den einzig vernünftigen Rat gegeben: „Geh zur Polizei!"
1968 3309 3095 3367 Gestern standen die jungen Erpresser vor den Schöffen. Das heißt,
1968 3353 3095 3420 nur zwei von ihnen. Für die anderen, die noch gar zu halbwüchsig
1975 3406 3104 3470 sind, ist der Jugendrichter kompetent. Auch die geküßte Annerl
1968 3446 3098 3504 war als Zeugin erschienen. Und als man sie fragte, warum sie
1977 3492 3102 3561 sich überhaupt habe küssen lassen, statt davonzulaufen und dem
1968 3541 3113 3601 Kußlüsternen einen Wachmann auf den Hals zu schicken, da hat
1981 3585 3106 3654 sie mit unschuldigen Augenaufschlag und mit naivem Erstaunen
1977 3631 3102 3695 geantwortet: „Er hat mir doch eine Puderdose geschenkt!“ Paris
1972 3680 3098 3733 ist eine Messe und eine Puderdose einen Kuß wert. Eine neue
1977 3729 3104 3804 Sachlichkeit, von der Arthur Schnitzlers süßes Mädel freilich noch
1968 3775 2539 3832 keine blasse Ahnung gehabt hat.
