3344 4352
127 223 254 313 13.
1166 231 1583 316 box 44/5
316 237 975 323 Miscellaneous
154 560 895 694 Dresdner Anzeiger
666 726 1016 804 24. Aug. 1932
576 858 1093 956 Wiener Theater
452 922 1224 1010 Von unserem Korrespondenten
424 989 1296 1069 Im Wiener Burgtheater gestalten sich
369 1024 1296 1100 Rückblick und Ausblick nicht allzu ergiebig. Als
373 1084 1296 1143 großer und dauernder Erfolg der vergangenen
373 1118 1293 1178 Spielzeit kann nur Hofmannsthals Salzburger
373 1153 1298 1220 Welttheater gebucht werden, dazu noch die eine
369 1198 1293 1254 oder andere klassische Aufführung des Goethe¬
367 1235 1295 1305 jahres. Was daneben herlief unter der
360 1273 1288 1334 Autorenschaft eines Ferdinand Bruckner oder
369 1305 1288 1371 Arthur Rundt oder Arthur Schnitzler, erwies
373 1348 1293 1415 sich als wenig lebensbeständig. Und der Blick
367 1390 1296 1457 in die Zukunft: Da sind als erste Neu¬
364 1431 1289 1487 einstudierung Die Jungfrau von Orleans und
369 1470 1288 1530 als erste Uraufführung Schuster Hitt von
364 1508 1296 1567 Hermann Heinz Ortner geplant. Im übrigen
360 1540 1293 1606 werden folgende Werke während der kommen¬
369 1583 1284 1643 den Spielzeit im Burgtheater und Akademie¬
364 1620 1291 1683 theater die Uraufführung erleben: Arien von
364 1660 1284 1724 Lenormand, Feinde der Liebe von R. Golding
357 1696 1293 1756 Bright, Die Habsburger=Legende von Schrey¬
364 1742 1284 1798 vogel, Professor Unrath von Ebermayer, Ver¬
366 1777 1284 1835 stehen wir uns? von Preradovic, Harmonie von
366 1819 1282 1879 Molnár, Gastein von Hirschfeld, Domino von
362 1855 1282 1939 Achard, Die Mädchenjahre einer Königin von
355 1893 553 1945 Sil Vara.
417 1934 1275 1992 Während der Sommermonate traten mit viel
353 1976 1273 2038 Erfolg im Burgtheater die Vier Nachrichter mit
353 2010 1266 2077 ihrer Satire Hier irrt Goethe auf. Die Pläne der
351 2051 1273 2114 Wiener Privattheater liegen noch im dunkeln.
346 2089 1270 2155 Einige Beunruhigung schafft die Absicht öster¬
351 2123 1284 2190 reichischer Bühnenkünstlerorganisationen, die
357 2167 1275 2238 scharfen, auch gegen Österreicher gerichteten Be¬
357 2206 1275 2270 stimmungen der deutschen Filmgesetzgebung zu
330 2247 1302 2314 beantworten und in Wien das Wirken aus¬
401 2437 1328 2505 ländischer" (nämlich deutscher) Künstler zu er¬
401 2482 1323 2535 schweren. Es ist zu bedenken, daß in Wien so¬
399 2526 1323 2584 wohl der Direktor des Burgtheaters Hermann
396 2561 1321 2621 Röbbeling wie auch der Direktor des Volks= und
373 2607 1328 2651 Raimundtheaters, Rolf Jahn, deutsche Staats¬
396 2635 1326 2694 bürger sind. Im Burgtheater ist eine ganze
389 2690 1328 2739 Reihe Schauspieler, vielleicht die Hälfte des
392 2724 1325 2773 Ensembles, deutscher Staatsangehörigkeit, eben¬
397 2755 1319 2812 so befindet sich im Ensemble der Staatsoper
396 2805 1330 2849 eine Anzahl deutscher Staatsbürger. Von einer
397 2835 1332 2888 ernsthaften Bedrohung des künstlerischen Aus¬
401 2874 1323 2946 tausches zwischen Deutschland und Österreich
397 2909 1063 2978 dann natürlich nicht die Rede sein.
452 3011 1319 3086 Münchner Operngastspiele im Auslande.
394 3073 1321 3137 Während des Oktobers dieses Jahres wird
390 3117 1288 3172 unter der Leitung des Generalintendanten
1651 549 3054 698 LA MOSTRA ALKUNSTLERHAUS
1650 706 3043 781 D'ARTE AUSTRIACA DEL RITRATTO
2360 827 3038 901 mirati della mostra è quello di Ar¬
2019 850 2314 917 Vienna, agosto.
1680 887 3043 943 La questione del ritratto è in arte turo Schnitzler dipinto da Viktor
1667 918 3045 977 di quelle su cui à più difficile met¬ Krausz: il ritratto non è finito, che
2369 959 3049 1003 la morte dello scrittore lo ha inter¬
1673 973 2339 1012 erst d'accordo. Le sagerazioni di
1659 991 3054 1040 certi esteti da una parte, e l'ottua rotto alle ultime sedute, ina cio gli
1655 1026 3054 1083 sufficenza dei filistei dall'altra ne han conferisce un significato documenta¬
1655 1058 3049 1129 talmente spostato i termini che oma rio e simbolico che ai visitatori non
1659 1102 2492 1150 e quasi impossibile raccapezzarsi la place.
2400 1109 3054 1167 Fra le opere di scultura ammire¬
1671 1146 2340 1185 love il bon senso de nostri nonni
1634 1159 3052 1222 emmeno riusciva a vedere una que voll sono i ritratti di Giorgio Ehrlich
2365 1192 3049 1235 dei quali ho già avuto occasione di
1655 1208 2339 1258 tione. Perche in realta, gira e rigira,
2365 1231 3054 1272 intratteneri su L'Ambrosiano par¬
2365 1259 3049 1307 lando dell'artista; e magnifici son
2360 1289 3049 1334 anche quelli di Hanak che possiede
2361 1330 3050 1378 forse il più grande talento plastico
2369 1362 3049 1406 dell'Austria, benche si abbandon¬
2360 1397 3049 1439 troppo spesso a certa spontaneita gre¬
2369 1432 3052 1478 golata nella quale i suoi ammiratori¬
2365 1466 3054 1515 vorrebbero riconoscere uno dei pregi¬
2363 1503 2773 1554 principali dell'artista.
2381 1521 3059 1575 A parlar delle molte opere buone
2369 1567 3057 1609 se non eccellenti che son sparse ne¬
2365 1602 3057 1646 le varie sale non si finirebbe più
2365 1634 3061 1689 è curioso piuttosto notare certi par¬
2365 1667 3052 1724 ticolari: per essempio la decadenza
2365 1701 3057 1742 del ritratto mondano od aulico; dieci
2369 1738 3056 1777 o dodici semplari in tutto che pas¬
2365 1770 3054 1809 sano fra l'indifferenza generale ; an¬
1659 1803 3057 1847 Sergius Pauser: Signora Blumberger cora: la quantità enorme dei medici
2365 1846 3063 1890 in camice bianco (siamo à Vienna,
1835 1842 2174 1904 c signora Pauser.
2374 1885 3066 1922 nella mecca della medicina) che ope¬
1655 1904 3054 1946 la verità è che, se l’oggetto rappre¬ rano, visitano pazienti, si pavone¬
1662 1938 3061 1989 sentato tiene un posto del tutto se giano fra flale, microscopi, strumenti
1662 1985 2351 2019 condario nel giudizio di un lavoro
1655 2014 2356 2058 plastico, il valore di un ritratto, in
1662 2045 2360 2086 quanto è tale, à dato sopratutto dalla
1655 2086 2360 2146 somiglianza del personaggio che vuol
1667 2121 2351 2187 mare.
1662 2181 2354 2224 a filisteo, sebbene ormai possa esser
1662 2218 2358 2254 largamente soddisfatta dalla fotogra¬
1667 2250 2360 2294 fla, può conferire un certo valore ad
1664 2282 2360 2328 un ritratto che, dal punto di vista
1662 2317 2360 2356 dell'arte, non ne avrebbe forse nessu¬
1662 2354 2363 2399 no: difatti se l'effigiato è una gran¬
1662 2388 2356 2430 de personalità della politica, dell’ar¬
1667 2423 2365 2462 te, della scienza, quella somiglian-
1664 2457 2354 2501 za, riconosciuta dai contemporanei,
1662 2490 2358 2529 può assumere pei posteri l'importan¬
1664 2524 2356 2572 za di un documento storico-culturale.
1692 2559 2361 2591 E stata evidentemente spirata a
1662 2588 2360 2641 simili considerazioni l'idea di aprire
1662 2628 2360 2672 l'esposizione del ritratto contempo¬
1662 2662 2358 2702 raneo austriaco che si può vedere at¬
1659 2695 2360 2732 tualmente al Kunstlerhaus, Sono
1659 2729 2360 2766 450 ritratti che ci fanno conoscere i
1667 2757 2363 2807 maggiori esponenti dell’arte, della
1667 2794 2363 2842 politica, della scienza e della società
1667 2831 2356 2870 di Vienna. Il successo di pubblico à
1667 2861 2354 2911 grande, che ognuno, come naturale.
1667 2898 2365 2946 desidera vedere che faccia abbia il
2485 2914 2969 2973 Wilhelm Viktor Krausz:
1673 2930 2356 2978 personaggio di cui tante volte ha
2554 2955 2914 3022 Arthur Schnitzler.
1673 2964 2360 3008 sentit parlare, oppure vuol giudicare
1667 2997 2356 3043 fino a qual punto e riuscito il ritratto
2383 3003 3070 3068 scientifici necessari al loro utile ma¬
1667 3031 2319 3080 di una persona da lui conosciuta.
1703 3057 3064 3110 Anche per noi la visita non è sgra¬ poco allegro mestiere: infine l’eser¬
2386 3094 3061 3140 cito enone della media borghesis
1671 3102 2360 3144 devole sebbene un po faticosa ; e
1676 3126 3066 3177 davvero anche se il livello artistico che ostenta dal catalogo i suoi titoli,
1673 3162 3068 3213 non sia eccessivamente basso à pure dal ritratto il tranquillo oroglie
1680 3197 3061 3246 sempre difficile discernere fra questi della buona posizione conquistata,
1667 3225 3057 3280 quattrocentocinquanta ritratti i pochi che le di diritto al rispetto e alla
2386 3264 3056 3329 considerazione det più. Quanti Ho
2383 3303 3054 3345 frat, Kommerzialrat, Baurat
2383 3336 3070 3398 Medizinalrat Dio mio ci sono à
2386 3374 2535 3416 Vienna!
2407 3388 3070 3442 V’ poi una saletta che davero
2381 3437 3063 3476 un poema: dominata dal busto del
2377 3471 3070 3524 borgonastro Seitz à tutta riservata
2381 3504 3070 3547 agli Stadträte, agli eroi cioè del
2381 3536 3070 3580 Comune rosso. Evidentemente essi de
2377 3571 3066 3610 siderano tramandare ai posteri le
2377 3603 3070 3646 loro sembianze e perpetuare con esse
2377 3640 3075 3679 il ricordo del governo che han fatto
2377 3674 3073 3709 della città. Ma i ritratti, che fissano
2420 3707 3073 3752 loro lineamenti per lo più semiti
2377 3737 3066 3774 di borghesi ben sistematie ambitio¬
2374 3773 3073 3812 si, tradiscono i loro veri sentiment
2367 3806 3070 3852 meglio della critica più feroce. Ed io
2372 3840 3068 3880 proporrei che i cittadini di Vienna,
2377 3873 3066 3918 tanto tartassati e impoveriti dai pa-
2381 3909 3070 3949 zeschi esperimenti e dal malgoverno
2381 3944 3073 3985 di questi rossi borghesi, facessero un
2377 3978 3073 4016 ultimo sforzo, e acquistassero in
2377 4006 3075 4055 blocco la sala per poterla trasportar
2381 4045 3070 4084 di peso in qualche museo, dove po¬
2381 4071 3077 4121 trebbe ricordare ai nepoti uno dei
2377 4108 3052 4151 più tristi periodi della città. E si¬
