3344 4352
1159 285 1581 374 box 44/5
111 284 969 379 13. Miscellaneous
457 1721 1448 1816 Beleuchtung von diesseitigen.
463 1795 1638 1860 schön. An sommerlichem Durst hat es den Leuten auch
460 1845 1635 1915 nicht gefehlt und so kamen wohl auch die Gastwirte auf
463 1894 772 1961 ihre Rechnung.
546 1916 1640 2018 Hard, 15. August. (Besuch des Ravensbur¬
463 1984 1634 2058 ger Vereins der Oesterreicher.) Gestern nach¬
457 2036 1640 2100 mittags traf der Verein der Oesterreicher in Ravensburg
463 2081 1640 2144 zum Gegenbesuche der Harder Bürgermusik hier ein. Der
463 2125 1637 2187 Verein wurde von der Bürgermusik in Uniform emp¬
470 2166 1634 2237 fangen und unter den Klängen einiger flotter Märsche
469 2212 1640 2274 zum Gasthaus zum Schiff geleitet. Hernach sammelte man
472 2258 1643 2323 sich in den Löwensälen, wo die Harder Bürgermusik zu
472 2304 1643 2365 Ehren der Gäste ein sehr gutes Konzert gab. Die Löwen¬
475 2350 1647 2412 säle waren gedrängt voll, ein Zeichen, wie willkommen
472 2391 1634 2452 die Gäste waren. Im Namen der Bürgermusik Hard be¬
472 2440 1650 2498 grüßte Gebhard Witzemann den lieben Besuch, wofür
466 2478 1647 2532 der Vorstand des Ravensburger Vereins, Siegl, in
472 2518 1649 2582 herzlichen Worten dankte und an die alte Freundschaft
469 2577 1646 2626 der Vereine erinnerte. Im Saale herrschte bald eine sehr
472 2616 1647 2674 lebhafte Feststimmung, wozu das flotte Spiel der Kapelle
469 2653 1646 2724 unter Kapellmeister Bruno Neurauter sehr viel bei¬
469 2705 1646 2753 trug. Das schönste des ganzen Nachmittags waren die
472 2739 1643 2810 Kindertänze der Kinderschuhplattlergruppe des Vereines,
478 2783 1646 2845 etwas ungemein Reizendes und Schönes; kein Wunder,
475 2833 1647 2889 daß die Gruppe mit den putzigen Kleinen, die übrigens
478 2873 1644 2937 ihre Sache wirklich tadellos meisterten, brausenden Beifall
481 2916 1649 2977 erntete und manchmal noch Dreingaben machen mußte.
479 2958 1647 3021 So flossen die Stunden unter frohem Sang, Musik und
487 3005 1649 3065 Becherklang sehr rasch dahin. Ueberall hörte man das
469 3055 1652 3111 Lob unserer schönen Bodenseeheimat mit dem blauen See
473 3092 1646 3154 im Kranze der ewigen Berge. Bald mußte man an den
475 3136 1646 3204 Abschied denken, der wohl manchen schwer fiel. In die
484 3182 1649 3253 zahlreichen Abschiedsgrüße mischten sich die herzlich ge¬
475 3222 1655 3283 meinten Wünsche auf ein baldiges Wiedersehen und einen
479 3268 1655 3332 Besuch in der schönen Welfenstadt in Oberschwaben. Man
475 3320 1650 3377 konnte hier wieder so recht beobachten, daß der Oester¬
481 3361 1656 3425 reicher im Ausland immer sein Oesterreichertum hochhält
481 3404 1653 3471 und nie verleugnet. Auch die zahlreich anwesenden Reichs¬
484 3444 1652 3515 deutschen betonten immer wieder die alten, freundnach¬
475 3487 1661 3555 barlichen Beziehungen der Bodenseegestade. Echt ale¬
1696 1732 2848 1829 heimischen Kosten ein
1693 1814 2860 1875 vertonte Ballade Rilkes „Weise von Liebe und Tod“.
1699 1857 2855 1918 Andergassen findet im Wiener Sender innerhalb eines
1706 1899 2867 1968 Jahres schon zum zweitenmal Berücksichtigung. Das ist
1693 1948 2875 2004 ein nicht zu unterschätzender Erfolg, besonders da man
1699 1989 2870 2051 weiß, wie gerade Wien für die Provinz oft sehr wenig
1693 2032 2864 2095 übrig hat. Ueber die Ballade hat übrigens der in Wien
1699 2081 2858 2144 lebende Tondichter und Musikkritiker Lechthaler seiner¬
1702 2135 2464 2190 zeit ein glänzendes Urteil abgegeben.
1779 2165 2867 2258 Tilisunahütte, 14. August. (Einen seltenen
1699 2243 2869 2302 Besuch) erhielten wir in den letzten Tagen. Es kommt
1698 2285 2866 2342 nicht allzu oft vor, daß ein Fünfundsiebzigjähriger zu uns
1699 2329 2866 2391 herauskommt, rüstig wie ein Junger die Sulzfluh besteigt.
1708 2379 2872 2431 Es war der Dornbirner Michel Ulmer, der mit seinen
1705 2416 2864 2474 beiden Begleitern schon eine längere Tur hinter sich hatte
1705 2459 2872 2521 Von Brand aus hatten sie über den Leiberweg die Schesa¬
1699 2502 2875 2580 plana bestiegen, waren über die Douglashütte Oefenpaß
1729 2554 2872 2609 Lindauer Hütte Bilkengrat gewandert und frisch und
1708 2592 2855 2650 munter hier angelangt. „Der Michel geht wie ein Gams
1708 2632 2864 2696 behaupteten seine Begleiter. Das ist wirklich ein benei¬
1704 2688 2192 2746 denswert schönes Alter.
1791 2728 2873 2801 Dalaas, 14. August. (Unfall im Gipswerke.)
1708 2784 2870 2847 Vorgestern nachmittags wurde der im Gipswerke Dalaas
1705 2833 2873 2891 der Firma Hilti & Co. beschäftigte, 44 Jahre alte Vor¬
1711 2884 2873 2932 arbeiter Leo Konzett aus Dalaas von einem abrollen¬
1705 2918 2867 2983 den, 150 Kilogramm schweren Gipsstein am linken Fuße
1708 2963 2876 3036 getroffen, wodurch er eine Queschtung und möglicherweise
1711 3006 2878 3064 auch einen Wadenbeinbruch erlitt. Konzett wollte den
1711 3049 2878 3111 Stein nach vorausgegangener Sprengung zum Abrollen
1714 3099 2666 3157 bringen, doch löste er sich früher als vermutet.
1797 3215 2872 3289 Bei Erkältungen, Grippe, Halsentzündung, Mandel¬
1720 3274 2884 3339 schwellung, sowie Nervenschmerzen und Gliederreißen tut
1720 3315 2872 3376 man gut, mit einem halben Glas natürlichen „Franz¬
1720 3360 2882 3428 Josef“=Bitterwasser für tägliche Darmentleerung zu sor¬
2773 3403 2878 3477 196
1720 3419 2632 3499 gen. Erhältlich in Apotheken und Drogerien.
3009 1829 3256 1884 Gleich nach
2932 1856 3268 1928 fährlichen Angriff
2923 1911 3274 1968 stand gebracht wie
2923 1961 3271 2021 Platzherrn bracht
2926 2002 3252 2061 Erfolg. Die 2.
2926 2050 3261 2109 Strafstoß wegen
2926 2085 3268 2141 merle glänzend
2918 2140 3274 2189 des rechten Läufe
2926 2178 3265 2240 Künz scheint
2926 2221 3255 2285 Trotzdem hält er
2926 2265 3272 2328 glänzend in Scha¬
2923 2310 3271 2366 Lustenau wieder
2926 2357 3272 2416 von R. Fitz ge¬
2923 2400 3274 2459 den von Riem
2926 2444 3268 2505 Tor gelenkt. Nu¬
2926 2490 3261 2548 Torman erneut
2923 2530 3277 2595 erzwingt R. Gra¬
2923 2576 3256 2635 der 12. Minute
2923 2617 3258 2678 wurde es wegen
2926 2663 3274 2724 noch ist das Zusa
2938 2703 3255 2770 spiel viel zu hoc
2935 2752 3274 2805 seiner Gefährlich¬
2934 2795 3268 2854 Ecke, und wird de
2934 2836 3271 2900 rettet der Salzbu
2928 2887 3264 2943 mit großem Beif
2929 2929 3256 2987 neuerdings zwei
2929 2972 3264 3031 mannschaft macht
2928 3017 3275 3080 Einschnürung de
2935 3058 3240 3119 genden Minute
2932 3105 3283 3160 verletzt und schei¬
2938 3148 3252 3209 Ueberlegenheit
2935 3196 3255 3250 Salzburg muß
2935 3228 3268 3296 griffe zu erwehr
2929 3281 3261 3343 bringt R. Gra
2935 3324 3274 3383 gefährlicher, und
2929 3369 3268 3425 zurück ins Feld,
2932 3416 3228 3477 mann erhascht.
2929 3459 3213 3536 Zeichen große
