3392 4352
1196 250 1625 348 box 44/5
158 251 1025 372 13. Miscellaneous
480 1165 1279 1252 „OBSERVER
567 1251 1237 1308 1. österr. behördl. konzessioniertes
543 1302 1264 1365 Unternehmen für Zeitungs-Ausschnitte
596 1353 1204 1436 WIEN, I., WOLLEILE 11
671 1415 1139 1470 TELEPHON R-23-0-43
468 1525 1237 1680 Ausschnitt, Anschaft Wien
718 1714 1177 1833 30 Nov. 1852
482 1767 617 1850 vom
396 1920 1497 2003 (Ankauf von Kunstwerken durch die Ge¬
310 1990 1497 2047 meinde Wien.) Der Gemeinderatsausschuß für allgemeine
299 2035 1497 2099 Verwaltung hat in seiner letzten Sitzung aus dem vom Ge¬
304 2087 1497 2142 meinderat der Stadt Wien gewidmeten Kredit zur Förderung
301 2122 1500 2188 der Gegenwartskunst auf Grund der Vorschläge des aus neun
306 2176 1497 2238 Künstlern bestehenden Beirates eine Anzahl von Bildern und
319 2217 1500 2277 Plastiken um den Preis von 40,700 S für das Museum
301 2274 1507 2322 der Stadt Wien angekauft. Folgende Kunstwerke sind
299 2319 1496 2385 erworben worden: Wilhelm Fraß, weiblicher Torso aus
301 2354 1497 2417 Kärntner Marmor: Paris Gütersloh, Oelbild „Landschaft in
301 2411 1497 2470 Cagnes; Josef Riedl, Torso in Marmor; Edwin Grienauer,
301 2452 858 2515 Bronzeplastik „Primavera
908 2459 1493 2516 Anton Hanak, Marmorkopf:
307 2498 1503 2569 Josef Humplik, Bronzebüste „Frau Hildegard Jone"; Fritz
316 2549 1496 2608 Wotruba, überlebensgroßer Akt in Stein „Hockender Jüng¬
301 2592 837 2653 ling“; Michael Drobil,
886 2599 1497 2661 Bronze=Knabenfigur; Rudolf
306 2644 1502 2707 Boettger, Zeichnung „Professor Robert Heger"; Georg
301 2686 1511 2747 Mayer=Marton, Oelbild „Slowakische Landschaft mit
309 2738 1491 2801 Feldern“; Alfred Wickenburg, zwei Aquarelle „Gelbe Tulpen"
301 2790 888 2838 und „Die zwei Marien"; W.
920 2790 1494 2847 V. Krausz, Porträt Artur
306 2831 1482 2897 Schnitzlers; Karl Stemolak, Bronze „Bewußte Schönheit
299 2884 1497 2954 und K. Strobl, zwei Zeichnungen „Burgenland“ und „Neu¬
295 2915 596 2984 siedl am See".
2084 856 2449 992 GRATIS
1883 969 2668 1103 „OBSERVER
1972 1070 2623 1153 I. österr. behördl. konzessioniertes
1940 1121 2662 1198 Unternehmen für Zeitungs-Ausschnitte
1996 1183 2589 1264 WIEN, I., WOLLEILE 11
2068 1242 2513 1311 TELEPHON R 23-0-43
1857 1344 2226 1436 Ausschnitt aus:
2142 1472 2444 1570 Der Tag, Wien
1857 1574 1990 1660 vom
2099 1588 2549 1708 30. HOV. 1932
1806 1773 2694 1865 Die Kunstförderung durch die Stadt
2182 1838 2336 1913 Wien
1896 1896 2616 1982 Ankauf von Kunstwerken um mehr als
2099 1961 2408 2039 40.000 Schilling,
1908 2021 2685 2089 Der Gemeinderatsausschuß für allgemeine
1817 2060 2686 2137 Verwaltung hat in seiner letzten Sitzung aus
1812 2119 2685 2190 dem vom Gemeinderat der Stadt Wien gewid¬
1811 2173 2688 2239 meten Kredit zur Förderung der Ge¬
1812 2226 2682 2297 genwartskunst auf Grund der Vorschläge
1811 2271 2679 2336 des aus neun Künstlern bestehenden Beirates
1808 2322 2685 2390 eine Anzahl von Bildern und Plastiken um den
1811 2366 2679 2441 Preis von 40.700 Schilling für das Mu¬
1824 2414 2513 2486 seum der Stadt Wien angekauft.
1853 2461 2682 2536 Folgende Kunstwerke sind erworben worden:
1814 2515 2679 2581 Wilhelm Fraß, weiblicher Torso aus Kärntner
1786 2602 2655 2683 Marmor: Paris Gütersloh, Obbild: „Land¬
1795 2659 2655 2724 schaft in Cagnes"; Josef Riedl, Torso in Mar¬
1786 2706 1886 2768 mor:
1946 2715 2655 2783 Edwin Grienauer: Bronzeplastik
1786 2750 2647 2837 Primavera; Anton Hanat: Marmorkopf:
1789 2796 2652 2884 Josef Humplik: Bronzebüste „Frau Hilde¬
1785 2858 2652 2926 gand Jone"; Fritz Wotruba: überlebensgroßer
1780 2909 2650 2980 Akt in Stein „Hockender Jüngling; Michael
1783 2950 2643 3027 Drobil, Bronze=Knabenfigur; Rud. Boett¬
1785 2998 2640 3075 ger: Zeichnung „Professor Robert Heger";
1785 3046 2643 3118 Georg Mayer=Marton, Olbild „Slowaki-
1774 3094 2643 3177 sche Landschaft mit Feldern“; Alfred Wicken¬
1782 3147 2649 3213 burg: zwei Aquarelle „Gelbe Tulpen" und „Die
1774 3204 2646 3272 zwei Marien"; W. V. Krausz: Porträt Artur
1777 3245 2638 3325 Schnitzler. Karl Stemolat: Bronze
1773 3300 2640 3362 „Bewußte Schönheit" und K. Strobl, zwei
1777 3343 2649 3416 Zeichnungen „Burgenland“ und „Neusiedl am
1773 3385 1890 3451 See".
