3344 4352
131 282 268 399 13.
308 287 975 392 Miscellaneous
335 1087 1018 1226 GRATIGRATIS
256 1221 1037 1322 „OBSERVER
344 1298 999 1367 I. österr. behördl. konzessioniertes
311 1353 1037 1424 Unternehmen für Zeitungs-Ausschnitte
378 1412 968 1489 WIEN, I., WOLLEILE 11
447 1475 903 1525 TELEPHON R-23-0-43
249 1594 605 1685 Ausschnitt aus:
284 1666 846 1790 Die Stunde, en
543 1788 841 1905 6.6.1952
256 1814 390 1902 vom
251 2043 1073 2134 Keine Kursänderung im
483 2120 846 2223 Pen-Klub
268 2192 1090 2273 Da in der letzten Generalversammlung des
225 2254 1090 2314 Pen-Klubs Felix Salten seine Stelle als
234 2304 1085 2357 Vorstand niedergelegt hat, entstanden ver¬
227 2342 1097 2402 schiedene Gerüchte, wonach der durch Felix
227 2392 1087 2457 Salten in dieser Vereinigung geistiger Ar¬
227 2440 602 2512 beiter eingehaltene
378 2459 939 2557 freiheitliche Kurs gefährdet
227 2529 1092 2598 sei. Wie wir nun von seiten der gegenwärti¬
227 2586 1092 2651 gen Leitung des Klubs erfahren, beruhen
225 2624 1095 2679 diese Versionen nicht auf Richtigkeit. Die
225 2672 1095 2734 Besetzung der Stelle eines Vorstandes wird
234 2717 1092 2772 nämlich statutengemäß alljährlich vorge-
234 2758 1095 2813 nommen, wobei eine Bestimmung existiert,
227 2801 1097 2856 daß nach zwei Jahren eine Wiederwahl der
234 2846 1097 2899 betreffenden Persönlichkeit ausgeschlossen
234 2890 1097 2944 sein soll. In Anbetracht der besonderen Ver¬
234 2928 1092 2988 dienste aber, die sich Felix Salten im Laufe
234 2978 1104 3031 der letzten Jahre um die Organisation des
232 3021 1102 3074 Pen-Klubs erworben hat, wurde er kürzlich
227 3066 1097 3124 als Nachfolger Arthur Schnitzlers zum
380 3114 946 3193 Ehrenpräsidenten des Klubs
234 3155 1097 3231 ernannt. Da die Stelle des Ehrenpräsidenten
234 3212 1104 3272 zeitlich unbegrenzt ist, ist der leitende Ein¬
237 3258 1097 3310 fluß Felix Saltens auf die Geschicke des
232 3298 1097 3360 Pen-Klubs auch für die kommenden Jahre
234 3346 1102 3408 gesichert. Es ist sachlich alles vorgesorgt,
234 3384 1097 3437 daß der Pen-Klub auch weiterhin auf der
232 3437 1104 3516 bisherigen geistigen Linie bleibt. Wie wir
232 3487 416 3544 erfahren,
275 3506 1056 3607 dürfte von der Neuwahl eines Vorstan-
272 3595 1052 3666 des vorläufig überhaupt Abstand genom¬
535 3635 805 3697 men werden,
239 3657 1099 3748 so daß die Leitung des Klubs auch weiter¬
237 3728 1097 3814 hin in den Händen Felix Saltens und
237 3781 822 3848 Grete Urbanitzkys läge.
1169 282 1597 385 box 44/5
1420 1059 2220 1171 OBSERVER
1518 1154 2173 1207 1. österr. behördl. konzessioniertes
1484 1195 2206 1262 Unternehmen für Zeitungs-Ausschnitte
1551 1248 2134 1336 WIEN, I., WOLLEILE 11
1628 1314 2075 1367 TELEPHON R-23-0-43
1422 1424 1781 1522 Ausschnitt aus:
1850 1527 2294 1647 burger Volksblatt.
1424 1661 1561 1735 vom
1905 1666 2273 1776 1. JULI 1932
2576 1656 3296 1859 ende de des ange¬
1384 1809 2545 1902 Oesterreichs Bildniskunft der Gegenwart
2579 1833 3162 1902 weit einheitlicher und gereifter.
2641 1895 3291 1948 Aus der Fülle greifen wir heraus
1570 1895 2380 1967 Zur Ausstellung im Wiener Künstlerhaus.
2636 1943 3291 2015 Wilhelm Viktor Krauß genialisch
1448 1955 2548 2024 Wieder offenbaren sich Reiz und Zwiespalt jeder Bildnis¬
2576 1988 3279 2043 Arthur Schnitzler, Rudolf Böttgers
1386 2024 2543 2075 kunst: Spiegel zweier Persönlichkeiten zu sein: Des Dargestell
2576 2034 3291 2103 in bestem traditionellen Stil, Albert
1384 2075 2543 2127 ten und des Darstellenden. Je mächtiger der schaffende Künst
2584 2094 3289 2151 gründliche Arbeit. Heinrich Krause un
1386 2120 2555 2175 ler als Medium ist, um so subjektiver wird er sich seines Model¬
2576 2134 3296 2189 malerische Lösungen und Josef Dobro¬
1384 2168 2543 2220 les bemächtigen, um so souveräner mit dem Gegebenen schalten
2576 2189 3284 2247 bildnisse in effektvoller Mischung von
1389 2216 3277 2302 freilich nur, um einer größeren Objektivität, einer Ähnlichkeit rierter Mondänität. Ferdinand Kitt
1386 2263 2550 2325 im höheren Sinne Raum zu geben. So aber kann es kommen,
2579 2285 3281 2335 dekorativen Malweise besonders dort
1384 2309 2553 2368 daß das „auf den ersten Blick“ unähnliche Bild das Wesen
2579 2330 3296 2392 humorvoll wirken kann. Bestes schufe
1384 2357 2543 2412 des Porträtierten am besten spiegelt, am vollkommensten er
2572 2385 3298 2450 und Sergius Pauser, ersterer in kühne
1396 2409 2553 2464 faßt; so kann es aber auch kommen, daß die Allgemeinheit,
2576 2428 3298 2488 teske, vor allem aber auch in dem pa
1384 2459 2545 2517 die immer noch zunächst photogre hische Ähnlichkeit fordert
2576 2478 3291 2529 Porträt einer japanischen Dame, von
1386 2502 2550 2557 mit negativem Urteil nur zu schnen bei der Hand ist, wenn
2579 2517 3281 2579 fernöstlicher Mischstimmung, letzterer
1379 2555 2548 2615 die Reproduktion des Gesichtes mehr von dem erfüllt erscheint,
2574 2569 3301 2627 den Damen- und Kinderbildnissen, we
1379 2603 2433 2679 was einer wirklich ist, als von dem, was einer vorstellt.
2572 2617 3298 2672 dringung der Männerköpfe um so freu¬
1444 2658 3298 2729 Das Wiener Künstlerhaus zeigt in umfassender Schau Alfred Gerstenbrand tobt sich in kecker
1391 2691 3301 2768 (457 Katalognummern!) österreichische Bildniskunst aus; trefflich die monumentale Karika
1384 2765 3298 2815 der Gegenwart. Malerei wie Plastik jeglicher Technik, Hand Max Oppenheims, sicher und star
1391 2813 2548 2863 jeglichen Formates. Man stellte die Veranstaltung auf breiteste
2574 2815 3301 2868 Georg Peretz. Die Zeichnungen Vikt
1389 2863 2541 2916 Basis, so daß diese Gegenwart auch reichlich retrospektiv wirkt
2576 2863 3296 2918 sind so vornehm und still, daß sie, glei¬
1396 2906 3296 2964 so stark, daß, was wir als porträtistisches Gegenwartsempfin¬ handelten Damengemälde, um so tiefe
1386 2961 2543 3019 den im engeren Sinne ansprechen, numerisch empfindlich
2584 2961 3298 3023 Plastikern betört wieder Gustinus Ar-
1384 3007 2541 3062 zurücktritt. Haltung und Ähnlichkeit herrschen, sehr zum Ge¬
2574 2999 3289 3064 petuose technische Virtuosität, Wilhelm
1384 3052 2543 3107 nügen der eifrigen Besucher und der Dargestellten, vor, und
2572 3057 3286 3129 Kraft, Josef Humplik zumal durch seine
1384 3097 2545 3164 Witz und innerliches Erfassen, dem ja deshalb die physische
2576 3107 3291 3160 sam bewegte weibliche Terrakotta.
1386 3148 2543 3210 Kongruenz nicht ermangeln muß, bilden die um so wertvollere
2574 3157 3301 3212 in überbarocken Drang, wie er in ant
1384 3198 2543 3258 Minderheit. Unter den Dargestellten fehlt nicht Prominenz,
2572 3200 3279 3274 weiß; mit Recht erhielt er die Große
1379 3243 3301 3301 noch Beliebtheit, noch, der sich zu dem einen oder anderen zählt für die Gesamtheit. Siegfried Charoux
1384 3298 3298 3368 und dem der Wiener so reizend Adabei nennt. In diesem talisierten Gandhi und Stalin in typisch
1384 3344 2545 3403 Lager ist derzeit österreich, besser gesagt, Wien, denn die
2624 3348 3298 3401 Die 53. Jahresausstellun¬
1386 3391 3296 3451 Bundesländer sind leider, wie später gezeigt werden wird, nur nur ein Annex der „Bildniskunst" und
1384 3444 2541 3497 recht wenig berücksichtigt. Die Wiener Porträtisten sind voll¬
2567 3437 3305 3523 diesem kleinen Rahmen fühlt man Hans
1391 3489 2543 3544 zählig vertreten, allzu vollständig. Das Opus spannt sich vom
2574 3489 3301 3547 Sommerszenen, Otto Herschels pastel
1393 3542 2541 3604 dunkeltonigen, musealen Ehrenbild des h. c. über frei gelöste
2576 3542 3296 3616 Josef Jungwirths flotte, wenn auch et
1386 3585 3296 3676 Fassungen bis zur monumentalen Karikatur und zu groteskem Reisebilder und Rudolf Weißhappel
