3392 4352
168 270 295 386 13.
1216 275 1641 366 box 4476
444 289 1027 379 nous
506 762 1029 874 Algemeen Handelsblad
637 831 1315 985 Amsterdam AB.
1509 2081 2280 2162 het eerste (de worstes) worden in het
637 2076 736 2163 HE
817 2082 900 2170 UR
1027 2078 1160 2168 EATE
1438 2144 2277 2196 te dens de pauze eigenhändig, das zon¬
1402 2190 2274 2242 der unter umiddel van vork of me
1407 2236 2280 2284 nuttig — ook geschiedkundige oorsprungen
728 2203 1317 2288 Het „Theater nächst d. Burg.
728 2274 1373 2323 Het oude Burgtheater. — De censeur.
1409 2284 2282 2339 van het Weensche concel erklaren kan.
751 2317 1367 2386 Het nieuwe gebow. Burgschau¬
1410 2316 2280 2367 Want de derde zyde van den drichoek, die
726 2359 883 2427 spieler.
1404 2368 2274 2419 door den Italiaanschen „Pulcinella", den Fran¬
1410 2408 2280 2465 schen Polichinelle en den Weenschen „Hans
893 2415 986 2500 XV.
1410 2454 2280 2511 Wurst sloten wordt, leverde gedurende
1404 2499 2277 2547 lange jaren een hechte basis voor het sappig¬
578 2494 1367 2562 ET de Opera behoort het Burgtheater
1417 2542 2282 2597 jolige Weensche volkstooneel. De door den
504 2553 1369 2624 meer dan anderhalve ceu tot den trot¬
1407 2583 2282 2638 voortreffelijken Hans Tietze nieuw ontdekte
613 2601 1367 2653 van Weenen, Muzek en theater", zu
1407 2629 2282 2678 Lady Montagne geeft in haar mit het jaar
493 2632 1364 2690 het operatoonce of gesproken comedie, het
1413 2672 2282 2725 1716 gedateerde memoires dan ook over het
504 2691 1369 2744 behoort nu eenmaal tot de saken, die tezamen
1417 2719 2280 2772 Weensche tooneet en wel op oud-Engelsche
497 2734 1364 2786 met geurigen win. Weensche culinaire pro¬
1410 2766 2249 2825 the trug te voeren afkeuren oordeel
497 2775 1364 2836 ducen en las not least le onbetwistbare
1413 2811 2286 2867 „de dichter had de vrijheid genomen zijn stuk
500 2827 1367 2876 voordeelen un charme, lieftallighed en vroo-
1410 2849 2274 2900 niet slechts met onatsoenlyk itdrukkin¬
500 2864 1367 2920 like otheid der Woche zwakke sexe, het
1417 2897 2282 2949 gen te spekken, maar ook met zoo grove
504 2913 1369 2959 leven op deze sombre aarde zoo aannemel
1405 2946 2280 3000 woorden, als ons lagere volk niet eens bi cer¬
497 2956 1367 3010 maken, dat in laatste instantie aan de oeste
1407 2985 2267 3046 marktschreuer door de vingers zu zien
504 3001 1367 3056 melanchollen de traurighed ontnomen wordt
1476 3031 2280 3086 man verklaart toch tegelikertad no
497 3043 1367 3094 en er niet anders overblüft, dan zijn entu¬
1407 3076 2286 3126 noot in haer leven zoo gelachen te hebben.
500 3091 1364 3145 siasme te beleugelen aan de innig geliefde
1413 3119 2282 3170 Mlady, wy zyn w gehoorzame dienaar en
504 3133 1367 3185 „Heimatstadt", Toone events muzek, het la
1410 3159 2178 3214 onthouden ons van verder commentar.
500 3183 1371 3233 en was voor den rechtgenurden Werner een
1449 3209 2281 3272 De oorspronkelijke Hans Wurst, proto¬
504 3220 1373 3274 niet minder noodzakelijke even behoefte dan
1417 3261 2280 3313 type van de naar Weenschen anit vermaakte
504 3267 1369 3315 een pp vooren Engelschman, macarons voor
1407 3307 2280 3356 of opneu gemaakte Commedio del Arte".
494 3306 1364 3358 en Italiaan en een blasorkes voor een Dult¬
1407 3348 2286 3399 waar aan het improviseerend element, dat
504 3353 1361 3404 scher. Ons nuchtere Westen kan er sich let¬
1413 3389 2277 3441 onze dagen zoowel op tooneel als muckge¬
500 3399 1367 3443 terlijk geen voorstelling van maken wat voor
1413 3434 2277 3487 bled met zoo souvereine minachting verwar¬
504 3443 1373 3505 verment te Weenen een première in de
1407 3485 2274 3537 loozen, een belangrike rol werd to bedeeld,
504 3479 1364 3545 „Burg" of het optreden van een nieuwen te¬
1410 3525 2277 3583 heette eigen Stranitzky. He was in 1676
499 3545 1373 3586 nor in de Opera beteekent. Het Romelische
1417 3571 2280 3624 in Stiermarken geboren, kam in 1705 naar
504 3570 1373 3632 brooden spelen is in het Weensch dan ook
1417 3614 2280 3673 Wenen en vervulde in simultaan arbeid de
500 3617 1367 3683 slechte te vertalen door Würscht und Thea¬
1410 3663 2280 3706 oogenschnik wenig samenhangende beroe¬
500 3668 593 3726 ter“.
1413 3706 2274 3759 pen van tandarten tooneselerschouw-
542 3680 1376 3761 Meer dan men denkt ovat deze spreu¬
1410 3739 2305 3812 burg-directeur. De Hans-Worst-figur in Wor¬
504 3752 1364 3830 een verband, dat behalve de matericele rela¬
3219 968 3327 1065 von
2318 1004 3184 1080 nen geintroduceert te hebben, behoort tot zijn
3219 1052 3323 1103 des
2315 1052 2808 1106 onuitischbare verdienste.
3209 1094 3323 1147 zing
2363 1101 3177 1158 Tusschen deze lumige Weensche volks¬
3213 1136 3323 1192 den 1
2315 1144 3182 1203 gur, die het Weensche toneet altyd voor een
3209 1182 3318 1238 onder
2315 1190 3175 1254 ver van den volksgest staande literatur¬
3210 1225 3318 1281 zeri¬
2315 1240 3175 1292 comede bewaard heeft en het drachtig klas¬
2321 1265 3318 1331 sicisme van het „Burgtheater", dat in zyn nach
3216 1311 3315 1366 maar
2318 1322 3172 1372 slechte den de kothurnen misbruck heeft
3216 1356 3317 1413 toone
2315 1373 3172 1430 om er in de prachtige jaren van bloet zijn for¬
3210 1389 3322 1453 tische
2313 1414 3182 1461 sche statigheid door te versteken, Ilgt ei¬
3216 1445 3322 1501 van
2315 1456 3182 1509 were van stillen, objecten, toone figuren
3213 1489 3320 1543 sprek
2317 1501 3165 1551 den het some of drama¬
3221 1531 3316 1582 1810
2318 1543 3173 1602 der voor het oude eenen beslissende 18de
3210 1563 3328 1632 het B.
2318 1583 2862 1645 eeuw zyn andere pool vindt.
3210 1622 3325 1677 recti¬
3209 1664 3310 1714 een
2361 1657 3178 1729 In die voor eenen zoo beflissende ceu
3216 1704 3316 1762 pend
2315 1724 3169 1779 kende men nog geen strenge schelding us
3213 1749 3331 1802 kleinz
2315 1765 3172 1816 schen Opera gehouw en Schouwburg voor ge¬
3209 1795 3328 1856 Oosten
2318 1808 3172 1859 proen comédie. Reeds in het jaar 1708 wa¬
3215 1841 3331 1894 met
2321 1854 3165 1908 onder leiding van den theater-architect Galli
2310 1886 3307 1961 Bibben een rum gehouw hoofdzakelijk voor later
3216 1929 3315 1988 mat
2315 1941 3169 1994 groote operas geopend, dat later nichts als
3219 1978 3313 2026 twee
2312 1986 3175 2035 redoutensaal, dus als huisvestung voor de
3210 2019 3336 2073 aan
2310 2032 3182 2078 ook nu nog te Weenen in carnaval dru¬
3209 2062 3332 2119 reerde
2321 2076 3175 2132 bezochte gemaakende bals gebreitet word. In
3213 2104 3336 2162 zouden
2318 2119 3169 2172 datzelfde jaar 1708, dat deze latere Redou¬
3218 2149 3331 2204 theate
2315 2160 3175 2209 tensaal geopend werd, sticht de stad Weenen
3210 2191 3328 2246 am
2315 2206 3175 2261 het Kärntner Tor-Theater. Von 1708 tot 1748
3216 2238 3325 2292 Volks
2315 2247 3169 2303 worden hier veel gesproken comedies opge-
3210 2279 3328 2331 den.
2325 2295 3169 2343 voerd, maar al spoedig eischen musikale tus
3216 2320 3334 2378 zy het
2318 2336 3175 2388 schenspelen hun plaats op en volgt weldre
3213 2363 3325 2418 ook
2315 2374 3178 2434 ook de opera. Wanneer in het groote Opera¬
3209 2404 3323 2461 Shake¬
3210 2454 3317 2511 onge¬
3216 2502 3317 2550 en
3218 2542 3320 2594 van
3210 2586 3302 2644 Gril
3210 3162 3292 3213 ut
3210 3206 3290 3256 nie
2446 3726 3036 3808 De kap in het Burgtheater.
