3344 4352
785 178 2790 287 Altarschihlers Müller.
1428 305 2078 414 Ein Gedenkblatt.
1700 405 1803 480 Von
1522 462 1993 565 Jenny Schnabl.
652 519 2954 652 Aus alten Briefschaften kam mir kürzlich eine verblichene Teilt und Rhythmus einhielt. Wie sie, liebte der Dichter die
1758 610 2948 670 Musik. Seine Musikalität durchklang seine Sprache in Vers und
550 610 1730 683 Ansichtskarte zur Hand mit der Unterschrift: „Luise Schnitzler"
1764 658 2948 722 Prosa wie eine leise Melodie. Und so manche seiner Gestalten,
550 673 1740 734 Die flüchtig hingeworfenen, wenigen Zeilen, die bei aller Kürze
1764 719 2957 770 wie der alte Musikant in „Liebelei“ oder der Freiherr Wogen¬
556 725 1740 782 ihre eigene Note hatten, ließen mir das Bild der Mutter Artur
1764 752 2948 849 thin und die schöne Anne seines Romans, sind mit ihren Ge¬
550 767 1733 824 Schnitzlers wieder aus der Erinnerung erstehen. Ich sah sie vor
1770 812 2150 882 schicken ihr verhaftet.
544 815 1749 873 mir: Das schmale, lebensprühende, geistreiche Gesicht mit den
1857 834 2948 918 An ihren kleinen musikalischen Abenden versammelte Frau
550 861 1740 921 klugen, durchdringenden Augen, die ganze zierliche, bewegliche
1758 909 2948 966 Schnitzler manchmal die Freunde ihres Sohnes um ihren gast¬
553 915 1081 991 Gestalt der verehrten Frau.
1761 957 2954 1021 lichen Tisch, von denen manch einer, damals noch ungekannt,
658 969 1736 1045 Eines Sommers zu Gossensaß im „Wielandhof“ wurde ich
1764 1003 2944 1066 später in die Unsterblichkeit einging. Einmal, als sich einige
544 1015 1733 1090 mit ihr bekannt und befreundet. Heiter, gesellig, vom Leben ganz
1764 1045 2944 1108 Gäste zum Abendessen bei ihr einfanden, kam die Rede au
550 1078 1740 1132 erfüllt, wie sie war, wurden bei dieser geistig hochstehenden Frau
1758 1093 2951 1163 das Theater und eine Schauspielerin, die in einem neuen Stück
538 1123 1730 1193 die Distanz der Jahre nicht fühlbar, obwohl ich dem Alters
1764 1145 2954 1205 auftrat und die Frau Schnitzler auf der Bühne und im Leben
544 1172 1733 1226 unterschied nach ihre Tochter hätte sein können. Die Frische und
1770 1190 2951 1253 sehr mißfiel. Sie äußerte sich nicht gerade schmeichelhaft über
538 1223 1746 1284 Jugendlichkeit ursprünglicher Naturen ging von ihr aus wie ein
1764 1241 2957 1305 sie, ohne zu ahnen, daß der neue Freund der Künstlerin, mit
547 1268 1736 1332 Fluidium. Nach Wien zurückgekehrt, lud sie mich zu sich und er¬
1764 1284 2948 1347 dem sie seit kurzem liiert war, sich unter den Anwesenden befand.
547 1323 1709 1374 widerte auch meine Besuche. An meinen Empfangstagen
1761 1341 2951 1401 Als ihr der Dichter nachher vorhielt, was sie angerichtet, ent¬
538 1359 1733 1425 damals „Jour benannt — kam sie immer am frühen Nach¬
538 1389 2957 1474 mittag als erster Gast, wo sie sicher war, mich noch allein an= gegnete sie schlagfertig: „Ja, lieber Artur, da mußt du mir eben
1758 1431 2951 1489 nächstens eine Liste der Freundinnen deiner Freunde geben,
544 1462 1733 1519 zutreffen. Diese Stunde im Gespräch mit Frau Professor
544 1480 2954 1558 Schnitzler hätte ich nicht missen mögen, denn sie hatte eine denn man kann wirklich nicht von mir verlangen, daß ich alle
1761 1522 2951 1589 ihre Beziehungen in Evidenz halte.“ Nach dem Sensationserfolg
538 1558 1736 1613 bezaubernd liebenswürdige Art zu plaudern, einfach, natürlich
1761 1579 2954 1634 der „Liebelei“ war der junge Dichter Mode geworden; Held
538 1607 1736 1658 unbeschwert, voll Geist und Humor. Die feine Ironie und
1761 1628 2954 1682 aller Salons, umworben und gefeiert von jungen Mädchen und
550 1646 1740 1706 skeptische Einstellung zu Menschen und Dingen mochte dem
1764 1667 2957 1733 Frauen, die geradezu einen Kult mit ihm trieben. Frau
547 1697 1736 1755 Dichter von ihr überkommen sein, ebenso seine divinatorische
1767 1718 2960 1779 Schnitzler wußte davon zu erzählen, bis zu welchem Grad der
544 1746 1736 1800 Beobachtungsgabe und jener Wirklichkeitssinn, der erst den
1761 1770 2960 1830 Aufdringlichkeit sich dieses Interesse für ihn äußerte. Sie, die
541 1794 1730 1851 visionären Dichter zum Gestalter, Menschenbildner macht. Si¬
1758 1812 2957 1884 Patrizierin von Haus aus, von alter Tradition, aus einem
553 1839 1733 1900 selbst stand auf festen Füßen im Leben. Mystik, subti¬
547 1860 2960 1945 Stimmungen — geheime Unterströmungen der Seele —, das anderen Milieu, hatte für diese losgebundenen Frauen nur eine
1761 1912 2063 1993 innere Abwehr.
550 1930 1733 1996 Schicksalhafte, Transzendente der Dichtungen ihres Sohnes
1869 1951 2957 2026 Endlich lernte ich dennoch Artur Schnitzler persönlich
538 1990 1042 2069 waren ihr fremde Bezirke.
1764 2014 2963 2072 kennen, und zwar in offizieller Sendung, im Auftrag des
646 2026 1740 2120 Dennoch war viel Gemeinsames zwischen Artur Schnitzler
1764 2069 2963 2120 Präsidiums des Vereins „Ferienheim“ zu ihm entsendet mit
535 2105 2966 2168 und seiner Mutter. Sie war ihm der beste Kamerad, Beraterin, der Bitte, zugunsten desselben am Vorlesetisch zu erscheinen.
538 2156 1743 2211 Publikum und Kritik zugleich. An dem Wendepunkt seines
1764 2165 2960 2217 An einem kalten Wintertag Ende Januar fuhr ich in die
532 2199 1733 2265 Lebens, als er die ärztliche Karriere aufgab und damit ein
1764 2208 2957 2265 Sternwartestraße zur Villa Schnitzler und übergab dem
544 2247 1736 2307 wohlfundierte Existenz, eine geebnete Laufbahn, die ihm in diesen
1761 2256 2957 2313 Stubenmädchen meine Karte. Ich wurde von dem Dichter
538 2298 1743 2356 Beruf als Nachfolger seines Vaters sicher gewesen wäre, stand
1770 2310 2960 2368 sofort empfangen mit einer warmen, ja herzlichen Freundlich¬
547 2353 2963 2416 sie ihm zur Seite. Sie empfand mit richtigem mütterlichem zeit, an der ich die Einführung durch die Wohlmeinung
538 2392 1746 2458 Instinkt, daß es aus innerster Notwendigkeit geschah. Sie erzählte
1767 2407 2966 2461 erkannte, die seine Mutter für mich hatte. Unter diesem
541 2443 1743 2501 mir einmal, in welch atemlos zitternder, tiefer Erregung sie
1773 2449 2963 2516 Zeichen ward ich nicht wie eine Fremde, sondern wie eine
550 2488 1730 2555 jedesmal bei der Premiere eines seiner Stücke im Hintergrund
1764 2501 2963 2558 lang Gekannte aufgenommen und saß bald behaglich in dem
541 2537 1740 2594 ihrer Loge saß. Welche Genugtuung für sie, als sich der Erfolg
1770 2549 2963 2612 schönen Raum seines Arbeitszimmers in einem bequemen
547 2582 1740 2652 früh und über alle Erwartung einstellte, als ihm im Jahre 1890
1764 2591 2963 2655 Armstuhl, installiert vor seinem Schreibtisch, in langwährendem
538 2639 1740 2694 der Bauernfeld=Preis und zur Komödie das „Zwischenspiel“ der
1767 2652 2963 2709 Gespräch, das, von Persönlichem ausgehend, Allgemeines
538 2673 1746 2739 Grillparzer=Preis verliehen wurde. Diese begnadete Mutter hing
1764 2700 2969 2763 streifte. Als ich endlich auf meine Uhr blickte, sah ich zu
541 2727 1740 2794 an ihren Kindern gleicherweise mit stolz beglückter Liebe. Ihr
1764 2745 2960 2809 meinem Schrecken, daß ich schon eine Stunde geblieben war;
541 2775 1736 2845 zweiter Sohn Professor Dr. Julius Schnitzler hatte als hervor¬
1761 2797 2966 2851 eine unvergeßbare, die wie ein Augenblick vergangen. Den
541 2821 1736 2899 ragender Kliniker und Chirurg einen bedeutenden Rus. Ihre
1770 2842 2963 2905 Zweck meiner Sendung hatte ich leider nicht erreicht, da der
538 2893 2899 2954 einzige Tochter Gisela — feinsinnig und gütig wie sie — hatte ihr Dichter zum anberaumten Termin der Veranstaltung
538 2920 1736 2987 Lebensglück als Gattin des weltberühmten Laryngologen
1764 2944 2969 3002 Brahm nach Berlin mußte, der sein neues Stück — wenn ich
547 2969 1746 3032 Professor Hajek gefunden. Nur ihr Sohn Artur stand noch im
2220 2984 2966 3047 „Komtesse Mitzi herausbrachte, um
1764 2993 2190 3044 mich recht entsinne¬
547 3014 1746 3080 Ringen mit seinem Genius, wie es jeder schöpferisch Berufene
1767 3032 2963 3099 seiner Erstaufführung beizuwohnen. Uebrigens war dem
547 3071 1740 3132 durchzukämpfen hat. Ihm konnte sie noch viel sein. Und das war
1764 3080 2972 3141 Verein seinerzeit die Begünstigung zuteil geworden, Szenen
538 3111 1743 3174 die stärkste Bindung. Er war es, der ihr Leben mitlebte, Mittel¬
2235 3138 2957 3192 und zwar „Abschiedssouper" und
1764 3135 2199 3198 aus dem „Anatol",
547 3162 1746 3228 punkt ihres Daseins war nach dem im Jahre 1893 erfolgten
1773 3177 2963 3240 „Weihnachtseinkäufe, zur Uraufführung bringen zu dürfen.
547 3207 1736 3274 Tod ihres Gatten, dessen Verlust sie nicht verschmerzte. Er
1770 3228 2963 3289 Sie fand im Rahmen einer großen Festakademie im Sophien¬
538 3256 1746 3331 wohnte während seiner Junggesellenzeit bei ihr, in ihrem schönen
1773 3286 2963 3343 saal statt, der bis zum letzten Winkel ausverkauft war, unter
550 3313 1743 3370 Heim in der Frankgasse mit dem Ausblick auf die grazilen
1764 3325 2957 3385 rauschendem Beifall und in glänzender Besetzung, von der
544 3352 1736 3422 Türme der Votivkirche. Dort begegnete ich ihm manchmal auf der
544 3373 2960 3473 Treppe, ohne daß er mich kannte. Wenn ich dann bei Frau mir noch Adele Sandrock und Leopold Kramer erinnerlich sind.
1863 3437 2954 3491 Noch einmal führte mich der Zufall im Sommer 1911
550 3455 1746 3518 Schnitzler eintrat, sagte sie: „Wie schade, eben ist mein Artur
544 3473 2960 3564 weggegangen" oder „Warum sind Sie nicht etwas früher ge¬ mit Frau Schnitzler in Gossensaß zusammen. Es war Anfang
547 3533 2954 3615 kommen, Artur war bis jetzt zu Hause, er hätte sich gefreut, Sie und Ende meiner Begegnung mit ihr, die sich dort wie in
547 3579 2954 3666 kennenzulernen." Das Klavier stand noch offen, auf dem Pult einem Ring zusammenschloß. Es war ihr letzter Sommer
1764 3627 2957 3690 gewesen. Noch vor Herbstbeginn, am 9. September 1911, schied
550 3639 1743 3709 war die Partitur der „Eroica“ aufgeschlagen. Sie war eine gute
550 3672 2957 3760 Pianistin, spielte mit ihrem Sohne viel vierhändig und übte mit sie dahin, im zweiundsiebzigsten Jahre ihres reich erfüllten
547 3724 2951 3832 rührendem Eifer wie eine Schülerin ihren Part, wobei sie streng Lebens. Die Leiden des Krieges und der Nachkriegszeit, der
1724 3796 2914 3884 Zusammenbruch des Reiches ist ihr erspart geblieben. Eine
1715 3863 2914 3932 denkwürdige Frauengestalt entschwand mit ihr jener Epoche,
1718 3917 2914 3977 die längst historisch geworden, deren spezifisches Oesterreichertum
1718 3968 2914 4029 und essentielle Geistigkeit, deren Gesellschaft und Mentalität
1724 4017 2908 4074 Artur Schnitzler in seinem Werke eingefangen. Diesem Werk,
1724 4065 2914 4125 das nun auch schon Kulturdokumen geworden. Von dem
1721 4104 2830 4189 Lorbeer seines Ruhmes sei ein Reis auf ihr Grab gelegt.
