3344 4352
114 305 265 397 13.
297 310 966 407 Miscellaneous
1150 300 1572 398 box 44/5
2011 419 2788 517 „OBSERVER
2099 518 2745 572 I. österr. behördl. konzessioniertes
2062 560 2772 623 Unternehmen für Zeitungs-Ausschnitte
2132 618 2703 683 WIEN, I., WOLLEILE 11
2200 683 2648 732 TELEPHON R-23-0-43
2008 812 2351 884 Ausschnitt aus:
2174 861 2763 957 Neue¬
2266 907 2785 996 ne re¬
2016 1017 2138 1095 vom
2296 982 2707 1122 2 JULI 1932
1930 1108 3013 1205 (Max Liebermann.) Heute dürfte das Postamt Wannsee
1816 1159 3010 1253 viel zu tun haben, und wer von den zahlreichen Freunden
1818 1249 3014 1306 und Verehrern des Malers nicht gerade schon im Gebirge
1827 1297 3013 1348 oder an der See ist, wird es sich nicht nehmen lassen, hinaus¬
1824 1337 3013 1397 zufahren, die kleine Gartenpforte in der Großen Seestraße
1824 1391 3016 1447 aufzuklinken und den Herrn des Hauses zu seinem 85. Ge¬
1824 1439 3016 1498 burtstag zu beglückwünschen. Im Garten wird der Flox
1824 1475 3014 1554 herrlich blühen, zwischen den bunten, taufrischen Beeten, auf
1825 1535 3019 1599 den säuberlichen Kieswegen wird Max Liebermann lust¬
1824 1583 3019 1637 wandeln und seine Zigarre schmauchen; die Hängematte, in
1830 1626 2504 1689 der einst „Die spielenden Kinder
2562 1634 3019 1688 saßen, ist auch da und
1842 1676 3023 1740 schwankt im leichten Winde, der vom See her fächelt... und
1833 1728 3016 1787 der kleine Dackel, der unzertrennliche Begleiter seines Herrn,
1833 1775 3025 1837 wird wie ein Geschoß im Garten herumrasen und heute
1837 1825 3028 1881 Feiertag haben. Auch Wien und Oesterreich darf unter
1830 1872 3028 1933 den Gratulanten nicht fehlen, ist doch Liebermann heute auch
1837 1918 3034 1987 das älteste Ehrenmitglied des Wiener Künstlerhauses, eine
1836 1968 3031 2023 seltene Würde, die ihm anläßlich seiner großen Aus¬
1839 2022 3035 2082 stellung 1929 verliehen wurde; Liebermann nimmt regen
1830 2070 3031 2125 Anteil an Wien und läßt sich stets gern berichten. Die
1839 2117 3028 2173 Oesterreicher Jettel und Charlemont waren seine besten
1833 2164 3034 2219 Freunde, die Lyrik Hoffmannsthals bereitet ihm frohe
1836 2213 3025 2272 Stunden, und Schnitzler schätzt er über alles. Liebermanns
1836 2255 3028 2320 überragende Stellung zu zeichnen, sein Werk zu schildern,
1836 2305 3017 2357 erscheint wohl überflüssig, es hieße nichts andres, als eine —
1833 2350 3025 2418 Bibliographie über ihn schreiben. Das wäre auch nicht
1833 2400 3031 2466 nach seinem Sinn zum 85. Geburtstag. Aber einige Anekdoten
1833 2453 3034 2514 aus seinem Leben zu erzählen, die vielleicht ihm selbst frohe
1836 2501 3034 2564 Erinnerung bedeuten, das zeichnet auch den Menschen Lieber¬
1836 2550 3034 2609 mann selbst am besten. Ein neuer Reicher wollte seine Frau
1839 2595 3035 2655 von Liebermann malen lassen und ersuchte ihn, sich vorher
1836 2646 3034 2706 die Wand anzusehen, an die das Bild kommen solle, damit
1839 2698 3035 2751 es sich gut einfüge. „Mach' ich nicht. Sie sollten sich lieber
1836 2745 3034 2802 um das Porträt herum das Haus bauen lassen," war Lieber¬
1836 2791 3037 2850 manns Antwort. Sein alter Freund Hans Ostwald hat mit
1836 2841 3034 2901 unendlicher Liebe in einem volkstümlichen Buche Liebermann
1839 2890 3035 2949 geschildert und unter anderm auch die zahlreichen authentischen
1836 2938 3032 3002 Aussprüche des Meisters sorglich gesammelt. So erzählt er,
1839 2988 3035 3043 daß Liebermann eines Tages in Gesellschaft mit einem be¬
1839 3041 3037 3094 rühmten Komponisten zusammentraf, der gerade zum
1843 3088 3037 3148 fünftenmal geheiratet hatte und nun seine neue Gattin auf¬
1851 3134 3037 3203 führte. Liebermann, vom Hausherrn gefragt, ob er ihr nicht
1836 3185 3031 3241 vorgestellt zu werden wünscht, meinte lakonisch: „Nee, danke,
1836 3229 3032 3287 die überspring' ick.“ Fürst Bülow erzählte einmal, daß ihn
1839 3284 3031 3342 Liebermann gezeichnet habe, doch damit nicht zufrieden gewesen
1845 3333 3026 3387 wäre und die neue Zeichnung mit den Worten begann:
1836 3375 3032 3441 „Diplomaten müssen besonders schlau aussehen." Und zu
1836 3422 3034 3488 Oskar Fried, der Beethovens Neunte aufführte und Lieber¬
1839 3471 3025 3530 mann dazu geladen hatte, meinte er am Schluß: „Wissen Sie
1899 3525 3022 3581 die ist nicht totzukriegen..." So könnte man fast einen
1842 3575 3016 3634 ganzen Band mit den berühmt gewordenen Aussprüchen
1833 3624 3022 3697 Liebermanns füllen; auch seine ernsten Schriften, seine be¬
1869 3709 3052 3762 deutsamen Gedächtnisreden, zu denen sich heute noch ganz
1869 3741 3058 3816 Berlin drängt, verraten bei Liebermann den ganz bedeutenden
1872 3796 3055 3868 Schriftsteller. In Oesterreich wäre die vornehmste Ehrung
1875 3846 3046 3916 des großen Malers wohl wieder eine Ausstellung seines
1875 3899 3050 3967 Werkes; aber der Abstand von der letzten Liebermann-Schau¬
1875 3931 3050 4016 1929 ist wohl noch zu kurz, und dann haben wir ja Zeit
1872 3985 3049 4067 genug, zumal neue Werke dazukommen, bis zum — neun¬
1870 4042 2517 4132 zigsten Geburtstag Liebermanns.
2402 4063 3014 4187 Professor Josef Sotka.
