3392 4352
1220 229 1645 330 box 44/6
169 240 1032 330 13. Miscellaneous
1148 1814 2045 1868 Wiesen und Ackern hat der Wind zu weißen Inseln
234 1818 1119 1877 „Schwammerl von den Spaziergängen Schuberts
1155 1863 2045 1922 zusammengelehrt, und die vereisten Lachen in den
229 1865 1126 1915 von seiner kollen Wohne, sich in den schaukelnden
1155 1906 2041 1971 Wegelden und frosteten Rabgeleisen zerspli¬
225 1913 1122 1969 Wipfel eines Baumes zu setzen, um der Stimme
1148 1955 1888 2034 tern unter dem weitausenden Schritt.
220 1964 1119 2016 des Waldes und der Musik seiner befiederten
223 2012 1126 2065 Gäste zu lauschen. Das muß irgendwo hier gewesen
1193 2003 2034 2083 Wo aber mögen die großen, die mächtige und
225 2059 1122 2117 sein, vielleicht an den Hängen des Dreimarksteins
1153 2056 2944 2160 wilden Winter unserer Kindheit hingekommen sein, werden können. Bezüglich der schwebenden Han¬
220 2108 1119 2158 oder an der steilen, baum= und gestüppbedeckten
1148 2117 2034 2182 in denen wir über die dritten wie über
2059 2142 3003 2212 delsvertragsverhandlungen mit Polen, der Tschecho¬
229 2155 1126 2212 Geröllöschung über der „Zierleiten“, die jetzt eine
1148 2171 2034 2230 die dampfenden Rücken weit Wolken? Wo mögen
2068 2196 2944 2254 slowakei und Deutschland spricht der Minister die
229 2203 1117 2265 Reihe von Villen zu einer ländlichen Gasse auf¬
1151 2227 2032 2281 sie blühen, die Eisblumen unserer jungen Jahre
2065 2243 2953 2297 Hoffnung aus, daß auf Grundlage der Präferenzen
229 2254 1115 2322 gefädelt hat, mit Pinien und Zypressen in den
1142 2272 2032 2326 die wir auf den Fenstern bestaunten, auf denen
2061 2288 2953 2358 die Handelsverträge zum wesentlichen Vorteile
229 2304 373 2382 neten.
1148 2319 2029 2378 sie in wunderbarer Tropen- oder Treibhausherr
2061 2337 2962 2414 Österreichs abgeändert werden können. Was die
274 2346 1110 2414 Überhaupt dieser Zierleitenweg. Dort, wo
1146 2364 1964 2430 lichkeit wicherten Freilich, auch jetzt blüht
2061 2382 2989 2450 Devisen verordnungen anlange, so stellt er für die
220 2405 2029 2477 in die Weingärten tritt, erinnert er stark an allenthalben. Doch es ist nicht Schnee, es ist der
2059 2441 2946 2501 nächsten Tage weitere Verfügungen in Aussicht, die
223 2448 1113 2499 italienische Wege. Fiele jetzt nicht eine dunkle
1148 2463 2027 2526 Reif, der märchenhafte Klöppel- und Webearbeiten
2061 2483 2949 2546 gerade dem für die Zahlungsbilanz so wichtigen
220 2497 1110 2553 lärmende Wolke aus dem Nebel auf die frost
1144 2517 2021 2569 erfindet. Spitzenmuster der Natur Phantastisch
2052 2537 2982 2630 Transithandel wesentliche Erleichterungen
223 2546 1113 2600 erstarrte, brockige Erde nieder und löste sich zu
1139 2567 2032 2616 die Aschen verknüpfen, vergessene welke Blumen
2412 2594 2589 2661 bringen
220 2589 1113 2650 einer Schar kreischender Krähen auf, könnte man
1142 2614 2027 2670 umschließend, seltsame Ornamente erfindend. Und
216 2645 1113 2708 den Traum des Südens leicht für wahr halten.
2052 2641 2949 2708 werden. Die Einfuhrverbote haben sich infolg¬
1142 2666 2023 2715 man geht — Salmannsdorf hinter sich und den
2052 2701 2931 2753 einer freien Handhabung nicht so schlecht ausge¬
223 2704 2021 2764 So aber glost die Sonne ganz gebirgswinterlich ick hin- und herwechselnd zwischen Billen, ge¬
216 2744 1117 2803 durch den silbrigen Dunst, der Myriaden glitzernder
2045 2744 2935 2809 wirkt, wie man es ursprünglich befürchtet hatte
1139 2758 2005 2814 schlossenen Heurigenschenken, Gärten und Wald¬
220 2791 1110 2843 Nadeln an die Zweige steckt und die Orashalm
2047 2794 2935 2859 und waren wertvolle Grundlagen bei den Handels¬
1142 2805 2021 2866 man geht den Sommerhalbenweg zurück, an¬
2045 2843 2935 2904 vertragsverhandlungen, besonders das Einfuhrver¬
214 2848 2021 2920 mit weißen Perlen bekörnt. Und durch die Luft scheinend in eine endlose Rebellandschaft hinein
214 2890 1104 2944 tänzelt dann und wann ein kristallsprechende
2047 2890 2935 2951 bot für Kohle. In der Angelegenheit des Kohlen¬
1148 2906 2018 2964 Plötzlich aber werden die wehenden Schleie
229 2937 1115 2996 Falter. Aber es ist trotzdem kein richtig verschneiter
2050 2942 2937 3000 monopols wird am 15. Februar eine Enquete statt¬
1142 2953 2021 3014 durchsichtiger, und vor uns liegt — schon
2056 2989 2935 3048 finden. Dem Gewerbe wurde durch verschiedene
220 2996 2021 3066 Winter, der dichte Hauben auf die Giebel der am frühen Nachmittag unter das goldene
214 3036 1113 3097 kleinen Häuser und die rauhen Saumhölzer der
2050 3034 2935 3097 Maßnahmen möglichste Unterstützung geliehen. In
1137 3052 1985 3138 Netz unzähliger zitternder Lichter gebreitet
214 3086 1104 3144 eisbekrusteten Zäune setzt. Wohl flicht die Kält¬
2041 3090 2937 3146 Besprechungen der Holzwirtschaft teilt der Minister
1139 3099 1250 3173 Wien.
216 3133 1108 3196 gläserne Zöpfe an die Brunnenrohre, und Dach¬
2041 3135 2931 3198 mit, daß derzeit Verhandlungen zwischen den ein¬
214 3162 1139 3268 traufen, doch die dünne Schneesschicht auf den
2021 3185 2641 3272 zelnen Organisationen stattfinden.
