3392 4352
140 284 293 380 13.
1184 273 1612 369 box 44/5
328 280 1002 389 Miscellaneous
601 1081 1387 1205 „OBSERVER
681 1168 1343 1256 1. österr. behördl. konzessioniertes
651 1219 1374 1299 Unternehmen für Zeitungs-Ausschnitte
716 1273 1293 1369 WIEN, I., WOLLEILE 11
780 1341 1240 1411 TELEPHON R-23-0-43
585 1452 939 1544 Ausschnitt aus:
832 1542 1323 1653 Wr. Allgemeine Zeitung
579 1686 708 1747 vom
834 1657 1293 1771 30. Okt. 1932
432 1788 2186 1952 Eugen Fensen- unerschütterlicher Theateroptimis
594 1906 1304 1978 Eugen Jensen, der bekannte Re¬
1334 1933 2188 2000 mit einem und demselben Theater weder den
557 1941 1293 2037 gisseur, hält sich seit kurzem in Wien
1328 1970 2190 2051 Schauspieler noch dem Publikum zuträglich
550 1989 1286 2083 aufer erzählt einem unserer Mit¬
1330 2018 2188 2088 sind. Der Schauspieler soll mit dem Publikum
550 2035 718 2110 arbeiter:
1323 2066 2190 2134 nicht verheiratet sein, sondern er soll die Ge¬
494 2092 1286 2182 Auf dem „Katzensprung“ von Kopen¬
1323 2107 2192 2192 liebte des Publikums sein, und die wechselt
411 2155 1295 2219 hagen nach Belgrad halte ich mich nach
1317 2151 2186 2221 man ja erfahrungsgemäß auch manchmal ...
417 2190 1269 2258 fast siebenjähriger Abwesenhei
1389 2203 2182 2275 Wie ich über die Krise des Theaters und
417 2243 1284 2306 wieder ein paar Tage in Wien auf. Sieben
1310 2236 2179 2317 deren Beilegung denke? Ich bin uner¬
408 2280 1286 2361 lange Jahre war ich fort und nichts hat sich
1328 2286 2186 2356 schütterlicher Optimist und glaube an
415 2330 1277 2398 hier verändert. Jeder sitzt auf seinem gewohn¬
1317 2339 2179 2409 eine Renaissance des Theaters. Das Theater
415 2372 1140 2435 ten Kaffeehausplatzer und man hat
1321 2382 2179 2446 müßte entbürgerlicht werden, sowohl
408 2420 1205 2492 vielleicht nur oberflächlicher Betrachtung
1310 2426 2175 2496 oben als auch unten. Der Erfolg eines Stückes
415 2461 1280 2529 hier gar nicht das Gefühl, daß die Welt aus
1308 2474 2175 2535 hängt keineswegs nur von der Qualität des
404 2503 1277 2590 den Fugen gegangen ist. Glückliche Menschen!
1315 2518 2177 2586 Stückes und der Darstellung ab, sondern auch
402 2546 797 2620 Glückliche Menschen?
1302 2555 2175 2638 vom Publikum, von der Empfangsfreudigkeit
1306 2605 2168 2679 und der Empfangswilligkeit. Ein Parkett ge¬
483 2594 1262 2673 Viel habe ich in diesen sieben Jahren er¬
1308 2647 2175 2723 hetzter, ermüdeter, blasierter Zuschauer kann
397 2642 1267 2745 lebt; ganz Europa habe ich durchquert, habe
1308 2690 1778 2758 dem Künste nichts geben.
400 2699 952 2760 in Frankreich gefilm,
1378 2734 2168 2802 Meine Pläne? Vorerst absolviere ich mit
439 2745 1232 2821 in Paris, im Theater Champs Elysees,
1304 2773 2166 2843 dem Ensemble des Deutschen Volks¬
432 2795 1245 2887 Arthur Schnitzler und Ferdinand Bruckner
1304 2828 2162 2904 theaters ein kurzes Gastspiel, dann gehe
566 2843 1101 2922 in deutscher Sprache gespielt,
1299 2869 2164 2944 ich für vier Wochen mit Albert und Else Bas¬
395 2885 1262 2970 habe in London gefilm, war in Holland,
1304 2915 2162 2983 sermann auf eine Tournee, die uns
391 2935 1253 3020 Belgien, Dänemark, in der Tschecho¬
1293 2963 2162 3033 durch Deutschland, die Tschechoslowakei und
400 2983 1125 3064 slowakei und kam bis Belgrad.
1297 3007 2160 3075 Jugoslawien führen wird, und dann will ich
463 3040 1256 3110 Vielfach werde ich gefragt, warum ich ein
1295 3051 2158 3114 ein bißchen ausruhen von meinen Kreuz= und
395 3086 1247 3153 so unstetes Leben führe. Mir liegt Seßhaftig¬
1295 3094 2158 3166 Querfahrten. Später möchte ich, um auf
391 3134 1251 3204 keit ganz und gar nicht. Sie deckt sich auch
1295 3136 2158 3206 früher Gesagtes anzuspielen, mit dem Wiener
391 3175 1245 3254 nicht mit meiner Einstellung zu meinem Be¬
1295 3186 2153 3256 Publikum ein Verhältnis anfangen; ich möchte
1291 3232 2155 3300 zeigen, daß meine Wanderjahre auch Lehrjahre
463 3245 1243 3332 Uebrigens wird es einem bei den gegebe¬
1288 3276 2151 3346 waren. Sind wir dann einander vielleicht
382 3315 1245 3380 nen Verhältnissen heute auch nicht gar so leicht
1284 3313 2149 3391 wieder überdrüssig, so werde ich eben zum
384 3356 1245 3424 gemacht, sich irgendwo festzusetzen. Gerne bin
1293 3363 2155 3453 soundsovielten Male mein Bündel schnüren
382 3402 1245 3470 ich ja seinerzeit von Wien, der Stadt, in der
1291 3413 1957 3481 und auf die Wanderschaft gehen...
384 3444 1243 3511 ich beheimatet bin und Erfolge hatte, nicht
376 3490 1238 3553 fortgegangen. Es war eben eines Tages kein
1275 3501 2009 3586 Lesen Sie: Den neuen Roman
382 3535 1232 3594 Platz mehr für mich da und so war ich ge¬
1673 3568 2144 3640 des Artur Wof-Verlages
380 3586 1240 3642 zwungen, ins Ausland zu gehen. Ueberdies ist
373 3632 1234 3688 es meine unumstößliche Ueberzeugung, daß
1284 3605 2140 3706 Tragödie eines Tages
371 3669 1387 3745 eine zu lange Bindung mit einer Stadt und
1588 3695 2147 3778 von Gustav Herrmann
