3344 4352
145 222 325 343 13.
406 212 1006 332 sellanos
1183 240 1610 335 box 44/6
477 600 837 696 Ausschnitt aus:
908 660 1169 766 la
484 844 625 918 vom
840 812 1247 992 25. Juni 1933
2839 1070 3305 1137 ist das bebend Unge¬
2839 1109 3277 1165 wältigende eines die
1204 1035 2073 1197 NEUE NOVELLEN
2843 1151 3298 1208 schaft und Liebe gerade
2846 1194 3302 1243 nicht mehr mit solch
463 1204 3302 1275 GOTTERIED KÖLWEL: Der tödliche Sommer. Frundsberg. Erzähler befreundet sich mit einem fünfzehnjährigen enthüllender Anteilnahr
2850 1268 3298 1324 vollkommenen Novelle
1656 1271 2821 1321 Knaben, der mit seinen Eltern in derselben Sommerfrische
473 1271 763 1335 Verlag, Berlin.
2850 1307 3298 1356 Reflexionen, nur aus
1656 1303 2811 1360 weilt, er beobachtet das Erwachen einer ersten Zuneigung
466 1300 1631 1367 Novellen verhalten sich in der epischen Kunst zum Romar
1656 1342 3305 1391 zwischen diesem Knaben und einem zwei Jahre jüngern wächst hier das Seelenbi
466 1363 1631 1405 wie in der Musik das Kammermusikwerk zur Sinfonie. Si¬
2846 1377 3305 1427 Menschen, die seiner Ve¬
1663 1384 2825 1430 Mädchen, die von der stillen Schönheit eines frühen Blüten¬
470 1395 1635 1437 müssen das gleiche gedankliche Gewicht, dieselbe seelische
2853 1420 3298 1473 Macht des Bewußtsein
1656 1420 2818 1473 tags erfüllt ist. Die Ankunft einer angeblichen Filmschau¬
473 1437 1635 1483 Tragfähigkeit haben wie die „große Dichtung, aber noch
2853 1455 3298 1504 stehen. Eine psycholog
1670 1462 2818 1504 spielerin reißt den Jungen plötzlich in die erste, aus der
466 1473 1628 1518 strenger in der Form, noch geschlossener im Aufbau sein
2853 1490 3298 1543 ihr zugrunde liegenden
1667 1497 2821 1547 Unschuld des Spiels heraustretende Jugendleidenschaft, der
473 1515 1635 1557 Wie die Stimmen des Streichquartetts müssen die Themen
2850 1529 3309 1586 dürfte nicht der österrei¬
1663 1536 2818 1586 er psychisch und schließlich auch physisch, durch einen Ab¬
470 1550 1631 1596 geführt sein, erkennbar selbständig und doch mit gleichen
2846 1575 3309 1621 logischen Kraft der Es
1656 1571 2821 1628 sturz beim Blumenpflücken für die angeschwärmte Dame
466 1586 1635 1642 Funktion im Ganzen. Die Novelle verlangt Satzkunst, und
2853 1603 3309 1656 Autor zu erraten.) Ab¬
1656 1610 2818 1663 erliegt. Die kleine Freundin des Toten wirft bei der Be¬
466 1624 1550 1670 wenn es kunstlose Romane gibt, die dennoch wirken —
2846 1642 3309 1695 dieser Kinder novelle, so
1667 1653 2821 1699 erdigung in kindlicher Verzweiflung, hinter der sich, ihr
470 1660 1642 1709 etwa die Romane von Upton Sinclair oder, um berühmtere
2853 1677 3295 1734 um so stärker ergreift
1663 1684 2818 1730 selbst unbewußt, der Haß der Liebenden auf die Neben¬
470 1699 1631 1748 Beispiele zu nennen, die Zola, kunstlose Novellen gibt es
2853 1720 3309 1776 und Sätzen von ruhiger
1677 1727 2821 1769 buhlerin verbirgt, mit einem Stein nach der Frau, die an dem
463 1737 1631 1787 nicht. Sie sind der eigentliche Prüfstein schriftstellerischen
1677 1755 3305 1815 Verhängnis schuld ist. Eine in der tatsächlichen Wirkung Klarheit, Zucht und ni
470 1776 1642 1822 Meisterschaft, und es ist bezeichnend, daß die letzten Jahre
1677 1797 3298 1868 geringfügige, in der sinnbildlichen Größte um so stärkere dieses Buch zeigt, wie
466 1815 1646 1861 in der wahl- und uferlosen Produktion der jungen Generation
2853 1840 3295 1907 einer neuen deutschen
1667 1843 1875 1893 Bewegung.
463 1850 1642 1900 ausschließlich auf den Roman beschränkt blieben, den Roman,
1674 1872 2825 1942 Seit Colettes unvergeßlicher Meisternovelle „Phil und Vinca
466 1889 1646 1939 der einem auch zufallen kann, während die Novelle
466 1928 1635 1974 geschrieben werden muß. Thomas Mann und Arthur
466 1963 1638 2013 Schnitzler sind die letzten großen Novellisten der Vorkriegs¬
463 2006 1646 2062 generation gewesen. Es schien niemand mehr zu geben, dem
466 2041 1480 2083 sie ihr Erbe eines Tages würden vermachen können
463 2062 1642 2129 Der Münchner Lyriker und Erzähler Gottfried Kölwel,
456 2115 1635 2161 dem die „reine Schrift eine verpflichtende Aufgabe ist, ist
459 2154 1642 2200 einer der wenigen, die nach der großen Pause wieder No¬
463 2189 1642 2232 vellen schreiben dürfen. Er ist als Themenerfinder von großer
470 2228 1642 2274 Einfachheit, als Erzähler von ungewöhnlicher Klarheit, als
463 2267 1635 2313 Künstler von vorbildlicher Überlegtheit. Sein Buch Der
466 2302 1638 2359 tödliche Sommer, aus dem die Kölnische Zeitung seiner¬
477 2341 1638 2384 reit die Erzählung Eine arme Kreatur Gottes zum Vorabdruck
466 2373 1635 2422 brachte, enthält vier Novellen, Begebenheiten im Leben länd¬
466 2419 1638 2461 licher Menschen, von klassischem Maß, Kölwel weiß, daß die
466 2454 1646 2504 Novelle keine Schicksalsläufe enthalten darf, sondern Ge¬
466 2493 1635 2542 schehnisse oder Ereignisse, mit deren Eintritt das Schicksa
459 2535 1638 2578 einen Schlag führt. Er weiß, daß in der Novelle nicht vor
459 2567 1646 2617 allem charakterisiert, sondern berichtet und gedeutet wird,
470 2606 1635 2656 daß die Gestalten der Novelle in einem Seelenzustand ver¬
463 2641 1635 2701 harren müssen oder höchstens aus einem in den andern über¬
466 2680 1646 2737 gehen, nicht aber eine Reihe von Zuständen durchlaufen
466 2723 1631 2765 dürfen. Und er weiß schließlich, daß für die Novelle wie
463 2761 1631 2807 für kein zweites Gebiet der Wortkunst der Satz gilt, das
466 2800 1646 2843 Dichten Ver-dichten heißt. Es möge aus diesen Bemer¬
463 2836 1642 2882 kungen aber nicht der Eindruck entstehen, als ob Kölwels
463 2874 1642 2920 Erzählungen vor allem Lehrstücke wären, an denen sich die
470 2913 1642 2963 Theorie der guten Novelle entwickeln ließe. Daß sie das
463 2945 1642 2998 auch sind, gibt ihnen ein besonderes Gewicht für den
466 2987 1635 3040 literaturgeschichtlichen Augenblick, in dem die Novelle
466 3019 1635 3072 wieder in eine bedeutsamere Position einzurücken scheint
463 3058 1635 3111 Kölwels, des Oberpfälzers, Stärke ist seine landschaftliche Ver¬
466 3100 1635 3153 bundenheit, die er freilich nicht mit der penetranten Muffig
466 3132 1646 3192 keit des „Schollendichters“, sondern mit jenem großen, aus
466 3171 1646 3231 dem Bodenständigen ins Menschliche hinüberwehenden Atem
463 3213 1631 3263 erlebt, von dem auch Gottfried Kellers schweizerische No
470 3245 1631 3302 vellen erfüllt sind. Zugleich über kommt aus dem Öster¬
470 3284 1649 3337 reichischen herüber ein zweiter hoher Ahn der Kölwelschen
473 3330 1642 3379 Prosa: Adalbert Stifter. An ihn denkt man, wenn man die
470 3365 1649 3418 Stimmung einer Landschaft durchempfindet, wie sie Kölwel,
466 3415 1649 3464 ohne jemals einem nur atmosphärischen Reiz" zu verfallen.
473 3439 1635 3489 darzustellen vermag. Dem entspricht die Art, wie seine
473 3478 1635 3531 Personen nicht durch Psychologisieren, sondern gewisser
466 3510 1646 3570 maßen durch ihre innere Situation hindurch charakterisiert
473 3556 1646 3605 werden als Geschöpfe, an denen sich noch das Verhängnis
473 3591 1646 3637 mit aller frühen und urtümlichen Gewalt eines elementaren
473 3630 1642 3680 Ereignisses vollziehen kann. Starke und ursprüngliche
473 3665 1642 3722 Symbolkraft in Verbindung mit einer vorbildlichen Klarheit
473 3701 1642 3750 und Helle der sprachlichen Gestalt das sind die wichtigsten
477 3743 1642 3796 Merkmale der epischen Kunst Kölnels, die gerade dadurch
466 3778 1646 3838 als beispielhaft für eine neu zu schaffende deutsche Prosa.
473 3817 1642 3874 gleich weit entfernt von welkem Formalismus wie von
463 3849 1487 3937 dumpf romantisierendem Gestammel, zu gelten hat.
463 3951 1646 4026 FRANZ NABL: Kindernovelle. Rainer Wunderlich-Verlag,
473 4008 667 4064 Tübingen,
470 4022 1642 4107 Dieselben Eigenschaften, die Gottfried Kelwels Erzähler¬
477 4093 1646 4139 kunst auszeichnen, besitzt auch der jetzt fünfzigjährige
473 4128 1646 4177 Österreicher Franz Nabl. Ja, es gibt sogar wenige Dichter,
