3392 4352
161 320 306 396 13.
341 313 1018 417 Miscellaneous
1197 301 1627 395 box 44/5
2314 610 2637 682 LOUIS RUPP
2084 687 2852 766 U. S., where he took out his citizen¬
2084 763 2852 809 ship papers. At the present time he
2087 801 2849 865 is Master of Ceremonies at the
2084 847 2851 920 Corse cabaret in New York. His
2084 899 2850 958 most recent engagement was as
2084 950 2859 1013 Maitre de Plaisir on board the S. S.
2096 997 2849 1058 Europa. In America he is espec¬
2084 1045 2861 1109 ially well-known for his singing
2080 1102 2849 1171 and delightful interpretation of old
2087 1148 2858 1222 and modern Viennese song-hits and
2083 1197 2848 1252 American songs of the same calibre.
2083 1244 2858 1304 le is a very great favourite with
2093 1302 2773 1357 American broadcasting studios.
2152 1347 2857 1423 You have no idea, he said.
2099 1401 2864 1465 how popular is Viennes music of
2084 1455 2848 1517 all kinds in the States. Viennes
2090 1507 2849 1565 operettas are preferred in every
2080 1552 2849 1615 possible version and variety. Such
2083 1599 2848 1662 played Reunion in
2087 1641 2846 1707 Vienna are running uninterruptedly
2083 1703 2848 1756 to packed houses and the American
2081 1744 2850 1818 appetite always clamours for
2081 1812 2203 1872 more.
2159 1853 2849 1912 It does not matter at what time
2078 1907 2849 1972 of the day you tune in on almost
2072 1950 2852 2013 any radio station, you are perfectly
2081 2002 2858 2071 certain to hear Viennes music on
2084 2053 2851 2116 the best musical programmes. Ger¬
2081 2099 2851 2170 man and Viennese talkies are the
2081 2167 2846 2215 rage, and there are five German
2084 2203 2849 2269 talking film theatres in New York
2084 2251 2844 2315 alone. Zwei Herzen im Dreiviertel¬
2083 2304 2848 2374 Takt, for instance, ran in New
2081 2343 2856 2405 York for more than two years and
2078 2400 2853 2464 films with a Viennese background.
2078 2450 2794 2523 however illusory, are preferred.
2144 2508 2845 2568 It goes without saying that the
2078 2558 2854 2618 novels and plays of the most famous
2084 2608 2837 2668 Viennes authors are widely
2081 2653 2848 2712 known. Artur Schnitzler is a tradi¬
2077 2709 2845 2765 tional classi. Most of the plays of
2081 2754 2858 2822 Franz Werfel have been introduced
2078 2806 2852 2862 to the New York theatre-going
2080 2854 2848 2922 public by the Theatre Guild, which
2077 2910 2845 2971 has a reputation for producing
2072 2957 2849 3028 only the best. Felix Salten's novels
2075 3004 2851 3082 are very popular, particularly,
2084 3054 2281 3124 Bambi.
2138 3109 2848 3165 In Mr. Rupp's song repertoire on
2087 3154 2846 3205 his recent trip on board the S. S.
2099 3195 2851 3249 Europa we note the old Viennes
2084 3228 2840 3286 favourites: “Es muss was Wunder¬
2087 3271 2848 3321 bares sein, by Ralph Benatzky;
2099 3317 2839 3368 Wenn der Wiener sagt: das ist
2078 3355 2845 3409 tulli, by ed. Werner: Ueberland¬
2078 3395 2848 3439 partie by Leopoldi, Drunt in der
2084 3432 2848 3486 Lobau, by Heinrich Strecker; Wien,
2084 3473 2851 3521 du Stadt meiner Träume by Dr.
2081 3513 2846 3571 Sieczynski. Zwei Herzen im Drei¬
2078 3553 2852 3619 vierteltakt, by Robert Stolz: "Oh
2719 3591 2845 3639 Adieu.
2075 3597 2669 3647 Fräulein Grete by Beda:
2081 3632 2842 3686 mein kleiner Gardeoffizier, by Robert
2078 3676 2385 3730 Stolz, etc. etc.
2135 3702 2836 3775 So it will be seen that Vienna
2081 3761 2845 3806 musical wares are preferred in the
2077 3806 2359 3862 United States.
2132 3841 2848 3894 Mr. Rupp recently acted as Master
2072 3886 2843 3939 of Ceremonies at the Rose Festival
2078 3926 2835 3973 upon the occasion of the opening of
2078 3965 2839 4019 the new Grand Hotel Panhans Swim-
2072 4003 2848 4053 ming Pool. His interpretation of
2081 4048 2842 4096 Viennes and American songs was
2075 4085 2846 4137 greatly appreciated. This gifted
2078 4123 2842 4177 Austro-American singer is now on his
2072 4165 2526 4219 holidays in Mariazell.
