3392 4352
355 305 435 374 Mi
164 308 1008 415 aus
1199 299 1619 395 box 44/6
1756 145 2854 243 ne Wienern /
1929 245 2707 386 bei Präsident Hobel.
1802 341 2813 467 Die Rezitatorin Margarete Bach im Weißen Hause.
1721 429 2905 527 Von unserem amerikanischen Korrespondenten Dr. Heinrich Reichlin.
2329 473 2857 559 New-York, im Februar.
1827 519 2908 602 Die bekannte Wiener Rezitatorin Margarete Bach hat
1723 577 2952 655 mit ihrer Kunst in den fünf Monaten ihres Aufenthaltes in
1723 620 2911 697 den Vereinigten Staaten an vielen Stätten des großen Landes
1726 680 2916 758 bedeutenden Erfolg erzielt. Der deutsche Generalkonsul in
1729 718 2914 792 Chicago Dr. H. Simon veranstaltete zu Ehren der Vortrags¬
1727 761 2914 847 künstlerin einen Empfangsabend, zu dem siebenundfünfzig
1732 818 2920 900 Gäste erschienen waren. Vertreter der beiden Universitäten in
1732 862 2923 939 Chicago, die bekanntesten Führer der Deutschamerikaner, unter
1738 908 2929 991 ihnen Dr. Otto Schmidt, der eine bedeutende Rolle in den
1738 949 2928 1035 Vorbereitungsarbeiten für die kommende Weltausstellung in
1733 1000 2932 1093 Chicago innehat, zählten zu der interessanten Zuhörerschaft.
1738 1055 2934 1145 Von Chicago ging es schnell nach Washington, wo sie bereits
1738 1096 2931 1190 einmal früher im Radio zu sprechen Gelegenheit hatte, und
1735 1156 2935 1240 diesmal erwartete sie eine ganz große Auszeichnung in der
1743 1191 2928 1286 politischen Metropole Amerikas: Präsident Hoover lud
1749 1245 2937 1332 Fräulein Bach zu einer Privataudienz ein, eine Ehre, die nur
1741 1292 2938 1375 in den seltensten Fällen zuteil wird. „Der Empfang im Weißen
1753 1349 2937 1435 Hause erfolgte am 7. Februar. Stellen Sie sich meine Ueber¬
1747 1389 2940 1473 raschung vor, als mein Reisegepäck, das ich in Chicago ganz
1747 1439 2942 1522 übermüdet aufgegeben hatte, in jenem Zeitpunkt noch nicht an
1753 1490 2942 1576 Ort und Stelle war. Ich erschien daher vor Präsident Hoover
1749 1537 2914 1628 genau so wie Sie mich da sehen, in meinem Reisekleid
1755 1583 2943 1669 meinte Fräulein Bach. Sie trug ein schwarzes Kleid und eben¬
1756 1643 2945 1726 solchen Hut. „Unser politischer Vertreter in Washington
1753 1678 2942 1766 Gesandter Prochnik erwartete mich vorerst in unserem wunder¬
1758 1730 2949 1821 schönen Gesandtschaftsgebäude, um mich sodann, den üblichen
1758 1776 2951 1871 Vorschriften entsprechend, dem amerikanischen Staatsoberhaupt
1752 1833 2952 1920 vorzustellen. Minister Prochnik trug Jackeit und Zylinder.
1764 1876 2952 1965 Zuerst in die Kanzlei des Kabinettchefs und von dort in das
1767 1939 2948 2015 sich unmittelbar daran anschließende Zimmer des Präsidenten.
1766 1981 2952 2063 Draußen vor dem Raume versahen Detektive ihren vorschrifts¬
1764 2017 2952 2105 mäßigen Dienst. Das große, helle Office des Präsidenten auf¬
1764 2066 2955 2159 fallend in seiner Einrichtung: wenn man es betritt, erblickt
1767 2118 2954 2200 man zur Rechten einen großen Schreibtisch, dahinter zwei
1764 2170 2952 2249 Fahnen. Die eine ist die amerikanische Flagge, die andere
1766 2216 2954 2305 konnte ich, da sie eingerollt war, ihrer Nationalität nach nicht
1767 2295 1945 2372 erkennen.
1868 2282 2958 2392 Als Prochnik und ich das Zimmer betraten, kam Prä¬
1769 2358 2963 2456 sident Hoover uns freundlich entgegen und begrüßte mich mit
1766 2424 2961 2510 warmen Händedruck. I know, Miß Bach, you are from Vienna,
1769 2455 2964 2543 and I am indeed very glad to meet you." (Ich weiß, Fräulein
1770 2511 2964 2586 Bach, Sie sind von Wien, und ich bin wahrlich erfreut, Sie zu
1770 2557 2966 2652 treffen.). Er erkundigte sich freundlich während der einstündigen
1779 2609 2966 2684 ungezwungenen Unterredung über meine Vorträge, plauderte
1779 2652 2971 2736 über europäische Universitäten und stellte mit vergnügtem
1779 2703 2974 2784 Schmunzeln an mich die ein wenig überraschende Frage,
1770 2752 2972 2825 welches Erlebnis während meiner umfangreichen Tourneereise
1779 2799 2981 2882 auf mich eigentlich den größten Eindruck gemacht hätte. Nun
1779 2856 2971 2931 ereignete sich in Chicago der folgende Fall: Nach meiner
1784 2899 2974 2977 Rezitation kamen zwei Studentinnen auf mich zu und meinten,
1784 2943 2978 3032 sie hätten infolge ihrer mangelnden Kenntnisse der deutschen
1784 2998 2974 3066 Sprache fast gar nichts von dem Inhalt meiner Vorträge ver¬
1787 3047 2974 3122 standen, doch zu einer Ueberzeugung wären sie gelangt: nach
1776 3089 2978 3162 dem Klang bloß zu urteilen, müßte die deutsche Sprache sehr
1790 3145 2981 3220 schön und interessant sein. Als ich diesen Vorfall dem Präsidenten
1781 3188 2971 3281 darauf erzählte, steigerten sein Schmunzeln zu einem herz¬
1799 3321 2995 3379 lichen Lächeln. Nach Beendung der einstündigen Audienz be¬
1805 3361 2995 3421 gleitete uns Präsident Hoover bis zur Tür und verabschiedete
1799 3413 2589 3476 sich gleichfalls mit herzlichem Händedruck.
1908 3462 2994 3516 Fräulein Bach meint, daß die Bibel, Goethe, Gerhart
1798 3504 3000 3574 Hauptmann und Schnitzler hier am „gesuchtesten“ sind. Ueberall
1799 3552 2992 3615 begegnet man in den seinen Gesellschaftskreisen Amerikas, auch
1802 3606 2995 3660 außerhalb der Universitäten größtem Interesse für deutsche
1805 3655 2995 3706 Literatur. Die zahlreichen Veranstaltungen, bei denen Fräulein
1799 3703 2992 3764 Bach in Privathäusern rezitierte, beweisen es deutlich. „Un¬
1798 3761 2995 3811 vergeßlich wird mir der Abend bleiben, den Frau Felix War¬
1793 3804 2998 3860 burg veranstaltete. Die große Halle war bis aufs letzte Plätzchen
1802 3846 2991 3899 besetzt und unter den erschienenen illustren Gästen waren, was
1798 3897 2986 3946 mich ganz besonders freute, drei Generationen der einzig gast¬
1805 3941 2991 4003 freundlichen Familie Warburg anwesend: Mrs. Jakob Schiff,
1799 3990 2989 4046 die entzückende Mutter der Frau Warburg, Herr und Frau
1798 4036 2989 4088 Felix Warburg sowie Frau Warburg junior, bekanntlich eine
1799 4081 2992 4139 scharmante Wienerin, die eine bedeutende Rolle im amerikanischen
1830 4128 2135 4202 unstleben spielt."
