3344 4352
1141 275 1573 379 box 44/5
614 275 955 379 nous
93 282 270 374 13.
303 284 434 381 is
156 591 814 698 Ausschnitt aus
955 908 1113 1002 192.
594 912 847 1004 /
407 939 543 998 vom
146 941 264 1004 Nr.
297 933 380 1009 .
348 1094 1409 1191 Oesterreichischer Kunstbrief
343 1151 1454 1246 Im Wiener Burgtheater gestalten sich Rückblick und Aus¬
305 1204 1447 1290 blick nicht allzu ergiebig. Als großer und dauernder Erfolg der
314 1260 1447 1331 vergangenen Spielzeit können nur Hofmannsthals „Salzburger
314 1300 1447 1381 Welttheater“ gebucht werden und dann noch die klassischen Auf¬
313 1348 1448 1417 führungen des Goethejahres. Was daneben herlief unter der
315 1392 1445 1467 Autorenschaft eines Ferdinand Bruckner oder Arthur Rundt oder
314 1432 1444 1514 Arthur Schnitzler erwies sich als wenig lebensbeständig. Und
308 1482 1448 1557 der Blick in die Zukunft: Da sind als erste Neueinstudierung
307 1526 1451 1601 „Die Jungfrau von Orleans" und als erste Uraufführung
307 1571 1450 1642 „Schuster Hitt“ von Hermann Heinz Ortner geplant. Im übri¬
310 1612 1444 1688 gen werden folgende Werke während der kommenden Spielzeit
310 1663 1447 1719 im Burgtheater und Akademietheater zur Uraufführung ge¬
311 1693 1447 1771 langen: „Arien" von Lenormand, „Feinde der Liebe von R.
307 1739 1458 1840 Golding Bright, „Die Habsburger-Legende“ von Schreppagel,
310 1791 1460 1861 „Professor Unrath von Ebermayer, „Verstehen wir uns von
310 1832 1441 1907 Preradovic, „Harmonie" von Molnar, „Gastein" von Hirschfeld,
301 1875 1450 1957 „Domino von Achard, „Die Mädchenjahre einer Königin von
311 1921 1444 1989 Sil Vara. Als Sommergastspiel traten mit viel Erfolg im
303 1970 1444 2045 Burgtheater die „Vier Nachrichten“ mit ihrer Satire „Hier irrt
308 2006 530 2066 Goethe auf.
341 2053 1441 2128 Die Eröffnungspläne der Wiener Privattheater liegen
301 2090 1438 2185 noch im Dunkeln. Einige Beunruhigung schafft der Plan öster¬
300 2165 1439 2229 reichischer Bühnenkünstlerorganisationen, sich für die scharfen,
300 2205 1442 2271 auch gegen Oesterreicher kehrenden Bestimmungen der deutschen
297 2237 1438 2310 Filmgesetzgebung zu revanchieren und in Wien das Wirken
300 2294 1439 2350 ausländischer" (nämlich deutscher) Künstler zu
300 2336 1439 2403 erschweren. Es ist interessant, daß in Wien sowohl der
300 2373 1434 2445 Direktor des Burgtheaters Hermann Röbbeling wie auch der
301 2422 1441 2495 Direktor des Volks= und Raimund=Theaters, Rolf Jahn, deutsche
300 2467 1434 2523 Staatsbürger sind. Im Burgtheater ist eine ganze Reihe Schau¬
298 2509 1434 2581 spieler, vielleicht die Hälfte des Ensembles deutscher Staats¬
288 2564 1438 2621 angehörigkeit, ebenso befindet sich im Ensemble der Staatsoper
297 2604 1434 2665 eine Anzahl deutscher Staatsbürger. Von einer ernsthaften Be¬
288 2640 1435 2724 drohung des künstlerischen Austausches zwischen Deutschland und
290 2681 1124 2761 Oesterreich kann natürlich nicht die Rede sein.
1538 1117 2642 1190 Interessante Einblicke in die Entwicklungsformen der moder¬
1505 1156 2638 1230 nen Musik brachte das kürzlich in Wien abgehaltene Inter¬
1504 1212 2641 1280 nationale Musikfest. Vier Abende führten durch die
1503 1257 2642 1319 musikalische Gegenwart aller Länder. Ueberraschend schön klang
1503 1300 2644 1369 ein Klavierkonzert von Lopatnikoff (Rußland) in vornehmer.
1498 1339 2641 1409 eigenpersönlicher Modernität gehalten, rhythmisch belebt und
1495 1396 2642 1451 von einem musikalischen Temperament durchpulst. Dankbar wur¬
1505 1425 2642 1490 den die „Sechs Katalinischen Lieder“ von Robert Gerhard (Spa¬
1504 1468 2638 1546 nien) begrüßt, wirkungssichere, witzige, aber auch gefühlsdurch¬
1501 1515 2631 1587 tränkte Melodik. Ein Werk von Rang war auch das „Zweite
1501 1554 2642 1629 Klavierkonzert" von Norbert v. Hannenheim (Deutschland). Auch
1505 1600 2611 1665 Ernst Kreneks (Oesterreich) Liederzyklus „Durch die Nacht
1500 1657 2632 1713 machte starken Eindruck. Im allgemeinen konnte man von diesem
1508 1692 2631 1758 Streifzug durch den modernen musikalischen Urwald befriedigt
1501 1731 2635 1815 sein und neben Partien hoffnungslosen Nichtskönnens auch recht
1494 1784 2225 1851 erfolg verheißende neue Wege aufspüren.
