3392 4352
159 328 367 420 13.
397 315 843 428 scellane
1196 321 1619 420 box 44/6
2311 346 2523 423 I. Oesterr.
1883 356 2619 452 OBSERVER behördl. konz.
1894 440 2620 491 Büro für Zeitungsnachrichten
1883 469 2623 552 WIEN TWOLLIELE
2042 535 2635 661 Neues Wiener Journal, Wien
2155 644 2352 760 21.
1691 869 2799 1008 Eine Wienerin in Privatauding
1880 979 2649 1151 bei Präsident, Hoover.
1739 1096 2772 1196 Die Rezitatorin Margarete Bach im Weißen Hause.
1665 1154 2848 1278 Von unserem amerikanischen Korrespondenten Dr. Heinrich Reichlin.
2268 1230 2829 1312 New-York, im Februar.
1768 1277 2864 1362 Die bekannte Wiener Rezitatorin Margarete Bach hat
1663 1333 2879 1407 mit ihrer Kunst in den fünf Monaten ihres Aufenthaltes in
1663 1381 2857 1462 den Vereinigten Staaten an vielen Stätten des großen Landes
1663 1428 2860 1516 bedeutenden Erfolg erzielt. Der deutsche Generalkonsul in
1666 1480 2869 1568 Chicago Dr. H. Simon veranstaltete zu Ehren der Vortrags¬
1669 1528 2854 1607 künstlerin einen Empfangsabend, zu dem siebenundfünfzig
1677 1586 2864 1654 Gäste erschienen waren. Vertreter der beiden Universitäten in
1669 1627 2864 1709 Chicago, die bekanntesten Führer der Deutschamerikaner, unter
1672 1686 2869 1754 ihnen Dr. Otto Schmidt, der eine bedeutende Rolle in den
1677 1721 2866 1798 Vorbereitungsarbeiten für die kommende Weltausstellung in
1677 1769 2867 1847 Chicago innehat, zählten zu der interessanten Zuhörerschaft.
1674 1824 2869 1897 Von Chicago ging es schnell nach Washington, wo sie bereits
1669 1867 2864 1954 einmal früher im Radio zu sprechen Gelegenheit hatte, und
1669 1917 2870 2003 diesmal erwartete sie eine ganz große Auszeichnung in der
1677 1968 2872 2051 politischen Metropole Amerikas: Präsident Hoover lud
1683 2021 2875 2095 Fräulein Bach zu einer Privataudienz ein, eine Ehre, die nur
1672 2067 2881 2149 in den seltensten Fällen zuteil wird. „Der Empfang im Wegen
1685 2112 2875 2202 Hause erfolgte am 7. Februar. Stellen Sie sich meine Ueber¬
1680 2159 2875 2238 raschung vor, als mein Reisegepäck, das ich in Chicago ganz
1680 2209 2879 2291 übermüdet aufgegeben hatte, in jenem Zeitpunkt noch nicht an
1680 2270 2881 2347 Ort und Stelle war. Ich erschien daher vor Präsident Hoover
1686 2303 2870 2396 genau so wie Sie mich da sehen, in meinem Reisekleid,
1686 2371 2876 2429 meinte Fräulein Bach. Sie trug ein schwarzes Kleid und eben¬
1689 2400 2887 2490 solchen Hut. „Unser politischer Vertreter in Washington
1686 2447 2873 2535 Gesandter Prochnik erwartete mich vorerst in unserem wunder¬
1697 2503 2878 2584 schönen Gesandtschaftsgebäude, um mich sodann, den üblichen
1686 2550 2879 2632 Vorschriften entsprechend, dem amerikanischen Staatsoberhaupt
1685 2608 2879 2679 vorzustellen. Minister Prochnik trug Jackett und Zylinder.
1695 2649 2884 2728 Zuerst in die Kanzlei des Kabinettchefs und von dort in das
1695 2691 2882 2779 sich unmittelbar daran anschließende Zimmer des Präsidenten.
1695 2744 2882 2828 Draußen vor dem Raume versahen Detektive ihren vorschrifts¬
1695 2787 2887 2867 mäßigen Dienst. Das große, helle Office des Präsidenten auf¬
1697 2841 2890 2931 fallend in seiner Einrichtung: wenn man es betritt, erblickt
1698 2884 2891 2964 man zur Rechten einen großen Schreiblisch, dahinter zwei
1704 2935 2895 3017 Fahnen. Die eine ist die amerikanische Flagge, die andere
1695 2995 2893 3092 konnte ich, da sie eingerollt war, ihrer Nationalität nach nicht
1697 3058 1873 3136 erkennen.
1806 3058 2893 3155 Als Prochnik und ich das Zimmer betraten, kam Prä¬
1697 3131 2893 3216 sident Hoover uns freundlich entgegen und begrüßte mich mit
1697 3184 2888 3257 warmen Händedruck. I know, Miß Bach, you are from Vienna,
1698 3227 2895 3298 and I am indeed very glad to meet you." (Ich weiß, Fräulein
1707 3287 2898 3352 Bach, Sie sind von Wien, und ich bin wahrlich erfreut, Sie zu
1698 3324 2896 3410 treffen.). Er erkundigte sich freundlich während der einstündigen
1703 3374 2895 3449 ungezwungenen Unterredung über meine Vorträge, plauderte
1710 3427 2898 3495 über europäische Universitäten und stellte mit vergnügtem
1709 3481 2896 3550 Schmunzeln an mich die ein wenig überraschende Frage,
1703 3534 2896 3607 welches Erlebnis während meiner umfangreichen Tourneereise
1704 3569 2907 3653 auf mich eigentlich den größten Eindruck gemacht hätte. Nun
1710 3618 2905 3689 ereignete sich in Chicago der folgende Fall: Nach meiner
1707 3671 2898 3741 Rezitation kamen zwei Studentinnen auf mich zu und meinten,
1716 3713 2901 3791 sie hätten infolge ihrer mangelnden Kenntnisse der deutschen
1713 3762 2901 3832 Sprache fast gar nichts von dem Inhalt meiner Vorträge ver¬
1712 3813 2904 3886 standen, doch zu einer Ueberzeugung wären sie gelangt: nach
1704 3859 2902 3929 dem Klang bloß zu urteilen, müßte die deutsche Sprache sehr
1719 3924 2910 3982 schön und interessant sein. Als ich diesen Vorfall dem Präsidenten
1698 3959 2905 4048 darauf erzählte, steiger an sein Schanzeln zu einem herz¬
1721 4077 2919 4142 lichen Lächeln. Nach Beendung der einstündigen Audienz be¬
1727 4127 2919 4208 gleitete uns Präsident Hoover bis zur Tür und verabschiedete
1732 4179 2506 4235 sich gleichfalls mit herzlichen Händedruck.
1835 4224 2206 4299 Fräulein Bach, mei
