3392 4352
162 333 1022 414 13. Miscellaneous
151 1422 980 1529 chairie Bildnis eines Mädchens, Arbeit
151 1498 988 1568 Jüngeren, in allem und jedem als eine
148 1546 988 1616 sondere Leistung anzusprechen ist, muß den¬
160 1590 986 1655 och dem Aelteren der Vorrang gelassen sein.
160 1638 983 1697 on allem, was das eigentliche Bildnis aus¬
151 1680 991 1739 acht, abgesehen, welch eine Vollendung in
151 1725 983 1792 de Aufteilung der Fläche (auch aus den Farb¬
154 1770 986 1828 sementen) in den Darstellungen des Gelehrten
151 1814 991 1884 id des Musikers! Kitt verblüfft wieder durch
157 1856 986 1921 Fähigkeit, die Einfachheit auf ein Höchst¬
151 1898 988 1957 daß zu treiben und bei aller Flächigkeit der
151 1949 991 2010 fachheit nie Raum zu geben. Sein „Holz¬
148 1991 988 2052 geister" ist schematisch und dennoch erfühlt.
143 2036 988 2103 die Zeit — hier ist sie. Sie ist nicht minder in
146 2075 1000 2156 koloristisch interessanten Bildnis des
157 2122 988 2178 tadtrates Breitner, das zum Besten im
157 2164 988 2240 Rathaus=Raum gehört. Auch Krause strebt
151 2212 988 2276 de große Einfachheit an; das Ergebnis ist
154 2251 988 2313 es das gleiche erfreuliche. Krausz ist, in dem
157 2302 991 2360 sch aus der Skizze gehobenen Pastellbildnis
151 2349 991 2400 auptmanns, in dem sehr natürlich gegebenen
157 2391 994 2450 bildnis der Paula Wessely immerhin kon¬
160 2430 991 2495 tionell; er ist davon entfernt in dem Bild,
162 2472 991 2537 is dem der schwermutvolle Blick Schnitzlers,
154 2520 997 2576 er vor seinem Tode, sieht. In Langhammer
157 2568 994 2624 mi) reist ein Kolorist ersten Ranges heran,
151 2607 997 2668 um es gegeben ist, auch die Form fest zu fassen.
157 2654 997 2719 ske, ausgeprägter Landschafter, allerdings
168 2696 1005 2755 ach Schöpfer figuraler Kompositionen (wobei
154 2741 994 2800 aber mehr auf die Komposition als auf die
160 2783 1002 2845 figur ankommt, ist unter die Porträtisten ge¬
157 2831 885 2904 sungen; der „Schriftsteller Otto Stoß
154 2881 882 2946 durchaus die gewohnte Handschrift,
160 2920 997 2974 Wiener Tänzerin, jedoch führt in neue
151 2960 997 3024 Regionen, in formaler, aber auch in koloristi¬
157 3007 1002 3069 der Beziehung. Von schöner Wärme erfüllt ist
151 3044 997 3102 gewandowskis Bronzekopf der Gattin. Welch
157 3091 1008 3147 ne Vornehmheit ist in dem Mahainzschen
160 3136 997 3209 dnis der „Frau G. Purgstaller, wie hebt
160 3178 997 3237 h ihr Blond aus dem Dunkel, wie weich
154 3228 1005 3287 Himmern die Fleischtöne! Der außerhalb vom
157 3270 1008 3326 eläufigen schreitende Merkel hat Mystisches
157 3315 994 3368 Bildnis der Elisabeth Eisenstein gesenkt
157 3357 1002 3413 es ist auch in dem, dennoch realeren der
157 3405 1000 3458 r. Erika Tietze der Fall. In Map massigen
160 3447 997 3500 lanninger wetterleuchtet es. Einfachheit.
168 3497 1005 3562 perhe, Größe ist in Müllners Marmor¬
1201 314 1632 414 box 44/5
1084 1442 3329 1509 büste Wagner=Jaureggs. Ein Hinweis gelte Beschränkungen auf, erzielt aber gerade dringlich, beseelt, durch
1982 1492 3332 1546 dadurch volle Wirkungen; in erster Reihe steht und das weibliche Prin¬
1084 1487 1960 1576 Ozlbergers Bildnis der Mutter, Pazelts
1977 1534 3324 1588 ihr „Paul Stefan“. Von den besten neueren eine Kontraststellung be¬
1084 1543 1397 1618 Mädchenbildnis.
1988 1579 3335 1632 deutschen Meistern des Porträts sich ableitend, hagers „Selbstbildnis u
1176 1574 1952 1655 Die verbreiterte Vergleichsbasis diese
1988 1618 3329 1683 sie auch oft erreichend — jedes der sechs Ge¬ Dreimal Witt, drei fri¬
1092 1616 1960 1700 Ausstellung läßt Pausers Arbeiten erst recht
1988 1663 3332 1719 mälde hat hohe Klasse; in allen, besonders besonders das des „Re¬
1089 1697 1960 1758 hervortreten; die meisterhaften Porträte
1988 1702 3332 1767 aber in den zwei Frauenbilonissen und im klang in Schönheit:
1089 1730 1954 1795 Billinger und Schönborn verdecken vieles
1982 1747 3338 1812 „Stadtrat Linder“, ist der noble Ton, ist der Königin Liefl Goldarbe
1086 1781 1957 1831 andre in den acht Räumen; in den zwei
1092 1786 3335 1873 Doppelbildnissen, besonders in dem der sehr rege Sinn für die Valeurs —, stellt sich Werks, Wachskopf, gefor
1988 1837 2856 1893 erneut Schachinger vor. Schiff bewältigt in
2876 1840 3332 1929 und 122 Objekte
1089 1856 1957 1918 Kinder, ist beste Wiener Tradition. Darnau
1988 1879 2853 1957 einer umfangreichen figuralen Komposition
3144 1898 3329 1966 ausste
1092 1907 1957 1960 und Goltz, von Perl klassizistisch modelliert
1982 1926 2856 1977 die Fläche ganz ausgezeichnet; aus ver¬
1095 1952 1954 1999 nehmen sich vortrefflich aus. In fünf Bilder
2951 1929 3332 2019 Ist man unten zu
1994 1968 2856 2027 schiedenen Helligkeiten schwingt dieses Bild des
1098 1991 1963 2041 ist Perlberger auf einer guten Höhe, seine
1982 1994 3310 2066 „Univ.=Prof. Dr. Heinrich Neumann bei der an. Im ersten Stock
1089 2024 1954 2086 Palette ist angenehm und reizvoll. Peve¬
1988 2033 3338 2106 Vorlesung", das im Bildnis lebendig ist. Mit ausstellung, von 66 K
1095 2075 1960 2134 stürmt, wie immer; es ist wirkliche Kraft in
2878 2083 3338 2145 Gleichförmigkeit des Bi
1994 2092 2853 2148 einem Werk nur, mit einem aber, das in jeder
1095 2120 1960 2173 ihm, nicht Kraftmeierei; das eine Mädchen¬
2884 2122 3329 2190 Angeregt begibt man
1994 2139 2859 2190 Beziehung standhält, lebenswahr und dennoch
1092 2164 1960 2215 bildnis, stark in der Farbe, ist recht originel
2878 2167 3315 2232 Bezirke. Der Anfang
1991 2181 2845 2234 über das Alltägige hinausgehoben, ist Heinrich
1092 2209 1963 2260 in der Auffassung. Drei Radierungen sprechen
2887 2209 3332 2274 städtls „Landschaft mit
1982 2223 2850 2279 Karl Scholz da; der Bronzekopf des Bürger¬
1103 2251 1960 2299 für den feinempfindenden Pollak. Innig hat
2878 2260 3343 2316 Vorzüge dieses zu wen
2643 2268 2850 2330 in der Ab¬
1991 2265 2604 2338 meisters Seitz hat Stil; er war,
1095 2293 1960 2344 Poosch Ginzkey in sich aufgenommen, be¬
2878 2299 3315 2349 Malers, Hans Frank
2668 2304 2853 2383 zu sehen
1991 2304 2618 2369 bildung, in der „Volks=Zeitung
1098 2341 1966 2391 sonders innig außer dem Kopf auch die
2892 2346 3326 2408 schaftsstimmungen ein,
1988 2346 2859 2411 Auf das Gebiet der „beschreibenden Malerei
1092 2377 1960 2450 Hände gestaltet. Seit Jahren schon betont sich
2887 2383 3335 2447 stimmung einer leichte
1991 2400 2859 2461 hat sich, angeregt, Stalzer begeben; im
1098 2422 1963 2472 Pötsch immer stärker. Wenn er auch nicht
2887 2430 3332 2486 sich in allen aus. Er¬
1994 2442 2856 2495 Bildnis des Dozenten Friedung bringt er
1095 2464 1960 2526 ständig im Vordergrund des Interesses steht
1089 2472 3329 2570 er bewahrt seine Vordergründigkeit. Nun tritt nicht nur dieses und er bringt es nicht los nur einer, aus dem
2878 2520 3335 2568 gemein menschlichen und
1994 2520 2853 2582 gelöst von der Umwelt; er setzt den Arzt, seine
1095 2548 1960 2601 er mit zwei Bildniskompositionen sehr hervor
1991 2556 3335 2624 Menschenfreundlichkeit betonend, in eine hier sind Landschaften,
1092 2587 1957 2643 und besondes die eine, die den Bildhauer
1991 2598 3335 2666 inhaltreiche Beziehung zu einem Kind. Der einiger Zeit, in der So
1089 2635 1963 2685 Riedl bei der Arbeit zeigt, ist von einer
2887 2640 3332 2696 Neuen Galerie, am E¬
1994 2660 2859 2708 ideale Schwung in Stemolaks Kammerer¬
1098 2677 1966 2750 blendenden Lebendigkeit. Sicher und fein gibt
3130 2685 3326 2744 das ist so
1988 2691 3013 2752 Kopf (Bronze) und die ruhevoll übertönte Kempf
1103 2719 1963 2772 sich Erich Probst. Das gleiche ist von
2887 2724 3332 2794 genötigt die lieben klei¬
1994 2747 2856 2794 innre Bewegtheit in den (Gips) Abbildern
1089 2752 1957 2828 Rauchinger zu sagen, der zu den vorzüglichster
1098 2775 3335 2864 Zeichnern im Haus gehört. Reitterer, ein Laskes und Reinitz' sind wahrhafte Zeugen der Riesengemälde zu
2892 2814 3349 2881 genötigt, diesen, bei
1999 2822 2864 2892 seiner reifen Künstlerschaft. Stössel als Maler
1098 2848 1971 2912 junger und immerhin neuer Mann, von
1095 2859 3326 2951 Tichy, Bacher und Sterrer herkommend, läßt und Stössel als Radierer sind, trotz der gleichen ernsten Wollens und
1996 2901 3343 2968 Wesenheit, zwei Persönlichkeiten; er ist eben keiten, die Existenzbere
1098 2937 1966 2988 aufschauen. Dann die Bildhauer Riedel und
2884 2948 3343 3007 Allegorien, so gegeben
1991 2962 2856 3013 beides ganz aus der Technik, aus dem
1098 2979 1963 3032 Riedl, jener, Alfons, bescheiden auftretend
2901 2988 3335 3060 früheren Zeit Raum,
1095 3010 2864 3074 aber mit schöner Begabung und wertvollem Material; in beiden Eigenschaften hervor¬
1089 3035 3293 3116 Können. Dannebergs Marmorkopf ist ihm zu ragend, ist der Graphiker weiterhin sichtbar, dargestellt werden;
1994 3072 3307 3142 der sich diesmal in der prächtigen farbigen Erzählungen großen
1098 3119 1960 3161 danken, dieser, Josef, fleißig und den Fleis
1994 3114 3335 3186 Radierung der Jeritza und in den feinen abgetanen Stils. Der
1095 3147 1960 3203 bezeugend, großer, begabter Könner auch er
1994 3156 3340 3231 Bildnissen Julius Sterns und einer Frau die Form nur zu rasch.
1095 3186 1966 3245 mit zwölf Objekten; die Büste des Stadtrats
2965 3206 3343 3279 Spiel der Schatten
1991 3217 2864 3279 Neubrunn bedeutungsvoll vorführt. Alle guten
1098 3234 1963 3287 Weber und der Kopf des Dr. Ankwicz-
2895 3256 3340 3326 steiners „Winterlicher
1999 3265 2859 3324 Qualitäten hat das Vollbildnis Häussermanns
1098 3279 1966 3332 Kleehoven haben den reinsten Klang
2892 3298 3335 3360 Prinz, Karlinsky d. A
1098 3307 2862 3374 Charakteristisch für Roder und charaktervoll, von Streit. Des jungen Bildhauers Weiner
2884 3343 3332 3405 Darnaut, Grill — bew.
1095 3349 2856 3416 liebevoll durchgearbeitet, sind seine Bildnisse „Wiener Schönheit", aufs Bildhafte hin ge¬
1098 3382 3335 3461 Hirt und Haus=Hausen, jenes in Gips, dieses arbeitet, ist ausdrucks= und anmutvoll. Vor=schaftlicher Gegebenheit
2878 3424 3343 3486 und dem Gedächtnis ein
1103 3436 2775 3506 in Bronze, Lisel Salzer, einstmalige Schülerin nehm, repräsentativ „aus sich bietet
1098 3472 3329 3584 Kitts, ist stets interessant; sie legt sich allerlei Wiedens Bürgermeister=Bild dar. Ein- pression die bewegten
