3392 4352
210 240 335 320 13.
500 237 1055 332 scellaneous
350 624 1125 735 „OBSERVER
426 715 1087 788 I. österr. behördl. konzessioniertes
405 758 1115 838 Unternehmen für Zeitungs-Ausschnitte
463 825 1045 896 WIEN, I., WOLLEILE 11
532 882 984 944 TELEPHON R-23-0-43
335 997 688 1072 Ausschnitt aus:
412 1088 1044 1197 Wr. Allgemeine Zeitung, Wien
557 1170 820 1283 16 JAN
330 1213 450 1288 vom
330 1334 1041 1433 Alfons Petzolds
288 1410 1077 1512 zehnter Todestag
336 1509 1115 1558 Heute Mittwoch jährt sich zum zehnten
259 1539 1120 1602 Male der Tag, an dem der Wiener Dichter
254 1600 1119 1648 Alfons Petzold in Kitzbühel gestorben
261 1644 1113 1693 ist. Wer mit der Bahn nach Kitzbühel fährt,
255 1685 1117 1733 der kann, wenn er mit der Gegend vertraut
259 1728 1115 1776 ist, das Kreuz auf dem im malerischen Orts¬
264 1772 1119 1820 friedhofe gelegenen Grab erkennen. An diesem
264 1818 1115 1859 Grabe hat Friedrich Austerlitz die Ab¬
255 1857 1119 1915 schiedsrede gehalten, hat Artur Schnitzler
259 1903 647 1965 tiefbewegt gestanden.
327 1936 1122 1995 Alfons Petzold wurde 1882 in Wien
253 1983 1115 2042 geboren. Sein Vater war ein armer Arbeiter,
253 2037 1120 2080 der in Leipzig wegen Hochverrates verfolgt
249 2073 1119 2125 worden war und sich deshalb nach Wien
249 2121 1123 2169 wandte. Er starb früh. Die Mutter, die sich
249 2164 1117 2214 als Waschfrau kümmerlich fortbrachte, wird
249 2202 1119 2251 vom Dichter selbst als richtige Künstler¬
246 2241 1115 2296 mutter geschildert, sonderbar gebildet und
251 2294 1114 2347 belesen. Durch sie lernte der wißbegierige
249 2333 1117 2384 Knabe zuerst die deutschen Klassiker kennen.
249 2381 1113 2426 Er besuchte eine Klosterschule und wollte Arzt
253 2423 1110 2469 werden. Finanzielle Not und Krankheit hin¬
253 2464 1115 2519 derten ihn daran. Die Mutter starb, als er
249 2508 1117 2560 noch die Schule besuchte. Der Fünfzehnjährige
249 2551 1113 2599 kam als Hilfsarbeiter in eine Glasschleiferei,
249 2596 1117 2640 in eine Schokoladenfabrik — und wurde
255 2639 1117 2687 schließlich Kellner, blieb aber auch bei diesem
255 2679 1117 2729 Erwerb nicht, sondern hungerte sich durch viele
249 2724 1123 2772 andere Berufe, wodurch seine Gesundheit
253 2763 844 2821 immer mehr erschüttert wurde.
327 2813 1122 2863 In der Blütezeit der Wiener
253 2850 1122 2900 Volksbildung genoß Alfons Petzold im
246 2894 1122 2951 Ottakringer Volksheim, im Seitlement
246 2940 1120 2989 und in den Volksbüchereien seine Aus¬
249 2984 1119 3029 bildung. Dr. Josef Luitpold Stern nahm
253 3029 1122 3076 sich zuerst des hochbegabten, aber schwerkranken
259 3071 1114 3121 jungen Mannes an. Als Gregori im Volks¬
253 3115 1122 3168 heim, dem „Haus mit den 100 Fenstern", seine
249 3158 1119 3211 „Ballade von der Revolution" las,
253 3198 1115 3246 wurde Petzold sozusagen über Nacht ein be¬
255 3240 1123 3297 rühmter Mann. Professor Reich und Gre¬
249 3286 1123 3338 gori ermöglichten ihm einen Kuraufenthalt
253 3330 1122 3380 in Alland, wo er seine nachmalige Gattin
253 3378 1122 3425 Johanne kennenlernte, die jedoch nach we¬
253 3415 1115 3468 nigen Jahren glücklicher Ehe schon an Tuber¬
249 3460 1119 3511 kulose starb. Arthur Schnitzler vermittelte
255 3503 1119 3551 Alfons Petzold eine jährliche Spende eines
249 3547 1123 3599 unbekannt gebliebenen Freundes, der das Geld
255 3587 1119 3641 auf geheimnisvolle Weise stets bei Professor
259 3635 577 3691 Reich hinterlegte.
343 3673 1122 3730 Petzold schloß eine zweite Ehe, wurde mit
253 3715 1127 3765 Stefan Zweig und Ginzkey bekannt. Sei¬
255 3767 1124 3828 nen ersten Büchern „Seltsame Musik und
264 3801 1119 3860 „Trotz alledem folgten bald weitere. Der
255 3848 1125 3903 Dichter, der im Anfange nur Lyrik geschaffen
249 3893 1123 3940 hatte, wandte sich allmählich auch der Erzähl¬
261 3939 1123 3990 kunst zu. War er ehedem trotz mangelhafter
261 3983 1129 4038 Sprache ein großer Lyriker gewesen, so wurde
259 4020 1128 4076 er später, da er die Sprache immer mehr kul¬
270 4065 1128 4115 tivierte, ein subtiler Erzähler. Seine letzten
255 4110 1131 4154 Lebensjahre verbrachte er in Kitzbühel, wo
1244 234 1668 332 box 44/6
1160 1335 2029 1394 er eine kleine Papier= und Buchhandlung be¬
2061 1316 2919 1395 nen Gedichten wurde noch wenig erforscht. Aber
1157 1390 2016 1440 trieb. Dort starb er eines plötzlichen Todes.
2064 1390 2916 1438 eines wissen wir alle: daß aus seinen Ge¬
1234 1432 2023 1486 Die seltsame Mischung von Sozialismus,
2061 1430 2919 1493 dichten, von denen viele vertont wurden, der
1160 1474 2027 1531 Nationalismus und tiefer Heimatliebe in sei¬
2061 1477 2880 1542 österreichische Genius zu uns spricht. E. Th.
1993 1899 2541 2019 net,
2056 2011 2514 2111 28 JAN. 1933
1648 2159 2569 2236 60 Jahre Jünger der „Schwarzen Kunst.
1689 2210 2641 2276 Ein nicht alltägliches Jubiläum begeht der Inhaber
1658 2264 2638 2317 der Druckerei Bruno Bartelt, 18. Bez., Theresiengasse 3,
1652 2307 2641 2360 Herr Adalbert Carl Trupp. Am 1. Februar sind
1655 2342 2635 2396 60 Jahre seit dem Tag verflossen, an dem er den Buch¬
1653 2376 2635 2435 druckerberuf ergriff. Am 5. April 1860 in Wien ge¬
1649 2417 2631 2466 boren, begann er als erst Dreizehnjähriger am 1. Fe¬
1648 2456 2635 2516 bruar 1873 seine Lehrzeit als Buchdrucker bei Grasser
1653 2496 2620 2544 am Schottenring Nr. 8. Kaum ein Jahr am „Kasten
1653 2530 2635 2591 stehend, wurde Trupp, der viel Fleiß entwickelte, schon
1655 2573 2638 2629 Metteur-en-pages und es wurden ihm bald Zeitungen
1647 2604 2633 2663 übertragen, die er noch vor Beendigung seiner Lehrzeit
1647 2651 2633 2695 selbständig machen mußte, so Hafners „Oeffentliche
1649 2687 2635 2734 Meinung", „Der Cursalon", „Wiener Leben", später
1645 2728 2631 2784 Langers „Hans Jörgl. u. a. Als das Geschäft in den
1649 2758 2626 2816 Besitz des Faktors Bruno Bartelt überging, wurde
1649 2798 2636 2858 Trupp bei diesem Faktor und unter seiner Leitung
1645 2843 2626 2899 wurden zahlreiche Wiener Zeitschriften hergestellt,
1649 2874 2629 2926 darunter die „Wiener klinische Wochenschrift und „Danzers
1647 2916 2629 2973 Armeezeitung". Trupp stand mit Trägern von auch
1643 2953 2629 3010 heute noch klingenden Namen in Verkehr, so mit Anton
1649 2991 2631 3047 Langer, Dr. Magnus Hirschfeld, Ferdinand v. Saar,
1649 3031 2635 3078 Dr. Artur Schnitzler, Hugo v. Hoffmannsthal u. a. Im
1655 3069 2628 3117 Jahr 1915 wurden der nunmehrige Jubilar und seine
1647 3111 2626 3156 Gattin stille Gesellschafter der Firma Bartelt, 1916
1649 3144 2629 3198 wurde er als verantwortlicher Leiter bestellt, und als
1643 3185 2628 3244 sich vier Jahre später Herr Bartelt vom Geschäft
1642 3233 2629 3280 zurückzog, übernahmen dieses Trupp und seine Frau,
1640 3264 2628 3308 welch letztere ihrem Gatten jederzeit eine wertvolle
1653 3299 2629 3354 Stütze war und ist, ebenso nun auch der Sohn Adalbert
1648 3338 2629 3386 Trupp. Und so dient A. C. Trupp nun 60 Jahre
1649 3373 2628 3431 der „Schwarzen Kunst", ist Jünger derselben, und trotz
1647 3413 2630 3462 seiner 73 Lebens= und 60 Arbeitsjahre ist der Jubilar
1643 3457 2626 3502 geistig und körperlich frisch wie ein Jüngling. Er ist
1642 3500 2629 3550 nicht nur gesellschaftlich geachtet, sondern auch bei seinen
1649 3529 2626 3588 Angestellten beliebt, denen er mehr Vater als Chef ist.
1639 3572 2629 3624 Sie veranstalten daher am Samstag, den 28. d. M.,
1647 3604 2626 3658 im Saal der Oberösterreicher in der Jörgerstraße ein
1649 3649 2623 3694 großes Jubiläumsfest, das dem Jubilar zahlreiche
1647 3688 2623 3728 Ehrungen bringen wird. Adalbert Trupp jun hat seinem
1643 3722 2606 3769 Vater eine mit dem Leitwort „Gott grüß die Kunst
1643 3760 2617 3812 versehene Festschrift gewidmet, die anerkennende Würdi¬
1642 3803 2622 3847 gungen des Wirkens des Jubilars durch Abgeordneten
1642 3840 2622 3890 Doppler, durch die leitenden Persönlichkeiten der
1640 3871 2628 3935 fachlichen Verbände, Zeitungsherausgeber, Schriftsteller,
1643 3916 2502 3960 Gelehrte, Vereine und seine Mitarbeiter enthält.
