3344 4352
246 121 886 155 la amiglianza che place
188 149 890 200 a filisteo, sebbene ormai possa esser
192 186 893 232 largamente soddisfatta dalla fotogra¬
192 222 888 262 fla, può conferire un certo valore ad
192 259 890 297 un ritratto che, dal punto di vista
195 292 881 331 dell'arte, non ne avrebbe forse nessu¬
192 324 890 368 no: difatti se l’effigiato è una gran¬
195 355 888 394 de personalità della politica, dell’ar¬
192 392 888 431 te, della scienza, quella somiglian-
190 422 885 466 za, riconosciuta dai contemporanei,
192 461 890 508 può assumere pei posteri l'importan¬
193 494 890 550 za di un documento storico-culturale.
222 529 888 568 E stata evidentemente spirata a
192 559 888 603 simili considerazioni l’idea di aprire
192 596 888 637 l'esposizione del ritratto contempo¬
192 631 890 670 raneo austriaco che si può vedere at¬
190 661 890 714 tualmente al Kunstlerhaus. Sono
188 691 885 751 450 ritratti che ci fanno conoscere
192 726 885 765 maggiori esponenti dell’arte, della
188 762 890 804 politica, della scienza e della società
188 798 885 837 di Vienna. Il successo di pubblico à
936 806 1326 885 . .
195 828 881 869 grande, che ognuno, come naturale,
195 857 881 902 desidera vedere che faccia abbia il
1008 881 1484 944 Wilhelm Viktor Krausz:
200 899 890 937 personaggio di cui tante volte ha
1071 920 1433 985 Arthur Schnitzler.
195 936 881 973 sentit parlare, oppure vuol giudicare
192 966 879 1002 fino a qual punto è riuscito il ritratto
909 974 1595 1032 scientifici necessari al loro utile ma
188 997 846 1038 di una persona da lui conosciuta.
227 1025 1590 1071 Anche per noi la visita non è sgra¬ poco allegro mestiere: infine l’eser¬
195 1059 1586 1103 devole sebbene un po faticosa ; e cito enorme della media borghesia
195 1097 1583 1138 davvero anche se il livello artistico che ostenta dal catalogo i suoi titoli
192 1129 1583 1175 non sia eccessivamente basso à pure dal ritratto il tranquillo oroglie
190 1164 1579 1201 sempre difficile discernere fra questi della buona posizione conquistata
188 1192 1585 1247 quattrocentocinquanta ritratti i pochi che le di diritto al rispetto e alla
897 1233 1581 1273 considerazione dei più. Quanti Ho
904 1268 1583 1305 frat, Kommerzialrat, Baurat
904 1303 1592 1360 Medizinalrat Dio mio ci sono à
904 1333 1057 1377 Vienna!
927 1344 1593 1423 V’ poi una saletta che davvero
904 1395 1588 1442 un poema: dominata dal busto del
897 1435 1592 1483 borgomastro Seitz à tutta riservata
900 1472 1593 1511 agli Stadtrates agli eroi cioè del
900 1505 1588 1539 Comune rosso. Evidentemente essi de¬
900 1535 1593 1576 siderano tramandare ai posteri le
895 1571 1590 1620 loro sembianze e perpetuare con esse
895 1607 1588 1646 il ricordo del governo che han fatto
897 1641 1592 1694 della città. Ma i ritratti, che fissano
904 1674 1592 1713 i loro lineamenti per lo più semiti
897 1708 1604 1739 di borghesi ben sistematie ambitio¬
900 1739 1593 1778 si, tradiscono i loro veri sentiment
900 1775 1593 1817 meglio della critica più feroce. Ed 10
900 1804 1588 1852 proporrei che i cittadini di Vienna,
897 1841 1590 1885 tanto tartassati e impoveriti dai pa-
900 1878 1593 1919 zeschi esperimenti e dal malgoverno
897 1910 1590 1949 di questi rossi borghesi, facessero un
897 1945 1600 1986 ultimo sforzo, e acquistassero in
897 1973 1592 2026 blocco la sala per poterla trasportar
900 2014 1588 2049 di peso in qualche museo, dove po¬
906 2042 1592 2086 trebbe ricordare ai nepoti uno dei
900 2079 1595 2125 più tristi periodi della città. E sic¬
897 2110 1586 2151 come fra i ritratti della saletta vi è
900 2144 1593 2190 anche quello del terribile assessore
904 2177 1597 2216 delle finanze, Breitner, da vera emi¬
192 2209 1597 2272 Ferdinand Kitt: L'attrica Adrienne nenza grigia del comune rosso, po¬
459 2244 621 2299 Gesner.
897 2248 1583 2304 trebbero metter questo, che ha inol
195 2286 888 2351 veramente buoni nel senso che a noi
190 2344 883 2383 sopratutto interessa. L'Austria pos¬
186 2381 885 2422 siede numerost artisti che san farsi
190 2411 888 2457 perdonare la mediocrità del talento
192 2446 881 2494 con l’esecuzione diligente, accurata,
192 2485 881 2519 con la conoscenza profonda del me¬
188 2513 881 2559 stiere; e tali qualità, sterili agli ef¬
188 2547 890 2589 fetti dell'arte, assumono, trattandosi
188 2585 890 2628 di ritratti, un certo valore ; tanto più
192 2619 885 2659 che la presenza del modello, la vo¬
190 2649 893 2696 lontà di renderne la espressione for¬
188 2691 895 2731 za la mano a molti facendoli giun¬
188 2719 899 2761 gère dove non sarebbe certo arrivato
188 2758 890 2812 il loro ingegno timido e compassato,
190 2789 798 2830 come quello di tutti i mediocri.
211 2810 890 2867 Comunque la mediocrità non può
188 2853 890 2898 trovar grazia nel mondo dell'arte an¬
188 2890 893 2932 che se trova fortuna in quello dei
188 2921 890 2962 committenti, e allora, per respirare
195 2960 888 2999 un po occorre guardare a quei pochi
195 2995 890 3034 che, nell'arte contemporanea tengon
969 3011 1539 3073 Anton Hanak: Viktor Adler.
190 3027 888 3071 alto il nome dell'Austria. Non tutti
195 3062 881 3101 sono presenti, ma qui è Sergio Pau¬
192 3067 1590 3139 ser quello che fa le sue prove mi¬ tre il vantaggio di esser un magni¬
195 3125 1590 3171 gliori. Il ritratto della signora Hilde fico ritratto di Pitt, al posto d'onore
186 3150 1597 3201 Blumberger e della signora Anna anche a costo di dare un dispiacere
190 3189 1509 3240 Pauser unisce alla potenza espressiva personale al borgomastro Seitz.
199 3234 885 3273 pregi pittorici davvero singolari, im¬
1226 3224 1579 3299 Pino Tedeschi
195 3266 888 3308 postato su una originale compositio¬
192 3299 897 3335 ne quadrangolare si equilibra su un
192 3333 881 3375 accordo di gallo, verde, granata
934 3315 1583 3394 La Mostra interregionale
195 3363 890 3405 nero cosi pieno e potente da confe¬
192 3398 881 3442 rire all'opera una solennità miste
943 3382 1579 3452 di pittura moderna a Lecco
195 3433 888 3482 riosa. Di una forza di penetrazione
944 3449 1604 3493 Accanto alla Mostra agricolo-indu¬
192 3468 881 3503 eccionale à pure il ritratto del poe¬
922 3486 1606 3526 striale che si tiene ogni cinque anni
195 3502 883 3544 Billiger, mentre gli altri sei ritratt
192 3523 1606 3574 che espone son tutti degni del suo stata inaugurata anche una Rasse¬
913 3558 1597 3598 gna di pittura contemporanea di ca¬
195 3574 371 3616 ingegno.
915 3590 1599 3628 rattere interregionale organizzata dal
216 3586 879 3639 In Ferdinando Kitt la semplicité
915 3623 1609 3669 vice-podestà di Lecco architetto Cre¬
197 3637 883 3681 dell'impostazione conduce a sintes
192 3656 1556 3711 espressive di una intensité che anaghini e dal pittore Donato Frisia.
944 3672 1643 3746 Nomi notissimi hanno aderito all'in¬
199 3706 888 3743 tomizza con fredda ferocia il sogget¬
915 3725 1607 3771 vito di Donato Frisia: Arturo Tosi,
193 3736 885 3781 to. I numerosi ritratti che espone Gi¬
918 3762 1597 3799 Funi, De Chirico, De Pisis, Sironi,
192 3767 888 3820 seppe Dobrowski possiedono tutti una
199 3797 1600 3845 singolare forza comunicativa e son Lilloni, Chiringhelli, Vagnetti, Fri¬
199 3832 1600 3878 tutti magistralmente dipinti, Giorgio sia, Bernard. Ammirata la bellissima
200 3864 1606 3913 Merkel à uno del pittori più forti e decorazione delle sale, perfettamente
195 3901 1606 3947 di più acuto ingegno che vant l'Au¬intonata alle opere esposte, che sono
192 3936 1203 3978 stria, ma i suoi quattro ritratti mi una settantina.
943 3962 1604 4006 La mostra, una delle più interes¬
188 3973 893 4022 sembran troppo affrettati anche se la¬
192 4003 1604 4057 scian tutti affiorare il suo ecceziosanti di questi ultimi tempi, restera
181 4033 1556 4103 nale talento. Uno dei ritratti più am aperta sino alla fine di Settembre.
1972 1599 2761 1720 „OBSERVER
2065 1711 2717 1787 I. österr. behördl. konzessioniertes
2026 1752 2758 1834 Unternehmen für Zeitungs-Ausschnitte
2093 1819 2684 1901 WIEN, I., WOLLZEILE 11
2169 1892 2615 1942 TELEPHON R-23-0-43
1968 2005 2330 2088 Ausschnitt aus:
1973 2230 2095 2299 vom
2460 2348 2733 2468 ab
2239 2422 2603 2526 1932
1919 2533 3013 2610 Das deutsche Drama in Südslawien. Auf dem Belgrader
1834 2589 3004 2645 Nationaltheater kommen häufig deutsche Werke zur Aufführung.
1834 2643 3007 2693 Goethe und Schiller gehören zum Spielplan, von Hoffmannsthal
1843 2686 3020 2737 wurde „Elektra", von Schnitzler wurden fünf Stücke gespielt. Unter
1834 2728 3007 2775 den weiteren deutschen Werken, die teils aufgeführt wurden, teils
1834 2775 3007 2823 angekündigt sind, nennt die „Deutsche Bühne Freytags „Journa¬
1834 2816 3011 2865 listen", Hauptmanns „Hannele", Sudermanns „Ehre", „Sodoms
1843 2861 3011 2914 Ende" und „Heimat“, Klabunds „Kreidekreis, Bruno Franks
1840 2905 3013 2956 „Perlenkomödie" und Bruckners „Elisabeth von England, unter
1834 2951 3018 2999 den Opernwerken Freischütz, Fliegenden Holländer, Lohengrin und
1834 2993 3011 3066 Tannhäuser, Salome und Tiefland, Fledermaus und Bettelstudent.
