3392 4352
787 176 1489 270 RUE DU TEMBRE, 19,
442 204 591 292 Adresse
435 306 550 378 Die
943 290 1438 396 14 FEVRIER 1933
442 391 649 479 Signature
684 427 761 482 und
438 495 646 572 Exposition
354 561 2093 748 A propos du théâtre des Marionnettes
893 737 1544 912 de Salzbourg
389 959 2104 1036 En 1911-1912, j'allai rendre visite à Gor-Alors le théâtre ?... La réponse demande
1231 1022 1420 1084 réflexion
354 1029 1203 1077 don Craigh; je le trouvai dans son labora¬
1271 1040 2104 1113 N'est-il pas curieux que de très grands
345 1066 1212 1119 toire d'études de Florence. Il s'agissait de
1236 1099 2104 1152 esprits aient été si pris par le Théâtre des
352 1110 1207 1159 lui arracher quelques tuyaux afin de re
1249 1148 2104 1194 Marionnettes ? Nous savons que Musset,
354 1141 1205 1203 présenter à « L'Œuvre » Hamlet que lui
350 1183 2113 1242 même s'apprêtait à monter au Théâtre Boucher, Banville et même le père Hugo
1240 1227 2095 1275 s'y passionnaient. Un des derniers,
345 1233 1117 1304 Artistique de Stanislawski à Moscou.
1240 1262 2102 1317 l'apogée de son métier de dramaturge,
387 1262 1214 1337 Professant un grand respect pour les
350 1308 2102 1372 conceptions de Craigh, il s'agissait avant Maurice Maeterlinck, sentant peut-être les
1244 1348 2102 1405 tréteaux lui manquer sous les pieds, écri¬
352 1361 1214 1416 tout de m'instruire. Peut-être s'amu-
1247 1392 2113 1449 vit un chef-d'œuvre pour le Théâtre des
352 1403 1203 1458 de moi, c'est fort possible ; rien ne m'obli¬
1249 1431 1818 1493 Marionnettes, « Intérieur ».
354 1442 1214 1504 ge à en être certain aujourd'hui, mais il
1277 1447 2109 1524 Si aujourd'hui, nous ne recherchons pas
352 1482 1214 1539 me déclara tout net — et sur ce chapitre
1247 1504 2113 1563 la marinette homme, comme l'a fort
358 1526 1214 1583 j'ai été souvent moi-même d'accord avec
358 1550 2113 1620 lui que l'on ne pouvait rien obtenir justement fait remarquer Robert Kemp, il
1244 1601 2104 1645 est vrai que personne d'entre nous n'y pen¬
354 1609 1220 1658 d'acteurs en chair et en os lorsqu'on était
1247 1638 2113 1686 se, c'est que la sélection s'est accomplie
361 1653 1220 1702 un metteur en scène « inspiré » et que
1244 1680 2111 1724 dans l'esprit d'un petit nombre, que nous
361 1684 1218 1774 désormais, il travaillerait sur des marion¬
1240 1724 2102 1770 sommes écœurée du théâtre, et que ce pe¬
352 1741 493 1807 nettes.
1247 1757 2117 1807 tit nombre soupire après la folie et même
387 1761 1223 1840 Sa théorie qui m'est devenue familière,
1249 1803 2115 1849 l'extraordinaire Nous en sommes arrivés
354 1812 1214 1876 à cette minute là m'aurit quelque peu
1247 1838 2109 1902 à subir l’emportement de notre imagina¬
358 1860 1220 1917 mais ce diable d'homme avait toujours des
1247 1889 1552 1941 tion surexcitée.
361 1904 1220 1952 conceptions imprévisibles. Il avait, disait
1286 1913 2111 1977 Il y a quelques années, Franchain,
358 1952 1218 2014 il, jusque là échoué dans ses espérances
1253 1966 2113 2014 Terrasse, Bonnard se passionnèrent pour
361 1988 1223 2040 en triturant des vivants, il entendait
1255 2007 2117 2058 les marionnettes. Les Italiens en furent
352 2023 1214 2076 sculpter, animer les marionnettes avec
358 2049 2106 2126 plus de succès. Dans le Cirque, car le lieu toujours férus. Nous avons connu les fi
1247 2091 2113 2142 gure bouffonnes de Podrece qui ont
358 2109 1212 2164 où il me parlait et où son génie s'escri
1247 2133 2117 2177 quelque peu égale celles de Warton, et les
361 2150 1220 2205 mait, était un petit cirque très ancien,
1255 2172 2117 2216 Warton ne sont venus à la marionnette
358 2192 1225 2254 me désigna entre autres choses cinq ou
1249 2210 2117 2258 que par une longue hérédité de misères
365 2232 1218 2285 six personnages automates presque auss
1247 2249 2120 2302 de travail dans une famille d'acteurs fo¬
363 2269 1220 2331 grands que nature ; il se glorifiait d'en
1247 2291 2120 2342 rains. Av at celles du Docteur Aicher, si
358 2311 1220 2381 être le créateur et de pouvoir leur prêter
1249 2335 2117 2403 subtiles, s vivantes, je retrouve celles de
361 2359 493 2423 la vie.
1253 2370 2113 2425 M. Paul ramm, de Munich. Il vint à Pa¬
409 2377 1220 2454 Longuement. Craigh me développa se¬
1260 2414 2117 2465 ris en 1913 et donna quelques séances
365 2438 1220 2496 théories. Craigh était un homme habité »
1255 2458 2113 2509 chez les particuliers. Mortier, l'ancien di¬
365 2487 1225 2535 Ce qu'il défendait, c'est-à-dire l'autorité
1255 2498 2113 2555 recteur du Théâtre Michel, très excité par
361 2524 1227 2597 exclusive du metteur en scène négligent
1255 2535 2113 2590 ce que je lui fit entendre, en comprit le
365 2566 1223 2619 l'auteur, dédaignant la pensée du com¬
1253 2584 2120 2647 charme, il voulait en risquer l'aventure,
365 2603 1231 2665 dien, pouvait être écouté avec déférence ;
1255 2619 1623 2676 cela ne se fit pas.
374 2645 1229 2709 je le fis, je me gardai bien de lui répli¬
1288 2643 2122 2720 Paul Bramm avait installé la Marion¬
367 2678 2117 2748 quer par mes idées ; je m'en suis trouvé nette en quelque sorte à quart de côte, en¬
367 2735 1181 2788 bien. Craigh at il évolue ? Je l'ignore...
1260 2748 2120 2790 tre la nature (style Craigh) et celle du
409 2777 1220 2839 Mais la théorie de la puissance d'évoca¬
1260 2781 2117 2834 Docteur Aicher, mais le répertoire de Paul
378 2825 2117 2876 tion des marionnettes m'est restée dans Bramm, de Munich (la troupe s'appelait
369 2858 1227 2920 l'esprit. On sait que les peuples vraiment
1260 2872 2122 2920 les Artistes Munichois de Marionnettes)
367 2905 1227 2955 artistes ont tous eu un goût pour la ma¬
1260 2911 2126 2960 était quelque peu le même que celui de
369 2942 1227 2997 rionnette. Les marionnettes permettent
1260 2946 2120 2999 M. Aicher. La musique y tenait sa grande
367 2986 1229 3045 l'unité de jeu irréalisable au théâtre. Per¬
1269 2992 2124 3043 part; on y applaudissait « La Légende
374 3025 1229 3087 sonne n'ignore qu'en Extrême-Orient
1262 3036 2128 3083 de Faust », « Bastien et Bastienne » de
383 3072 1236 3124 (comme autrefois chez les Incas ou chez
1262 3069 2122 3122 Mozart, « La Servante Maîtresse », de
374 3111 1233 3168 les Aztèques, l'art de la marionnette est
1262 3113 2128 3168 Jean Pergolèse, « Le Roi Violon et la
374 3151 1231 3237 considéré comme un art supérieur et ra¬
1264 3160 2122 3204 Princesse Clarine », de Mahlman, « Le
1260 3195 2117 3248 Devin de village », de Jean-Jacques Rous¬
372 3204 466 3259 finé.
1264 3239 2113 3294 seau, Maeterlinck, Schnitzler. Des décora
413 3204 1238 3294 Si les enfant les apprécient si fort, c'est
376 3281 2124 3340 qu'instinctivement, pour la plupart, ils teurs tels que Salzmann collaboraient aux
1264 3327 2131 3373 décors. Il est évident que Paul Bramm
376 3318 1233 3375 sont plus sensibles à l'art que les grandes
1264 3357 2120 3408 cherchait toutefois des succès plus popu¬
378 3357 1229 3423 personnes, soyons en assurés Trop sou
1264 3408 2133 3456 laires que le Docteur Aicher, il créait le
376 3404 1231 3448 vent, on déforme l'esprit des enfants, mais
1271 3445 2128 3494 Guignol en quelque sorte pour les bons
376 3450 1225 3529 il est impossible de s'étendre ici longue
1264 3485 2137 3536 enfants de Munich et de l'Allemagne du
376 3492 833 3560 ment sur un tel sujet
1264 3529 2131 3577 Sud; il y croyait trouver ses ressources.
411 3520 1233 3599 Mais plus la marionnette est petite, et
1269 3569 2128 3619 L'Art de M. Aicher est beaucoup plus fin,
383 3582 1229 3635 le Docteur Aicher de Salzbourg a toute¬
1264 3608 2131 3661 mais je le vois poindre cependant après
376 3624 1238 3674 les raisons de jouissance, plus on peut lu-
1264 3646 2137 3700 celui de Paul Bramm. S'il est permis de
380 3668 1238 3716 suggérer une âme, raison de plus pour
1271 3685 2122 3738 le dire, il est beaucoup plus « de porce¬
387 3703 1143 3769 que la marionnette soit Lilli tienne.
1264 3733 2131 3782 laine », mais il est glorieux de pouvoir
418 3755 1240 3813 A l'audition d'une belle œuvre entre
1269 3773 2128 3817 suggérer pour cette raison, il faut féliciter
383 3797 1238 3857 cinq ou six personnes seulement, on goût
1271 3815 2131 3861 Mme Homberg, et encourager les jeunes à
383 3843 1238 3894 un plaisir qu'aucun acteur génialement
1273 3854 2128 3901 prendre le chemin de l'Ecole Normale de
385 3883 1242 3934 déformé - ils le sont tous ne pourra
1271 3896 2122 3945 musique pendant qu'il en est temps en-
389 3929 1238 3980 jamais atteindre ; la netteté, la fraîcheu¬
1269 3938 2117 3982 core. Mozart est là. Les anciens aussi peu
387 3967 1236 4022 de la marionnette est évocatrice, c'est un
1277 3978 2133 4022 vent y aller s'ils n'ont pas le goût trop
385 3995 2126 4072 apanage devant lequel on doit s'incliner, corrompu. La perspective est charmante,
418 4052 2131 4112 L'art de la marionnette est un art tout à le cadre est petit et chacun en prend pour
1264 4094 1456 4162 son rêve.
383 4101 1233 4151 fait supérieur, peut-être un jour trouvera
1803 4112 2084 4206 LIGNE-POE.
387 4140 1242 4206 ton une liaison avec le ciné parlant.
