3436 4352
166 243 543 360 13. Mis.
1211 242 1637 337 box 44/5
617 255 1029 360 nous
974 616 1765 763 „OBSERVER
1067 711 1727 798 1. österr. behördl. konzessioniertes
1037 763 1759 857 Unternehmen für Zeitungs-Ausschnitte
1105 816 1690 915 WIEN, I., WOLLEILE 11
1181 880 1629 956 TELEPHON R-23-0-43
991 1026 1411 1123 Ausschnitt aus:
1277 1035 1543 1161 en
1006 1259 1145 1330 vom
1303 1231 1702 1356 DEL. 95
1018 1546 2057 1648 Persischen der
1157 1733 1844 1819 Suso Waloa.
968 1801 1979 1888 Knapp vor seiner Abreise nach Wien.
1436 1880 1518 1940 Von
1332 1921 1613 2005 Oskar Geller.
1123 2003 2078 2070 München=Bogenhausen, im Dezember.
982 2058 2082 2120 Das elegant vornehme, neue Villenviertel jenseits der
880 2108 2087 2180 Isar — die Kolonie der Künstler, Literaten und all der glück¬
877 2164 2073 2228 lichen Menschen, die es sich leisten können, dem polternden,
886 2210 2095 2274 lärmenden und haftenden Trubel der Großstadt zu enteilen.
883 2260 2085 2326 Inmitten von Gärten zierliche Villen; an den Wänden und
880 2307 2102 2376 an den schmiede eisernen Eingangstoren klettert herbstlich ge¬
889 2359 2078 2424 färbter, rostbrauner Efeu empor — drin aber umfängt uns
880 2409 1423 2485 behaglich wohle Gefälligkeit.
991 2432 2084 2528 Wir sind bei Gustl Waldau zu Gaste. Seine Gattin, die
892 2511 2079 2581 scharmante, liebenswürdige Künstlerin Frau v. Hagen, bietet
880 2560 2075 2631 uns in papierdünnen chinesischen Täßchen mit schmalem Gold¬
880 2602 2079 2669 rand duftigen Mokka. Gustl Waldau hat Zigaretten und dicke
891 2654 2085 2722 Zigarren mit goldenen Bauchbinden“ bereitgestellt. Der süß¬
883 2698 2079 2776 herbe, aromatische Duft des Kaffees erfüllt den Raum und
883 2753 2084 2823 weckt verblaßte Erinnerungen an phantastisch mondhelle Nächte
883 2820 2081 2877 in Istambul. Milchigblauer Zigarettenrauch windet sich in aben¬
883 2850 2084 2920 teuerlichen Figuren und bald in Nichts zerfließend, zur Decke
883 2914 1020 2988 empor.
1006 2937 2085 3028 „Wie finden Sie München?" wende ich mich an Direktor
882 2999 1014 3078 Geyer.
1000 3022 2098 3107 Er sieht mich eine Sekunde lang an, lächelt wie ein
889 3090 2092 3160 Mensch, der guten Grund hat, zufrieden zu sein, und antwortet:
889 3149 2084 3216 „Ich komme immer wieder gern nach München, diese Stadt
892 3195 2087 3263 bietet jedesmal viel Interessantes und Anziehendes. Diesmal
889 3242 2082 3303 habe ich eine ganz besondere Freude erlebt, habe im Residenz¬
895 3291 2088 3358 theater unseren Waldau als George Dandin gesehen — wirklich
889 3336 2096 3408 großartig! Was Sie darüber im „Neuen Wiener Journal" ge¬
898 3393 2085 3453 schrieben, kann ich Wort für Wort unterstreichen. Aber auch
898 3440 2087 3507 „Der zerbrochene Krug hat mir in der höchst originellen und
898 3484 2085 3548 eindrucksvollen Inszenierung gefallen. Den Adam spielte an
895 3536 2075 3610 Stelle Wernickes Herr Hoch — ein famoser, tüchtiger Künstler!“
1003 3589 2090 3660 „Es ist sehr lieb von Ihnen, daß „George Dandin“ Ihnen
904 3639 2092 3707 so gut gefallen hat. Ich möchte ihn sehr gern auch in Wien
904 3691 2093 3754 spielen," nahm Waldau das Wort, „glauben Sie nicht, daß
895 3739 1556 3815 wir mit dem Stück Erfolg haben?
996 3773 2092 3870 „Mein lieber Waldau, antwortete Direktor Geyer, „das
888 3838 2092 3903 wissen Sie doch selbst ganz gut, daß man beim Theater nicht
898 3888 2101 3960 prophezeien darf! Man verspricht sich als Theaterleiter von
897 3937 2101 3995 einem Stück einen großen Erfolg und erlebt einen glänzenden
901 3987 2096 4052 Durchfall — man geht an ein anderes Stück nur zögernd und
904 4033 2107 4098 mit Herzklopfen heran und zur größten Ueberraschung stellt
904 4084 2098 4153 sich stürmischer Beifall ein. Es ist wirklich ein undankbares
895 4128 2092 4191 Geschäft, sich den Kopf der Presse und des Publikums zu zer¬
