3392 4352
1228 244 1659 337 box 4476
195 244 320 348 13.
376 219 1009 344 Miscellanen
1812 1186 2971 1259 ist das bebend Ungewisse, Erregende, dämmernd Über¬
195 1096 1054 1305 NEUE NOVELLEN
1809 1245 2974 1294 wältigende eines die gefahrvolle Grenze zwischen Freund¬
1812 1280 2978 1336 schaft und Liebe gerade überschreitenden Kinderverhältnisses
1812 1325 2974 1371 nicht mehr mit solcher Einfühlung, mit solch seelen¬
170 1301 602 1392 Sommer. Frundsberg¬
626 1301 1788 1395 Erzähler befreundet sich mit einem fünfzehnjährigen
1812 1360 2974 1409 enthüllender Anteilnahme gestaltet worden wie in dieser
630 1371 1792 1433 Knaben, der mit seinen Eltern in derselben Sommerfrische
1823 1398 2971 1447 vollkommenen Novelle Nable. Ohne Analyse, ohne
170 1392 602 1472 en Kunst zum Roman
626 1419 1792 1475 weilt, er beobachtet das Erwachen einer ersten Zuneigung
1819 1433 2974 1489 Reflexionen, nur aus der Schilderung des Beobachteten er¬
164 1444 595 1517 erk zur Sinfonie. Si¬
626 1451 1792 1510 zwischen diesem Knaben und einem zwei Jahre jüngern
1819 1478 2971 1524 wächst hier das Seelenbildnis und das Schicksal zweier junger
170 1489 602 1548 licht, dieselbe seelische
630 1485 1792 1552 Mädchen, die von der stillen Schönheit eines frühen Blüten¬
1819 1506 2971 1562 Menschen, die seiner Verstrickung erliegen, ehe ihnen aus der
198 1531 602 1583 Dichtung, aber noch
626 1531 1788 1586 tags erfüllt ist. Die Ankunft einer angeblichen Filmschau¬
1819 1548 2971 1600 Macht des Bewußtseins die Abwehrkräfte zur Verfügung
181 1565 602 1621 ner im Aufbau sein.
644 1569 2981 1649 spielerin reißt den Jungen plötzlich in die erste, aus der stehen. Eine psychologische Novelle also? Wenn man den
202 1600 598 1663 müssen die Themen
630 1597 1795 1666 Unschuld des Spiels heraustretende Jugendleidenschaft, der
1816 1621 2971 1673 ihr zugrunde liegenden „Fall" heranzieht, ja. (Und es be¬
174 1635 595 1701 und doch mit gleichen
626 1642 1788 1701 er psychisch und schließlich auch physisch, durch einen Ab¬
1812 1666 2974 1712 dürfte nicht der österreichischen Umwelt, um aus der psycho¬
167 1680 595 1739 langt Satzkunst, und
626 1684 2971 1746 sturz beim Blumenpflücken für die angeschwärmte Dame, logischen Kraft der Erzählung allein den österreichischen
177 1722 1785 1771 ennoch wirken — wie erliegt. Die kleine Freundin des Toten wirft bei der Be¬
1830 1739 2974 1781 Autor zu erraten.) Aber der „Fall" ist nicht das Wichtige
184 1760 2974 1826 oder, um berühmtere erdigung in kindlicher Verzweiflung, hinter der sich, ihr dieser Kindernovelle, sondern ihre gleichnishafte Gewalt, die
170 1792 595 1840 lose Novellen gibt es
626 1799 1788 1854 selbst unbewußt, der Haß der Liebenden auf die Neben¬
1812 1816 2974 1861 um so stärker ergreift und erschüttert, als sie aus Worten
170 1830 595 1889 ein schriftstellerischen
637 1830 1788 1892 buhlerin verbirgt, mit einem Stein nach der Frau, die an dem
1812 1851 2974 1892 und Sätzen von ruhiger Gelassenheit, aus einer Sprache von
170 1872 598 1917 daß die letzten Jahre
630 1868 2978 1938 Verhängnis schuld ist. Eine in der tatsächlichen Wirkung Klarheit, Zucht und nie verletzter Ordnung strahlt. Auch
167 1906 598 1955 er jungen Generation
630 1906 2974 1997 geringfügige, in der sinnbildlichen Größe um so stärkere dieses Buch zeigt, wie geschrieben werden muß, wenn wir zu
626 1945 831 2004 Bewegung.
174 1941 595 1997 blieben, den Roman.
1812 1965 2853 2011 einer neuen deutschen Novellenkunst kommen wollen.
170 1962 1778 2052 während die Novelle Seit Colettes unvergeßlicher Meisternovelle „Phil und Vinca¬
2696 1990 2971 2070 K. H. Ruppel
226 2018 595 2070 Mann und Arthur
167 2049 595 2122 listen der Vorkriegs¬
188 2094 595 2160 mehr zu geben, dem
181 2132 435 2185 chen können
188 2150 595 2226 Gottfried Kölwel,
177 2209 591 2272 ende Aufgabe ist, ist
170 2247 595 2303 Pause wieder No¬
177 2289 591 2348 enerfinder von großer
170 2320 588 2383 licher Klarheit, als
247 2362 584 2414 Sein Buch Der
167 2379 584 2453 nische Zeitung seiner¬
170 2435 588 2487 tes zum Vorabdruck
167 2470 581 2526 Seiten im Leben länd¬
167 2508 581 2564 lel weis, daß die
212 2546 574 2602 darf, sondern Ge¬
174 2581 581 2637 Eintritt das Schicksal
174 2630 574 2686 der Novelle nicht von
195 2665 577 2717 und gedeutet wird
191 2706 574 2755 Seelenzustand ver¬
181 2734 560 2786 in den andern über
174 2776 577 2821 ständen durchlaufen
181 2814 567 2870 de Novelle
205 2849 567 2908 der Satz gilt, da¬
184 2894 557 2943 aus diesen Be¬
177 2919 567 2985 hen, als ob Köwel
181 2971 567 3020 an denen sich die
184 3006 571 3068 liente. Daß sie da¬
205 3040 567 3100 Gewicht für der
205 3089 560 3141 dem die Novelle
181 3107 560 3173 einzurücken scheint
181 3155 484 3211 landschaftliche
188 3197 553 3256 penetranten Muffig
209 3235 557 3284 jenem großen, au
174 3260 557 3322 überwehenden Aten
205 3312 557 3364 schweizerische No
177 3354 560 3399 t aus dem Oster
177 3381 567 3444 in der Kelwelschen
184 3420 564 3475 an, wenn man die
177 3461 560 3514 det, wie sie Kölne
184 3496 564 3555 Reiz" zu verfallen.
177 3534 557 3594 die Art, wie seine
195 3573 550 3625 sondern gewisser
184 3611 560 3670 urch charakterisiert
184 3649 557 3705 ch das Verhängni¬
184 3687 564 3743 eine elementaren
184 3726 557 3781 und ursprüngliche
177 3757 557 3816 bildlichen Klarheit
177 3799 560 3854 sind die wichtigsten
181 3844 560 3896 die gerade dadurch
181 3875 560 3934 de deutsche Prosa.
181 3910 560 3973 nalismus wie von
181 3952 404 4018 gelten hat.
188 4039 557 4140 Wunderlich-Verlag,
184 4133 355 4192 Kiwel
