3392 4352
548 193 1329 292 OBSERVER
633 262 1292 331 I. österr. behördl. konzessioniertes
599 316 1326 392 Unternehmen für Zeitungs-Ausschnitte
666 365 1250 458 WIEN, I., WOLLEILE 11
744 434 1187 485 TELEPHON R-23-0-43
548 554 907 642 Ausschnitt aus:
1009 732 1280 840 JUNIS
551 780 672 871 vom
2320 834 2672 1106 reich.
1551 853 2048 1097 der ehe¬
1262 862 1524 1100 a
774 1015 1021 1109 es
319 1106 2729 1241 Baron Franckenstein, der österreichische Gesandte in London, als
678 1187 2389 1310 Gast in der königlichen Loge der Albert Hall.
1488 1283 1585 1356 Von
1202 1344 1877 1455 Egon Michael Salzer.
1542 1404 2732 1506 Frieda Leider und Fritz Wolff in das künstlerische Programm
997 1425 1491 1503 London, Anfang Juni.
425 1482 2735 1548 Das englische Königspaar gab dieser Saison durch persön- teilten, wurde zu ner unvergleichlichen Propaganda für Oester¬
1548 1536 2735 1591 reich. Der Abend hatte nur ganz bescheidene Ambitionen, ge¬
319 1533 1521 1609 liche Teilnahme an zahlreichen repräsentativen Veranstaltungen
1551 1582 2738 1642 staltete sich aber zu einer künstlerischen Sensation, wie sie selten
322 1597 1524 1651 und durch die Patronisierung besonderer Aufführungen und
325 1633 2738 1690 Konzerte einen besonders wertvollen Impuls. Gerade in dieser in gleicher Größe zu verzeichnen war. Es wurde prachtvoll
1545 1678 2732 1741 gesungen und die gehobene Stimmung, die das Publikum be¬
331 1687 1518 1741 schweren Zeit ist die Pflege der Kunst und Musik eine Pflicht der
1548 1723 2729 1786 herrschte, das sich wie gewöhnlich aus den Reihen der allerersten
328 1741 1515 1798 Allgemeinheit, um die Kultur nicht am schlechten Geschäftsgang
328 1771 2735 1838 und an der flauen Börsenstimmung zugrunde gehen zu lassen. Gesellschafts= und Kunstkreise rekrutierte, war der schönste Bei¬
1548 1823 2735 1886 fall, den die Künstler der Staatsoper erwarten durften. Wenn
322 1835 1518 1898 Um so bedeutsamer ist die Förderung, die fast allen maß¬
1548 1874 2735 1931 man sich einen Abend lang in einer österreichischen Umgebung
325 1883 1518 1943 gebenden Veranstaltungen seitens des Königshauses geboten
1542 1925 2744 1973 bei österreichischer Musik wohl gefühlt und die schönsten Stimmen
325 1931 1515 1985 wird. Der Prinz von Wales hingegen stellte sich an die Spitze der
1548 1970 2738 2045 der internationalen Oper hören durfte, behält man Oesterreich
328 1982 1518 2042 Industriepropaganda und versucht durch seine persönliche Anteil¬
322 2018 2323 2085 nahme die weitesten Kreise der Bevölkerung auf ihre Pflichten in dauernder, angenehmster Erinnerung.
1651 2039 2735 2118 Eine andere Veranstaltung in den Räumen der öster¬
322 2085 1527 2151 aufmerksam zu machen und die optimistische Stimmung zu
1545 2106 2732 2166 reichischen Gesandtschaft hatte nicht minderen Erfolg und bildete
322 2130 503 2196 erhalten.
1542 2163 2738 2217 die Attraktion für ein ernstes, musikverständiges Auditorium.
434 2154 1518 2229 Von allen in London vertretenen Mächten genießt von
325 2208 2744 2274 allem der österreichische Gesandte das besondere Vertrauen und Die Haydn=Quartett=Gesellschaft, die erst vor einiger Zeit in
1548 2250 2735 2314 London gegründet wurde, führte die von His Masters Voice auf
325 2274 1515 2329 die größte Wertschätzung seitens der königlichen Familie. Be¬
1545 2308 2747 2368 Schallplatten erstmalig festgehaltenen Haydn=Quartette vor. Die
325 2320 1521 2377 dem vor einigen Tagen in der Albert Hall veranstalteten
325 2350 2741 2422 Sensationskonzert der bedeutendsten Solisten der Welt, die sich mechanische Wiedergabe der prachtvollen Werke des mit England
322 2395 2744 2464 bereit erklärt hatten, zugunsten des Fonds für notleidende eng¬ so eng verbundenen österreichischen Meisters bildete einen einer
328 2449 2744 2518 lische Musiker ihre Kunst zu demonstrieren, wurden der Königin unmittelbaren Aufführung kaum nachstehenden Genuß. Ein
325 2488 2738 2603 besondere Ovationen zugedacht. Der Besuch des Konzerts Klaviervortrag des elfjährigen Pianisten Harold Wilson beschloß
322 2549 2100 2624 beschloß die Reihe der offiziellen Repräsentationen anläßlich des den interessanten Nachmittag.
1657 2561 2738 2654 Fast schien es, als wäre die vergangene Woche inoffiziell
322 2615 1524 2672 Geburtstages der Königin. Außer den Mitgliedern des Hofes
1548 2615 2741 2696 im Zeichen Oesterreichs gestanden, um diesem einer schweren
322 2657 1518 2711 und des persönlichen Gefolges des Herrscherpaares erschie¬
1548 2690 2741 2744 Klippe gegenüberstehenden Lande neue ehrliche Freunde und tat¬
322 2711 1524 2762 Baron Franckenstein, als einziger aus¬
1557 2732 2744 2796 kräftige Helfer zu gewinnen. In zwei Rotaryklubs, in Bristol und
322 2753 1518 2820 ländischer Gast in der königlichen Loge. Er sa¬
1551 2781 2741 2844 Watford, wurden zu Ehren Baron Franckensteins und Doktor
325 2805 1533 2868 zwischen dem König und der Princes Royal, eine Auszeichnung,
1551 2829 2744 2886 Stephan Mayers, des Repräsentanten der Oesterreichischen
328 2859 1524 2913 die zugleich eine beredte Würdigung seiner großen Verdienste
1551 2883 2744 2937 Bundesbahnen in London, Luncheons abgehalten, in deren
328 2907 1521 2982 um die Förderung und Bereicherung der Londoner musikalischer
1545 2922 2741 2988 Rahmen den Oesterreichern Gelegenheit gegeben wurde, über die
322 2955 1133 3034 und künstlerischen Darbietungen darstellte.
1551 2976 2753 3034 wirtschaftliche Lage ihres Landes zu sprechen. Baron Francken¬
440 3009 1527 3082 Das Interesse des Königspaares für österreichische Kunst
1554 3028 2741 3088 stein war am selben Abend der Vorsitzende bei einem Vortrag
328 3073 1521 3127 und ihre Künstler manifestierte sich in dieser Ehrenbezeigung
1548 3073 2750 3130 in der Universität von Bristol, wo der dort wirkende Grazer
337 3121 1524 3175 für den Gesandten unsers Landes ebenso wie in der Audienz, die
1551 3124 2747 3178 Professor Dr. Kloß über den Platz Oesterreichs in der deutschen
325 3166 1515 3223 der Wiener Tänzerin Tilli Losch anläßlich des Besuches der Maje¬
1548 3172 2744 3229 Literatur sprach. Er gab einen anschaulichen Ueberblick über die
337 3214 1524 3272 stäten im Lyzeumtheater gewährt wurde. Cochran, der Initiator
1551 3214 2747 3269 Entwicklung der österreichischen Literatur von der Zeit der
331 3263 1521 3317 der Reinhardtschen Aufführung des „Mirakels“, unterbrach
1548 3263 2744 3326 Minnesänger bis zum heutigen Tage. Er versuchte mit Erfolg
340 3314 2741 3368 seinen Urlaub und eilte auf die Nachricht von dem geplanten den Hörern die Werke Hofmannsthals, Schnitzlers und Werfels
334 3359 1521 3425 Besuch des Königs und der Königin aus Marokko nach London
1551 3365 2744 3422 durch kurze Charakterisierung ihrer Eigenheiten näherzubringen
340 3413 2735 3467 zurück. Die erlesenste Gesellschaft fand sich an diesem glanzvollen und den Weltrang der österreichischen Dichter aufzuzeigen.
340 3458 1521 3507 Abend im Lyzeumtheater zusammen und die Schauspieler boten
1557 3464 2738 3519 Dr. Mayer schilderte die ernste Lage Oesterreichs, die Notwendig¬
334 3510 2744 3561 ihr Bestes, um ihr Teil an dem grandiosen Abend beizutragen, keit der ausländischen Hilfe in bezug auf die Schaffung von
334 3555 1524 3606 Lady Diana Manners wurde vom Königspaar empfangen, das
1551 3561 2738 3615 wirtschaftlichen und finanziellen Erleichterungen. Er entwarf
337 3600 1518 3654 ihre hervorragende Leistung als Darstellerin der Madonna be¬
1548 3600 2741 3654 kurze Skizzen, die für die Schönheit der österreichischen Land¬
334 3645 1524 3705 wunderte. Nach Schluß der Vorstellung ließ der König Tilli
1557 3651 2744 3711 schaft werben sollten, und versicherte den englischen Gästen, daß
343 3696 1521 3757 Losch in seine Loge bitten. Die Königin verlieh ihrer Be¬
1551 3696 2732 3760 auch die ungewohnt schweren Umstände, unter deren Zwang
340 3742 1527 3802 wunderung über die prachtvolle Aufführung in deutscher Sprach¬
1551 3751 2738 3808 Oesterreich zu außergewöhnlichen Maßnahmen gezwungen ist,
343 3793 2738 3856 Ausdruck, der König beglückwünschte le als Hauptdarstellerin kein Hindernis für die gastfreundlichste Aufnahme der Fremden
349 3847 997 3925 zu dem außergewöhnlichen Erfolg.
1548 3847 2738 3895 darstellt, und die in die österreichischen Kurorte reisenden
449 3886 2735 3961 Die Reihe der österreichischen Künstler, die gegenwärtig Rotarier dessen versichert sein können, daß sie gerade so herzlich
337 3934 2744 4004 London Triumphe feiern, ist unabsehbar. Man könnte sich die willkommen geheißen und nicht minder gut versorgt werden
340 3986 2741 4058 Season ohne Wien nicht vorstellen. Der großartige Empfang würden als die Teilnehmer des im Vorjahr in Wien ab¬
343 4037 2109 4112 in der österreichischen Gesandtschaft, bei dem sich Lotte Lehmann, gehaltenen Rotarierkongresses,
