3392 4352
1166 260 1597 353 box 44/5
118 271 982 367 13. Miscellaneous
1071 553 1659 653 WIEN, I., WOLLEILE 11
1146 633 1590 695 TELEPHON R-23-0-43
935 746 1339 835 Ausschnitt aus:
1530 849 1972 922 Volks=Zeitung
1026 948 2448 1066 Der „Große Cafetier erinnert sich.
946 1057 1728 1120 Vielleicht zum Kolschitzky=Jubiläum, viel¬
1764 1053 2612 1122 ja, es war das Kaffeehaus des Parlaments
862 1108 2614 1164 leicht anläßlich seines 85. Geburtstages er= und die Gebrüder Pach hatten die Erlaubnis,
860 1153 1730 1204 innert sich Herr Gustav Pach an die 60 Jahre,
1761 1157 2621 1206 ihren Zeitungskatalog im Reichsrat auflegen
860 1197 2623 1257 die er nun in Wien ist, an die fast 35 Jahre, zu lassen. Dieser Zeitungskatalog
853 1242 2617 1291 die er hier eines der bekanntesten Prater= umfaßte die Kleinigkeit von 350 Blättern.
1761 1284 2617 1344 Sie machten eine Hauptattraktion des Café
862 1288 1730 1335 gasthäuser, das Schweizerhaus, und das
853 1335 1724 1384 damals berühmteste Café, das Central
1755 1328 2621 1382 Central aus, sie bildeten den Grundstock zu
1755 1368 2621 1422 dem großen Vermögen, das sich hier die beiden
862 1377 1728 1428 geleitet und besessen hat. Er erinnert sich und
853 1410 2617 1466 er möchte gern wissen, ob die vielen, die Zehn= Pach erworben haben. Aber um noch bei den
855 1455 2621 1506 tausende, die ihn und seine Etablissements ge¬ Gästen zu bleiben: Die Runde um Peter
1761 1502 2621 1555 Altenberg und Friedell war ja stadtbekannt,
860 1504 1737 1564 kannt haben, es auch tun. Ob die alte, die
853 1546 2623 1597 ältere oder gar noch die junge Generation wer Schachmatadore sehen wollte, mußte
1757 1586 2623 1637 ins Central. Der Zeitungen wegen sah man
862 1595 1728 1644 etwas Gedenken übrig hat für die großen
1761 1630 2632 1681 hier auch früher berühmt gewesene oder später
864 1637 1728 1693 Sammelstätten von Kunst, Politik und Schach¬
864 1673 2623 1728 spiel, wie es im Sommer in den erstgenannten berühmt gewordene Emigranten (Trotzkij),
853 1721 2623 1781 beiden Rubriken das Gasthaus im Prater und Fürsten, Häuptlinge, Abgeordnete, die es
1757 1759 2623 1810 waren, gewesen sind oder werden wollen. Wie
860 1770 1728 1817 zehn Monate im Jahr in allen Rubriken das
860 1801 2628 1855 Café in der Herrengasse gewesen ist. Jedenfalls das die Pachs gemacht haben, ein um
862 1850 2617 1906 sendet er allen seinen Freunden einen sehr herz- die Jahrhundertwende fast zugrunde ge¬
1757 1893 2623 1957 gangenes Kaffeehaus derart in die Höhe zu
855 1897 1730 1952 lichen Gruß aus dem Lainzer Krankenhaus
853 1935 2632 1997 wo er seit zwei Jahren untergebracht und so oringen? Der alte Herr Gustav zuckt die
1757 1981 1910 2050 Achseln:
860 1992 1728 2046 zufrieden ist, daß er 21 Kilogramm zu¬
860 2028 1726 2088 genommen hat und viel glücklicher als sonst
1977 2012 2412 2106 Rezept für gute Wirte.
862 2075 1737 2126 einer in seinem Alter sein mag, der wie er
1837 2075 2626 2146 „Das Rezept ist allzu selbstverständlich.
855 2119 1735 2172 allein auf der Welt steht, zwei Millionen Gold¬
1761 2128 2630 2181 Meine fünfzehn Kellner haben den strengsten
853 2166 2634 2226 kronen aus dem Nichts in harter Arbeit er=Auftrag gehabt, sämtliche Wünsche eines
860 2212 2634 2270 worben und dann ohne seine Schuld — an Gastes, die über die Normalität hinausgehen,
853 2243 1444 2321 Kriegsanleihe — verloren hat.
1764 2263 2630 2317 zu melden. Was ich erfüllen konnte, wurde
1764 2303 2639 2357 erfüllt. Beim Stammplatz des Grafen
986 2288 1624 2379 Vom Tee über Bier zum Kaffee.
1766 2350 2632 2399 Stürgkh, der immer bei einer gewissen Säule
940 2363 1708 2428 Das alles kam so (der „Große Cafetier¬
1766 2392 2641 2443 sitzen wollte, wo nicht besonders gutes Licht
869 2414 1733 2472 so nannte ihn Wien — erzählt es in völliger
1766 2434 2641 2481 war, ließ ich, ohne irgendwie dazu aufgefordert
862 2472 2632 2523 geistiger Frische, fließend, ohne auch einen worden zu sein, eine Lampe anbringen. Dies
862 2501 1730 2552 Augenblick nachzudenken): In Stettin ge¬
1761 2521 2639 2568 nur als einziges Beispiel. Oder: Als wir das
869 2552 1737 2603 boren, Gymnasium absolviert, nach London in
1766 2568 2632 2614 Central übernahmen, fand meine Frau, die
864 2592 1735 2637 eine Teehandlung, Chef ruft ihn, den „Mister
1761 2608 2630 2661 übrigens immer auch das süße Gebäck zu¬
869 2639 1735 2685 Petch", der bisher Buchhalter war: „Sie
1761 2652 2632 2710 bereitet hat, den Kaffee nicht gut genug.
862 2679 1721 2730 werden für uns nun reisen. Leben Sie wohl.
1766 2692 2634 2745 „Aber die Gäste sind ihn so gewohnt, sagte
869 2728 2634 2781 Mit diesem „Leben Sie wohl“, etwas Diäten der Küchenchef. „Man wird sie an Besseres
862 2772 1737 2819 und Provision ist er drei Jahre unterwegs,
1764 2777 2630 2832 gewöhnen," sagte meine Frau, und sechs
862 2817 1730 2868 bis er nach Wien kommt und von hier nich
1764 2821 2630 2877 Monate darauf hatte sich der Umsatz ver¬
857 2865 1730 2921 mehr fort will. Es gefällt ihm alles zu gut
1766 2868 2634 2923 sechsfacht. Das Geschäft blühte, solange ich
869 2903 1733 2954 und dieses Wohlgefallen, das er an unsrer
1764 2912 2630 2963 es hatte, also 16 Jahre lang. Die Losung
864 2945 1739 2994 Stadt findet, ist gegenseitig geworden. Kassier
1764 2952 2630 3008 betrug bis 1500 Goldkronen im Tag.
860 2990 1737 3041 im Bräuhaus Straßnicky. Im Restaurant
1768 2996 2632 3072 Ja trotz aller Billigkeit ging es uns bis zur
864 3034 1730 3083 dort sitzt seine Frau an der Kassa. So sammeln
1764 3043 2630 3092 Kriegsanleihe wunderbar. 1916 verkaufte
869 3076 1735 3128 sie Erfahrungen, die Eltern aus Deutschland
1761 3085 2626 3130 ich das Central um eine halbe Million Kronen.
869 3125 1735 3170 borgen etwas Geld, und damit übernimmt
1766 3128 2626 3179 Damit begann mein Abstieg, und jetzt lebe ich
864 3168 1730 3230 Gustav Pach das Schweizerhaus von Straß¬
1766 3165 2630 3234 körperlich von der Güte der Gemeinde, seelisch
869 3210 1606 3270 nicky und führt es von 1883 bis 1900.
1761 3216 2128 3287 von Erinnerungen.
942 3252 1735 3319 Was berühmt ist im Wien von damals,
1977 3259 2403 3341 Grüße von Roosevelt.
864 3316 1741 3367 verkehrt da unten, und Pach, der nach der
1833 3299 2626 3383 Die wichtigste von diesen Erinnerungen
869 3356 1733 3414 guten, alten Gastwirtsitte jeden gekannt hat,
1761 3361 2628 3425 hängt neben dem Bett, in dem Drei-Mann¬
860 3403 1735 3450 weiß von jedem auch Anekdoten genug. Wie
1766 3412 2623 3472 Zimmer im Pavillon X. Unter der Photo¬
862 3443 1670 3501 der Billroth - stets mit Gersuny
1761 3456 2630 3510 graphie und den herzlichen Grüßen von
869 3492 1735 3545 immer nach dem Brahms, der Brahms immer
1761 3494 2630 3552 Julius Tandler, nämlich ein Porträt von
860 3536 2623 3592 nach dem Billroth fragte, daß Anton Theudore Roosevelt, bei dem er 1907 im
862 3578 2626 3634 Bruckner in der Küche immer zusehen Weißen Hause eingeladen war. Um einen
860 3621 1730 3674 wollte, wie für ihn gekocht wurde, und sich
1764 3623 2630 3676 Vetter in Amerika zu besuchen, reiste er
862 3661 1730 3712 während des Wartens nicht selten bitten
1764 3674 2630 3721 (übrigens zugleich mit dem Wiener
862 3703 1737 3756 darüber beschwerte, daß ihn seine Zeit¬
1764 3709 2623 3758 Männergesangverein) nach New-York und
860 3747 1735 3807 genossen nicht verstünden. „Aber wenn ich tot
1764 3745 2628 3801 Washington, und er ist vom Prä¬
860 3796 1737 3845 bin, werde ich bestimmt berühmt," sagte dieser
1764 3801 2626 3847 sidenten, der Präsident von ihm so er¬
869 3832 2626 3889 Meister nicht nur der Musik, sondern auch freut, daß Teddy dem Wiener Cafétier die
860 3881 2626 3934 der Vorahnung. Mit Sueß und dem General= herzliche Inschrift und das schöne Bild mit
869 3925 2439 3974 intendanten Bezeny hat Pach pokuliert. Mit dem Sternenstreifenbanner beschert.
1846 3936 2621 4027 Schönere Zeiten nicht nur für Gustav
869 3969 1737 4018 Georg Reimers, um einen Lebenden zu
1764 3994 2630 4065 Pach, sondern auch für Wien, das Gast¬
864 4012 1730 4065 nennen, ebenso, und ein halbes Dutzend
869 4049 2634 4109 Bilder gibt davon Beweis, daß nicht nur wirtgewerbe und für die Kaffeesieder steigen
1757 4094 2628 4145 auf, wenn man ihn sprechen hört. Ein Stück
862 4098 1728 4147 der Pach nicht den Reimers, sondern auch der
860 4132 2630 4223 Reimers nicht den Pach vergessen hat, es be¬ Vergangenheit lebt da aufgehoben in diesem
