3436 4352
201 332 328 420 13.
392 329 847 424 Miscellan
946 343 1054 427 S
267 748 363 797 —
768 770 1002 846 I. Oesterr.
358 768 1098 868 OBSERVER behördl. konz.
380 841 1094 899 Büro für Zeitungsnachrichten
386 882 1085 935 WIEN, WOLLEILE
387 1016 894 1122 Volk. Beobachter, München
580 1092 976 1180 9. MRZ. 1933
631 1197 769 1278 Wien
403 1256 1014 1331 „Asien" von H. R. Lenormand.
314 1317 1087 1414 Deutsche Uraufführung im Burgtheater.
294 1383 1139 1446 Direktor Hermann Nöbbeling hat eine
260 1441 1134 1488 ausgesprochene Vorliebe für Kitsch. Wenn er
257 1477 1131 1525 einmal ein gutes Stück bringt, so trachtet er
264 1508 1136 1568 darnach, daß wenigstens in der Aufführung
260 1559 1131 1607 etwas Kitschiges sei. Ein schlechtes Stück aber,
254 1583 1136 1639 das irgendwie nach Großem und Bedeutendem
258 1633 1131 1684 aussieht — darin besteht ja meistens der
258 1668 1128 1722 Kitsch —, das allein scheint so recht nach seinem
257 1702 1136 1761 Herzen zu sein! Außerdem ist er abhängig von
257 1745 1125 1793 den Männern und Mächten, die das unerlöste
257 1782 1136 1836 Österreich derzeit noch beherrschen. Die Männer
258 1817 1125 1881 sind manchmal auch Frauen, und wenn Frau
251 1856 1131 1905 Verta Zuckerkandl einen französischen
251 1897 1132 1955 Schmarrn mangelhaft übersetzt hat, so muß er
251 1932 779 1983 in Wien aufgeführt werden.
297 1971 1128 2023 Lenormands „Asien“ wurde also unvermeid¬
248 2003 1128 2066 lich. Ist dieses Stück an und für sich schon wert¬
254 2050 1134 2103 los, so möchte man seine Aufführung im
245 2084 1125 2139 Burgtheater noch als einen besonders
244 2130 1131 2199 groben Taktfehler bezeichnen. Direktor Röbbe¬
257 2225 1142 2293 ling, der mehr in der jüdischen, aber in
257 2274 1136 2322 der deutschen und in der österreichischen Litera¬
260 2322 1138 2364 turgeschichte anscheinend so gut wie gar nicht
257 2359 1139 2408 bewandert ist, selbst er dürfte schließlich einmal
260 2398 1134 2442 davon gehört haben, daß ein gewisser Grill¬
264 2440 1139 2487 parzer eine gewisse „Medea“ geschrieben hat,
262 2476 1136 2527 und daß diese Tragödie, mit Frau Bleibtreu im
264 2508 1139 2554 Mittelpunkt, bis vor etwa zehn Jahren zu den
267 2542 1138 2595 glanzvollsten Leistungen des Burgtheaters gehörte.
267 2585 1138 2633 Lenormand selbst beruft sich allerdings nur auf die
264 2625 1136 2670 „Medea" des Euripides als sein Vorbild. Von
267 2667 1138 2708 Grillparzer weiß er nichts oder will er nichts
257 2698 1142 2750 wissen, denn nach seiner Ankunft in Wien hat
270 2738 1136 2785 er ausdrücklich erklärt, diese Stadt sei für die
255 2775 1139 2838 Franzosen die Stadt Arthur Schnitzes übri¬
264 2820 1139 2862 gens hat auch Corneille den gleichen Stoff be¬
264 2857 1139 2904 handelt und Cherubini (in Paris) eine Oper
264 2894 1136 2942 daraus gemacht. Lenormand könnte also in kei¬
257 2942 1136 2984 nem Falle behaupten, daß er etwas Neues
264 2977 1144 3021 erfunden habe, und den günstigsten Eindruck
257 3011 1138 3062 hofft er offenbar dadurch zu erwecken, daß er
264 3050 1136 3097 sich als Schüler und Fortsetzer des Euripides
257 3086 1136 3141 bekennt. Nichtsdestoweniger ist die Handlung
264 3127 1135 3172 seines Stückes genau dieselbe wie bei Grill¬
257 3167 1136 3216 parzer — nur der Selbstmord der Meden am
255 3211 1131 3262 Schlusse ist eine äußerliche Zutat. Daß Lenor¬
250 3243 1131 3297 mands Meden eine indische Prinzessin im heu¬
260 3286 1134 3333 tigen Asien und sein Jason ein französischer
262 3318 1134 3370 Forschungsreisender ist, und daß das Wider¬
257 3355 1139 3402 spiel Asien-Europa hauptsächlich in der Gegen¬
257 3395 1136 3440 überstellung von barbarischem Aberglauben und
253 3440 1136 3493 technischem Fortschritt veranschaulicht wird, ist
251 3475 1131 3520 auch nur etwas äußerliches, das keineswegs mit
251 3513 1136 3561 einer inneren Umformung, einer wirklichen
257 3555 1125 3601 „Modernisierung“ des Stoffes verwechselt wer¬
257 3591 1131 3636 den darf. Lenormand zeigt uns nichts von der
251 3633 1131 3675 Größe eines alten Kulturvolkes, das bisher von
248 3663 1128 3713 der modernen Zivilisation verschont geblieben
251 3703 1125 3747 ist, und ebenso wenig von dem „Dämonischen“,
251 3744 1134 3791 das den technischen Wundern der Neuzeit eigen
248 3780 1131 3828 ist. Hier ist alles leer und flach, im Geistigen
248 3821 1131 3875 wie im Handwerklichen, in den Gesprächen, in
245 3850 1125 3911 der Charakterzeichnung und in der Szenenfüh¬
251 3899 1125 3948 rung. Die unverwüstlichen Kräfte des Burg¬
251 3933 1129 3988 theaters, falsch verwendet und oft geradezu
258 3980 1131 4022 mißleitet von Röbbeling und seinen Regis¬
264 4015 1125 4060 seuren, taten brav und redlich das Ihre und
257 4053 1135 4097 steuerten das schwanke Fahrzeug zwischen La¬
254 4092 1134 4141 cherlichkeit und Langeweile in den Hafen eines
251 4131 1131 4178 lauen Achtungserfolges, der hauptsächlich der
250 4161 569 4228 Darstellung galt.
943 4170 1100 4217 M. M.
1236 325 1660 419 box 44/6
1636 1324 1729 1392 —
2118 1345 2364 1419 I. Oesterr.
1771 1358 2456 1441 BSERVER behördl. konz.
1741 1434 2459 1474 Büro für Zeitungsnachrichten
1715 1468 2459 1534 WIEN, WOLLEILE
1825 1502 2481 1583 Neue Freie Presse, WIEN
1995 1566 2303 1656 Abendblatt
1968 1659 2359 1761 2. APR. 1933
1522 1819 2649 1874 (Maria Delvard in der Urania.) Maria Delvard ist
1521 1877 2642 1922 nach langer Pause zum erstenmal wieder vor das Wiener
1521 1907 2635 1971 Publikum getreten, sie, die einst mit Frank Wedekind, Gumpen¬
1527 1951 2629 2010 berg und anderen Künstlern der Gruppe der „Elf Scharfrichter
1524 2003 2645 2053 als Zwölfte angehörte, mit Schnitzler, Peter Altenberg und Egon
1524 2047 2640 2110 Friedell das Kabarett „Nachtlichst gegründet, sehr interessant in
1525 2077 2656 2151 der „Fledermaus, gewirkt hat und überdies das Verdienst für
1562 2192 2674 2256 sich in Anspruch nehmen darf, die Lieder aus „Des Knaben
1552 2259 2683 2311 Wunderhorn auch in Frankreich bekannt gemacht zu haben.
1559 2296 2677 2347 Wie in Vorkriegstagen steht sie wieder im hochgeschlossenen, lang¬
1554 2340 2680 2382 und engärmeligen schwarzen Kleid schlank und schmal auf dem
1562 2376 2676 2433 Podium. Um die intelligenten, ausdrucksvollen Züge wellt dunkel¬
1552 2419 2676 2476 blondes Haar bis in den Nacken nieder. Marya Delvard, eine
1551 2463 2677 2513 eifrige Folkloristin, hat Archive durchforscht, alte Schriften studiert
1554 2506 2680 2551 und bei den Bauern im Poitou wenig bekannte Volksweisen
1548 2547 2674 2605 gesammelt. Alle ihre Lieder präsentieren sich unretschiert, textlich
1554 2591 2676 2643 und musikalisch genau so, wie das Volk sie singt. Ihren gesang¬
1559 2630 2680 2684 lichen Darbietungen ging eine erläuternde Conférence der
1562 2669 2676 2720 französischen Schriftstellerin Camille Semond voraus, die sehr
1559 2715 2683 2767 anregend und lebendig Landschaft, Bevölkerung, Sitten und
1556 2755 2686 2801 Volksbräuche des französischen Westens malte, mit all seinen
1559 2798 2686 2850 spezifischen Eigenheiten, seinem Aberglauben und seiner vom Wein
1551 2836 2680 2901 gesteigerten Fröhlichkeit. In der ersten Abteilung ihres Pro¬
1551 2883 2684 2931 gramms brachte Marya Delvard Volkslieder aus dem fünfzehnten
1556 2924 2683 2974 und sechzehnten Jahrhundert, „Quand tu tenais la caille, „Le
1556 2969 2686 3018 roi a fait battre le tambour, die erschütternde Ballade von
1554 3006 2683 3060 „Jean Renaud, die hecke Satire „La veuve und als Zugabe ein
1554 3050 2683 3101 modernes Matrosenlied. Während der Pause vertauschte die
1556 3089 2680 3135 Künstlerin das traditionelle schwarze Kleid mit einem bunten
1556 3128 2676 3184 Reifrochphantasiekostüm aus der Zeit Louis Philippes und sang,
1556 3174 2676 3228 solcherart die bäuerliche Note leicht betonen, etliche Volkslieder
1544 3215 2677 3260 aus der Vendée. In diesen kleinen gefänglichen Genrebildern
1556 3257 2683 3304 offenbart sich bezaubernd Marya Delvards eigenartig reizvolle
1562 3294 2676 3347 Art. Ein vielsagender Blick, eine flüchtig andeutende Hand¬
1556 3341 2686 3392 bewegung, ein kaum wahrnehmbares Achselzucken, sehr viel
1562 3382 2676 3433 Geschmack, natürliche Würde und delikater Humor — das sind
1554 3423 2691 3500 die Requisiten einer scharmanten Kunst, die man mit Freude in
1554 3467 2470 3517 der bekannten französischen Diseuse wieder begrüßte.
