3392 4352
182 213 332 321 13.
390 208 837 323 Miscellan,
1219 213 1645 317 box 4476
890 221 989 319 .
998 512 1247 595 DI
792 597 1682 712 ÉCHOS
968 692 1653 775 PLACE DE L'OPERA, 6, IX
794 735 953 803 Adresse
788 831 911 907 Date:
1054 805 1465 924 24 JUIN 1933
794 924 1000 1009 Signature
798 1011 996 1106 position
968 1113 1690 1219 CHRONIQUE
963 1200 1675 1358 DE VIENNE
992 1384 1695 1449 Comme il est difficile d'être un
952 1438 1682 1495 témoin! L'an passé, à cette épo¬
952 1482 1688 1554 que, je voyageais en Espagne. Un
952 1529 1695 1579 matin, sortant de l'Alhambra,
952 1577 1684 1629 j'achetais un journal de Paris et
948 1612 1688 1670 j'y las qu’il y avait eu la grève
944 1657 1690 1720 générale à Madrid, je venais de
952 1708 1695 1764 passer huit jours insoucieux; le
948 1746 1684 1797 lendemain, j'appris qu'une bombe
946 1796 1682 1842 avait éclaté à Grenade où je me
953 1835 1681 1890 trouvais alors. La grève m'avait
942 1877 1679 1938 échappé et je n'avais pas entendu
944 1914 1681 1976 la bombe. Tout à l'heure, je me
942 1968 1682 2020 suis assis, à Vienne, dans un de
944 2016 1681 2074 ces beaux fauteuils jaunes que
948 2052 1684 2126 hôtel Bristol a disposés sur le
944 2100 1679 2146 Ring, de chaque côté de son en¬
953 2141 1684 2198 trée. La flanerie est charmante,
942 2189 1675 2235 ainsi comprise, et je me suis di¬
953 2232 1679 2280 verti plus d'une fois à regarder les
948 2278 1684 2328 passants, de ce parterre. Pourtant,
942 2319 1679 2369 en 1921, la grâce de Vienne y prit
948 2363 1684 2413 un jour un caractère dramatique.
939 2410 1675 2456 On mourait de foim, non seule¬
939 2445 1679 2504 ment dans les faubourgs, mais
948 2495 1684 2567 chez des bourgeois ruinés par
942 2527 1682 2597 l'inflation. De vieilles familles
944 2582 1690 2649 expropriées par les moratoires et
944 2619 1679 2677 la planche à billets se retrou¬
948 2669 1675 2716 vaient soudain avec pour toute
942 2712 1679 2768 fortune des milliers de couronnes
939 2757 1679 2805 en papier qui leur permettaient
942 2799 1675 2853 tout juste d'acheter la ration de
944 2844 1684 2894 pain d'une semaine. De pauvres
939 2883 1675 2936 êtres erraient sur les boulevards,
1697 2901 2428 2974 pourrait-il enfin trouver son
939 2922 1660 2985 n'osant pas encore mendier, cher
935 2942 2419 3014 chant on ne sait quel remède à calme ? Ces jolies personnes qui
1703 3007 2415 3061 possèdent, vraiment, une grâce ori¬
939 3011 1670 3064 leur détresse. Une fin d'après¬
939 3050 2424 3102 midi, ils lancèrent des pierres ginale, ces vieux bourgeois raffi¬
942 3089 2419 3150 dans les glaces des hôtels. Ce fut nés, ce peuple bienveillant n'ont¬
1697 3139 2419 3189 ils pas le droit de rester eux-mê¬
942 3139 1666 3192 une courte échauffourée : une
1699 3183 2412 3226 mes sans avoir à sceller une al¬
939 3183 1670 3235 lambée de colère contre ceux que
942 3222 2412 3272 ces malheureux considéraient liance qui les a déjà perdus ?..
942 3265 2419 3324 comme les profiteurs de leur Et pourquoi en sont-ils au point
1694 3313 2415 3356 où la nation se divise et où la po¬
942 3307 1664 3367 ruine. Et, de fait, on rencontrai¬
942 3356 2415 3406 alors, dans ces hôtels, d'habiles litique prend ce caractère qui gâte
942 3398 2009 3452 trafiquants qui recueillaient des la vie sociale
1727 3443 2415 3497 Je ne vais pas chercher la part
931 3448 1664 3512 trésors dans ce naufrage. Cette
1694 3480 2350 3547 de responsabilité que nous
935 3484 1666 3541 curée était très vilaine, et je ne
933 3526 2412 3588 sais si un pays (je pense au mien) avons, ni même celle de nos de¬
1690 3578 2412 3628 voirs. Durant ces derniers quinze
935 3580 1660 3628 aurait la force ou la patience de la
935 3619 1380 3682 supporter deux fois.
1684 3623 2419 3675 ans, qu'on appelle la paix, et où
1699 3665 2421 3716 je me suis quelque peu promené
985 3656 1657 3717 Trois ans plus tard, les vien¬
929 3710 2421 3762 mois les plus légers avaient appris dans le monde, j'ai perdu le goût
1694 3755 2415 3801 de trouver des solutions aux pro¬
933 3756 1664 3805 eux-mêmes les règles du jeu, les
1694 3797 2413 3849 blèmes, encore moins d'en propo¬
935 3799 1660 3849 lois de la hausse et de la baisse, e
935 3838 2412 3886 faisaient des fortunes sur la dé- ser, ce qui n’est ni de mon rôle,
1694 3883 2419 3940 ni de ma compétence. Mais quand
933 3879 1664 3938 faillance du franc. Le trottoir, vu
935 3927 1664 3983 des fauteuils jaunes, avait repris
1697 3923 2419 3981 je vois dans ce pays l'agitation re¬
935 3966 2417 4044 un air prospère, les spéculateurs, naître sous l'impulsion de la
933 4003 1657 4061 comme M. Castiglion ou M. le
1694 4014 2341 4062 nouvelle Allemagne, quand
928 4057 1655 4114 sel, plongeant sans cesse dans ce
1688 4061 2410 4103 comprends qu'à la douceur de
1697 4092 2412 4148 Vienne on essaye de substituer
926 4092 1666 4161 gouffre sans fond of tombaient
