3344 4352
158 237 266 338 3
1183 228 1610 330 box 44/6
326 235 994 344 Miscellaneous
357 650 1062 784 „OBSERVE.
446 735 1104 828 I. österr. behördl. konzessionierte,
417 791 1137 876 Unternehmen für Zeitungs-Ausschnitte
492 847 1062 938 WIEN, I., WOLLEILE 11
565 911 1006 977 TELEPHON R-23-0-43
365 1046 658 1144 Ausschnitt a
645 1073 1164 1193 Wr. Allgemeine Zer¬
658 1227 1079 1343 8 APR. 1933
388 1295 521 1353 vom
872 1428 1594 1538 NERIE
475 1615 2026 1774 Kulturzentrum Wien
1256 1758 2127 1841 wird, keineswegs unbegabten „National¬
434 1770 1218 1847 Wien ist im Begriffe, eine große geistige
1260 1837 2127 1897 dramas" statt. Im Parkett soll, ent¬
342 1841 1218 1895 Flüchtlingsstadt zu werden. Das Exil alles
1266 1886 2123 1949 sprechend frack= und ordensbesät, die Stim¬
344 1891 1220 1944 dessen, was der Hitler=Kaserne Deutschland
1260 1936 2127 1990 mung jedoch einfach eisig gewesen sein. Das
342 1938 1218 1996 überflüssig, wurmstichig, zersetzend und sitt¬
1266 1986 2133 2042 ist ebenso erfreulich wie logisch. Qualität
344 1990 1216 2046 lich faul erscheint. Seit Wochen dauert
1260 2036 2123 2090 läßt sich nicht organisieren und herbei¬
342 2036 1216 2098 dieser Zustrom wirklicher Persönlichkeiten,
1264 2082 2133 2140 agitieren. Qualität auf jedem Gebiet ist
338 2088 1216 2146 die in solcher Eigenschaft völkisch verfemt
1270 2133 2129 2183 das Endergebnis der Jahrhunderte Ge¬
344 2138 1212 2191 und unausgesprochen, aber auch unwider¬
1264 2181 2131 2237 sittung, Zucht und Demut persönlichen wie
351 2185 1220 2241 sprochen verbannt sind. Die Recht= und
1264 2233 1741 2295 kulturellen Empfindens.
342 2237 1218 2295 Geistlosigkeit ihres augenblicklichen Zu¬
345 2287 1216 2341 standes hat manche dieser Flüchtlinge so
1337 2279 2042 2347 Es ist also, vorläufig wenigstens,
344 2331 1212 2389 weit verwirrt, daß sie noch immer an eine
1260 2333 2123 2393 gut wie aus mit der Theater= und Geistes¬
1260 2378 2137 2440 stadt Berlin. Das Schlageter=Drama Hans
342 2384 1212 2445 mögliche Rückkehr nicht bloß in eine schmäh¬
1264 2430 2123 2486 Johst steht dort als einzige angeblich künst¬
342 2434 1218 2484 lich geduldete Existenz, sondern in eine ge¬
347 2474 1214 2542 sicherte und auch moralisch geordnete Wirk¬
1264 2480 2131 2530 lerische Verheißung am Aufbauhorizont, und
1264 2526 2123 2584 Richard Billinger schreibt bereits Gedicht
351 2530 1212 2582 samkeit glauben. Das ist natürlich eine
1264 2577 2131 2633 im Völkischen Beobachter“. Auch der
357 2580 1214 2634 fromme oder vielleicht sogar in einigen
351 2629 1218 2681 Fällen verständlich feige Selbsttäuschung.
1264 2621 2123 2683 „Simplicissimus", läßt auf einer Schluß¬
1266 2675 2127 2729 seite rund um den Grabstein Bismarcks die
344 2675 1210 2729 Die Dichter, die Publizisten, die Theater¬
1264 2721 2131 2775 korrig kahlen deutschen Sichen wieder in
342 2719 1218 2781 leute, die auf den gewissen Enthebungs¬
1264 2768 2131 2827 zarten, jungen Trieben ergrünen. An
344 2777 1218 2833 listen der neudeutschen Antikulturpropa¬
1270 2818 2127 2870 schlotternd gutem, hemmungslos after¬
342 2822 1212 2883 ganda stehen, werden sich für längere Zeit
1264 2872 2135 2930 aktrobatischem Willen fehlt es gewiß nicht.
342 2868 1210 2928 eine neue Heimat suchen müssen, was ihnen
1260 2918 2123 2968 Aber es fehlt weiß Gott an Talent, an Ein¬
342 2920 1212 2986 psychologisch keine Schwierigkeiten bereiten
1270 2966 2133 3022 fällen, an Schwung, es fehlt an dem, was
342 2968 1183 3022 dürfte, aber auch ein neues Arbeitsfeld¬
1260 3019 2127 3078 jetzt konsequent ausgetrieben, geachtet und
347 3011 1214 3071 und hier eröffnet sich eine katastrophale, von
1260 3069 2032 3138 zu Schanden geprügelt wird: an Geist.
342 3069 1218 3138 der Tücke des Schicksals geradezu teuflisch
1345 3115 2129 3165 Wien, wie gesagt, erhält jetzt dafür den
342 3117 828 3200 komplizierte Perspektive
1260 3161 2129 3219 Ueberfluß, und zwar leider, leider, einen
440 3146 1222 3235 Wien hätte jetzt jede Chance auf allen
1266 3210 2127 3271 virklichen Ueberfluß. Man braucht Namen
351 3225 1218 3285 geistigen Gebieten: in Bälde werden ver¬
1260 3260 2127 3312 nicht erst zu nennen, um darzutun, was alles
351 3273 1222 3331 mutlich die ersten Schriftsteller Deutsch¬
1260 3310 2148 3372 jetzt hier präsentiert und produziert werden
347 3318 1214 3381 lands, zumindest die agilsten und aktivsten
365 3372 1212 3430 Publizisten hier versammelt sein. Jener
351 3418 1218 3466 Umsturz der Gesetze, der Begriffe und jeg¬
351 3468 1218 3528 licher Kulturvoraussetzung hat sogar aus
357 3515 1218 3569 Max Reinhardt jenen simplen Herrn Gold¬
347 3563 1218 3621 mann gemacht, der jetzt seine Zeit vermut¬
353 3611 1216 3667 lich sogar nicht ungern mit einer Josef¬
353 3655 1224 3717 städter Regie verbringen wird. Was an
347 3706 1216 3767 prominenten Regisseuren und Schau¬
363 3752 1222 3810 spielern des Berliner Theaterlebens der
347 3808 1224 3864 Linksgesinnung noch nicht überführt ist oder
351 3854 1222 3922 seine rassisch verdächtige Abstammung
347 3904 1220 3964 augenblicklich mit nicht gerade beneidens¬
347 3955 1224 4005 werter Charakterfixigkeit geschickt be¬
347 3995 1224 4057 mängelt, hat gleichwohl nur eine knappe
353 4049 1222 4107 Gnadenfrist verächtlicher Duldung vor sich.
359 4099 1229 4150 Die Berliner Zeitungsverleger, die in
359 4142 1218 4192 ihrer Majorität nicht gerade von den
2167 1343 3040 1415 konnte. Es sind die ersten unter jenen
2171 1411 3036 1469 Namen, auf die Deutschland bis jetzt in nicht
2171 1465 3040 1513 gerade allzu bescheidener Weise stolz war.
2167 1509 3040 1561 Schauspielerinnen, die den Zauber und die
2167 1554 3036 1613 Energie ihrer Anmut über den Erdball
2165 1608 3042 1671 trugen und gleichwohl jetzt ein vermutlich
2162 1656 3038 1706 bald schnöde erledigter Rassebelang vor¬
2173 1700 3036 1762 den sind, Männer die das Handwerk des
2167 1751 3040 1820 Theaters mit bekennerischer Inbrunst be¬
2171 1799 3038 1859 treiben, immerdar einer Idee und sei es
2171 1851 3038 1905 auch nur der restlos hingegebenen Traum¬
2167 1897 3036 1953 lebens, dienend, Schriftsteller, die in jeder
2165 1949 3036 1999 polemischen Zeile, mit der sie angeblich den
2167 1996 3040 2046 Landesverrat sittlich unumgänglichen Pazi¬
2171 2044 3038 2104 fismus der Seele und der Dialekt übten,
2167 2092 3034 2146 noch immer die besten, weil die aufrich¬
2167 2144 3036 2204 tigsten, die kritischesten und die fanatisch
2167 2192 3034 2264 und selbstmörderisch opferwilligsten Deut¬
2177 2239 2409 2306 schen waren.
2258 2268 3032 2349 Es fehlt im Kreise dieser Flüchtlinge
2167 2335 3036 2385 der Kultur und der Ehre und nicht minder
2167 2380 3036 2445 derer, die ihnen kameradschaftliche und
2167 2430 3036 2497 miteuropäische Treue der Gesinnung halten,
2177 2480 3040 2546 ganz einfach und banal gesagt, nur an Geld.
2173 2530 3034 2584 Aber Geld ist ein realer, ein nur realer Ve¬
2173 2578 3036 2638 lang, der von einer großen Gewißheit und
2167 2625 3036 2687 Erfülltheit noch stets bewältigt worden ist.
2177 2677 3040 2733 Anwesenheit des Geistes allein ist eine große
2177 2723 3047 2787 und beglückende Bereicherung. Und eine
2173 2771 3034 2835 seltene Gnade, dieses Asyl des Gedanken¬
2173 2822 3034 2874 rechtes und der selbstverständlichen Sittlich¬
2173 2874 3036 2930 keit auch im Meinungsstreit bieten zu
2167 2918 3034 2966 dürfen. Welthistorische Rolle des Kultur¬
2173 2968 3030 3028 gewissens, durch die Mozarts und Schuberts
2171 3017 3038 3080 Harmonie des musikalischen wie moralischen
2173 3069 2509 3130 Takts schimmert.
2252 3109 3036 3196 Ein soeben Angekommener sprach es
2165 3157 2272 3231 aus:
2260 3177 3042 3293 „Ich bin in Oesterreich. Ich atme
2165 3240 2349 3331 wieder
2509 3281 3009 3378 Ludwig Ullmann
