3344 4352
1151 222 1579 340 box 44/5
114 228 977 347 13. Miscellaneous
224 676 1026 822 „OBSERVER
318 788 979 853 I. österr. behördl. konzessioniertes
287 822 1008 923 Unternehmen für Zeitungs-Ausschnitte
343 883 932 970 WIEN, I., WOLLEILE 11
419 956 876 1015 TELEPHON R-23-0-43
1187 1010 2085 1066 Schnitzlers und ein pastellgetönter, der den gleichen
1192 1062 2085 1122 Dichter darstellt. Diese Gesichter bleiben unvergeß¬
1192 1111 2092 1174 lich: sie leben und tragen die Eigenart ihres
217 1060 1026 1225 Ausschnitt aus der Se.
1196 1154 2085 1216 Schöpfertums in ihren Zügen. Professor Diet er¬
1198 1203 2083 1299 zählt aus seinem Leben, aus der Fülle seiner Er¬
768 1212 1158 1344 DEL.
1201 1254 1337 1326 lebnisse.
215 1281 340 1373 vom
1252 1268 2083 1366 Ein leiser Schauer überfällt den Besucher,
1198 1353 2092 1409 wenn er mit einem Hinweis auf ein Bild, das den
1198 1396 2092 1458 Kronprinzen Rudolf aufgebahrt zeigt, berichtet, wie
1198 1447 2092 1512 dieser versprochen hat, ihm am Tage seines Selbst¬
511 1418 961 1530 Besuch bei Le Diet.
340 1496 2092 1572 Ein geräumiges Atelier im vierten Stockwerk mordes zu sitzen und der Künstler statt des von
1210 1546 2092 1606 ihm erwarteten Kronprinzen die unerwartete Todes¬
284 1555 1180 1620 eines Hauses Bapt. Durch breite
1212 1590 2101 1655 nachricht empfing. Man kann sich lange nicht von
298 1604 1185 1671 Fenster fällt das Licht auf unzählige Bilder
1214 1640 2099 1707 dieser Fülle seltener Eindrücke lösen, von dieser
296 1653 1185 1736 und Skizzen aus vergangenen Jahrzehnten:
300 1691 2101 1765 Porträts, Landschaften, phantastische Kompo¬ zauberhaften weltfernen Insel eines genialen und
1942 1740 2068 1819 s. c. h.
1214 1740 1817 1828 nur allzu bescheidenen Künstlers,
305 1752 1178 1812 sitionen in Ol, Aquarell, Bleistift. In einer
291 1796 1185 1864 Ecke steht eine frühe Gipsbüste Ambrosis, die
298 1841 1194 1906 den Professor Diet in jüngeren Jahren darstellt.
300 1895 1196 1960 Seltsam berührt es, wenn der greise Meister, die
298 1944 1194 2007 markante, sympathiestrahlende Erscheinung, mitten
298 1991 1180 2059 unter seinen Werken steht, unter diesen mannig
309 2043 1189 2106 faltigen Bildern, die ein reiches Leben hundert¬
307 2088 1196 2153 fach widerspiegeln, die erzählen von seinen Reisen
305 2137 1189 2215 in den Orient, nach Italien, Agypten und die mit
305 2188 1198 2258 großer Wärme die Liebe des Malers zu Graz
305 2249 1196 2300 und zur österreichischen Landschaft wiedergeben.
305 2289 1201 2345 Leo Diet, der schlichte, gütige Mensch, der begna¬
314 2334 1196 2397 dete Künstler, unermüdlich schaffend, voll neuer
314 2381 1203 2446 Ideen, voll Begeisterung am Schönen hängend und
1749 2359 2307 2484 SERVER
1402 2370 1693 2484 E
309 2430 1203 2489 immer bereit, Neues aufzunehmen und in seine
1584 2468 2220 2522 österr. behördl. konzessioniertes
318 2480 1207 2560 Bilder zu verwandeln. Suggestiv bannen da der
1396 2468 2251 2587 Unternehmen für Zeitungs-Ausschnitte
316 2531 1210 2587 Dämonie ausstrahlende Kopf Beethovens, der
1575 2560 2191 2634 WIEN, I., WOLLEILE 11
318 2587 1210 2639 schwermütige Chovins, dessen blasses Antlitz in
1658 2623 2097 2677 TELEPHON R-23-0-43
314 2628 1210 2688 herrlichem Kontrast zu einem dunkel=weinroten
318 2677 1203 2733 Hintergrund steht oder die gelbbetonte Abgelebt¬
316 2724 1210 2791 heit eines Oskar Wilderträts. Besonders sein
1313 2701 2688 2804 Aus Neue Freie Presse, Wien vom 2.12.1932.
314 2773 1214 2867 charakterisiert erscheint ein gezeichneter Kopf Arthur
1561 2811 2421 2919 Kunst und Kulturförderung.
1411 2916 2878 3017 .... Im ersten Stock des Künstlerhauses sind
1340 2999 2838 3076 jetzt die Kunstwerke ausgestellt, die aus den
1360 3069 2820 3138 100.000 Schilling-Kredite der Gemeinde Wien
1337 3114 2863 3190 zur Förderung der Gegenwartskunst" in den Jah¬
1331 3183 2798 3246 ren 1930 und 1931 angekauft wurden, darunter
1331 3208 2993 3317 manches Vortreffliche, so W. V. Krausz Schnitzler-
1337 3277 2874 3353 Porträt, das diesmal nur durch die weisse and
1335 3344 2905 3423 und durch die Feuerwerkskünste der benachbarten
1348 3391 2905 3470 Böckl und Huber vollkommen totgemacht wird! Das
1351 3454 2849 3528 Blumenbild des ersteren ist übrigens wirklich
1342 3508 2899 3577 ein brillanter Farbenfleck und bei aller Roheit
1342 3566 2908 3647 der Woche eines seiner besten Stücke. Auch die
1378 3622 2865 3698 Dame in Grün" repräsentiert das sehr proble¬
1340 3678 2932 3765 matische Talent Dobrowsky von der besten Seite:
1348 3750 1555 3846 ...
