3436 4352
993 120 1922 235 Mauersischen der
1144 306 1808 406 als Wasaa-
959 390 1950 488 Knapp vor seiner Abreise nach Wien.
1413 467 1491 527 Von
1317 513 1589 594 Oskar Geller.
1102 563 2030 655 München=Bogenhausen, im Dezember,
962 644 2047 715 Das elegant vornehme, neue Villenviertel jenseits der
856 695 2056 760 Isar — die Kolonie der Künstler, Literaten und all der glück¬
862 749 2053 807 lichen Menschen, die es sich leisten können, dem polternden,
871 795 2066 850 lärmenden und hastenden Trubel der Großstadt zu enteilen.
871 843 2062 906 Inmitten von Gärten zierliche Villen; an den Wänden und
862 891 2054 953 an den schmiede eisernen Eingangstoren klettert herbstlich ge¬
868 944 2048 1017 färbter, rostbrauner Efeu empor — drin aber umfängt uns
862 987 1403 1073 behaglich wohle Gefälligkeit.
965 1019 2050 1114 Wir sind bei Gust. Waldau zu Gaste. Seine Gattin, die
868 1085 2050 1159 scharmante, liebenswürdige Künstlerin Frau v. Hagen, bietet
859 1144 2050 1193 uns in papierdünnen chinesischen Täßchen mit schmalem Gold¬
862 1189 2053 1245 rand duftigen Mokka. Gustl Waldau hat Zigaretten und dicke
859 1237 2050 1303 Zigarren mit goldenen „Bauchbinden“ bereitgestellt. Der süß¬
859 1288 2050 1351 herbe, aromatische Duft des Kaffees erfüllt den Raum und
853 1336 2050 1401 weckt verblaßte Erinnerungen an phantastisch mondhelle Nächte
859 1385 2054 1440 in Istambul. Milchigblauer Zigarettenrauch windet sich in aben¬
859 1430 2054 1500 teuerlichen Figuren und bald in Nichts zerfließend, zur Decke
862 1488 992 1561 empor.
971 1508 2056 1615 „Wie finden Sie München?" wende ich mich an Direktor
864 1583 989 1665 Geyer.
974 1601 2065 1684 Er sieht mich eine Sekunde lang an, lächelt wie ein
859 1675 2062 1729 Mensch, der guten Grund hat, zufrieden zu sein, und antwortet:
856 1723 2056 1792 „Ich komme immer wieder gern nach München, diese Stadt
859 1771 2059 1823 bietet jedesmal viel Interessantes und Anziehendes. Diesmal
862 1820 2057 1878 habe ich eine ganz besondere Freude erlebt, habe im Residenz¬
865 1869 2056 1934 theater unseren Waldau als George Dandin gesehen — wirklich
871 1917 2056 1978 großartig! Was Sie darüber im „Neuen Wiener Journal" ge¬
870 1967 2056 2030 schrieben, kann ich Wort für Wort unterstreichen. Aber auch
865 2015 2056 2078 „Der zerbrochene Krug hat mir in der höchst originellen und
865 2063 2065 2121 eindrucksvollen Inszenierung gefallen. Den Adam spielte an
865 2113 2038 2179 Stelle Wernickes Herr Hoch — ein famoser, tüchtiger Künstler!
971 2170 2063 2235 „Es ist sehr lieb von Ihnen, daß „George Dandin“ Ihnen
871 2220 2066 2279 so gut gefallen hat. Ich möchte ihn sehr gern auch in Wien
868 2267 2071 2352 spielen," nahm Waldau das Wort, „glauben Sie nicht, daß
871 2313 1529 2387 wir mit dem Stück Erfolg haben?"
962 2357 2068 2441 „Mein lieber Waldau, antwortete Direktor Geyer, „das
859 2423 2069 2486 wissen Sie doch selbst ganz gut, daß man beim Theater nicht
868 2474 2065 2533 prophezeien darf! Man verspricht sich als Theaterleiter von
868 2519 2071 2572 einem Stück einen großen Erfolg und erlebt einen glänzenden
865 2568 2062 2628 Durchfall — man geht an ein anderes Stück nur zögernd und
871 2617 2068 2671 mit Herzklopfen heran und zur größten Ueberraschung stellt
874 2668 2063 2729 sich stürmischer Beifall ein. Es ist wirklich ein undankbares
865 2715 2068 2769 Geschäft, sich den Kopf der Presse und des Publikums zu zer¬
865 2763 2047 2828 brechen, es kommt ja doch meistens anders, als man gedacht hat.
968 2814 2059 2887 „Aber wir müssen doch, lieber Herr Direktor, über das
862 2866 1795 2939 Repertoire meines Gastspiels ins reine kommen.
980 2932 2063 2989 „Gewiß! Nun, eine Anzahl Stücke sind ja bereits fest¬
862 2977 2062 3037 gelegt. Dazu kommen noch ein Schnitzler=Abend und Guitrys
868 3019 1993 3084 „Nachtwächter“. Alles weitere wird sich auch noch finden."
974 3081 2056 3147 „Sie sehen sich doch heute noch „Hut ab vor Onkel Teddy
962 3132 2071 3188 — ich glaube bestimmt, daß ich gerade mit diesem Stück
871 3179 2071 3240 in Wien sehr gut abschneiden werde. Zudem hat auch meine
874 3231 1856 3311 Frau darin eine sehr schöne und dankbare Rolle."
974 3270 2063 3347 „Ja, ich bin heute abend im Theater und Sie dürfen
859 3335 2069 3401 versichert sein, daß ich der Aufführung mit viel Aufmerksamkeit
874 3389 1130 3463 folgen werde.
980 3428 2065 3498 „Wenn Ihnen also „Onkel Teddy" gefällt, nahm
874 3489 1445 3537 Frau v. Hagen das Wort...
981 3507 2068 3592 „Was mir in München am besten gefällt," unterbrach
874 3576 2074 3642 sie Direktor Geyer lächelnd, „ist die Tatsache, daß das Theater
874 3627 2077 3680 ausgezeichnet geht. Ausverkaufte Häuser! Wohl empfindet man
874 3678 2069 3737 dabei so etwas wie Neid, anderseits weckt es frohe Hoffnungen,
868 3723 2068 3785 die Theaterverhältnisse seien auf dem besten Wege, so richtig
877 3773 2068 3832 in Zug zu kommen. Die Theater beginnen wieder zu gehen,
871 3821 2068 3887 wie man zu sagen pflegt, und da München und Wien eng
870 3874 1261 3937 verschwistert sind...
980 3922 2075 3978 „Toj, toj, tj, fiel ihm Waldau ins Wort und klopfte
871 3969 2071 4024 dreimal mit dem Knöchel des Zeigefingers auf den Tisch,
874 4012 2069 4067 nachdem er die Tischdecke weggeschoben. „Und darauf", fuhr
871 4063 2068 4130 er dann fort, „muß man trinken. Worauf er in die Kristall¬
874 4109 1701 4166 gläschen goldgelben Cognac einschänkte...
