<?xml version="1.0" encoding="UTF-8" standalone="yes"?>
<PcGts xmlns="http://schema.primaresearch.org/PAGE/gts/pagecontent/2013-07-15" xmlns:xsi="http://www.w3.org/2001/XMLSchema-instance" xsi:schemaLocation="http://schema.primaresearch.org/PAGE/gts/pagecontent/2013-07-15 http://schema.primaresearch.org/PAGE/gts/pagecontent/2013-07-15/pagecontent.xsd">
    <Metadata>
        <Creator>prov=READ-COOP:name=PyLaia@TranskribusPlatform:version=2.12.1:model_id=39995:lm=provided:date=28_03_2024_22:18</Creator>
        <Created>2019-10-07T20:38:00.188+02:00</Created>
        <LastChange>2024-03-28T22:18:13.132+01:00</LastChange>
        <TranskribusMetadata docId="224460" pageId="9579267" pageNr="50" tsid="156402770" status="IN_PROGRESS" userId="40391" imgUrl="https://files.transkribus.eu/Get?id=VQPUSJAAJNVWUREITUAVDEFI&amp;fileType=view" xmlUrl="https://files.transkribus.eu/Get?id=YLCOZIEYDZEQIEPKOPYRADKE" imageId="6208360"/>
    </Metadata>
    <Page imageFilename="224460_0050.jpeg" imageWidth="3392" imageHeight="4352">
        <ReadingOrder>
            <OrderedGroup id="ro_1712662272404" caption="Regions reading order">
                <RegionRefIndexed index="0" regionRef="tr_1"/>
            </OrderedGroup>
        </ReadingOrder>
        <TextRegion orientation="0.0" id="tr_1" custom="readingOrder {index:0;}">
            <Coords points="116,296 116,3711 3152,3711 3152,296"/>
            <TextLine id="tr_1_tl_1" custom="readingOrder {index:0;}">
                <Coords points="1187,330 1361,341 1383,324 1469,326 1515,355 1566,333 1614,341 1614,262 1540,253 1456,269 1436,251 1394,271 1339,249 1269,271 1220,253 1187,264"/>
                <Baseline points="1199,319 1225,319 1251,319 1277,320 1303,322 1329,322 1355,322 1381,322 1408,322 1434,322 1460,321 1486,319 1512,319 1538,319 1564,319 1590,318 1617,316"/>
                <TextEquiv>
                    <Unicode>box 4476</Unicode>
                </TextEquiv>
            </TextLine>
            <TextLine id="tr_1_tl_2" custom="readingOrder {index:1;}">
                <Coords points="423,315 597,370 674,352 793,370 861,346 991,359 1004,253 841,273 795,249 592,255 504,286 421,264"/>
                <Baseline points="435,319 463,319 492,320 521,322 550,322 579,323 607,325 636,325 665,325 694,325 723,325 751,325 780,323 809,323 838,325 867,325 895,326 924,328 953,331 982,335 1011,337"/>
                <TextEquiv>
                    <Unicode>sans</Unicode>
                </TextEquiv>
            </TextLine>
            <TextLine id="tr_1_tl_3" custom="readingOrder {index:2;}">
                <Coords points="154,361 198,355 236,370 308,335 390,361 405,350 493,357 491,324 443,322 366,258 300,302 267,300 214,267 150,273"/>
                <Baseline points="164,328 189,326 215,326 241,329 266,332 292,334 318,335 343,338 369,340 395,340 420,340 446,340 472,340 498,340"/>
                <TextEquiv>
                    <Unicode>13.</Unicode>
                </TextEquiv>
            </TextLine>
            <TextLine id="tr_1_tl_4" custom="readingOrder {index:3;}">
                <Coords points="454,962 1326,958 1326,894 454,892"/>
                <Baseline points="465,952 508,949 551,947 594,946 638,946 681,945 724,943 768,943 811,943 854,943 898,943 941,943 984,943 1027,943 1071,943 1114,943 1157,943 1201,943 1244,940 1287,940 1331,940"/>
                <TextEquiv>
                    <Unicode>gebou de muck met zang moet weken voor</Unicode>
                </TextEquiv>
            </TextLine>
            <TextLine id="tr_1_tl_5" custom="readingOrder {index:4;}">
                <Coords points="128,985 240,978 273,962 361,978 414,974 414,905 330,894 269,921 216,925 181,901 167,907 128,892"/>
                <Baseline points="140,958 165,957 190,955 216,955 241,955 267,955 292,955 318,955 343,955 369,955 394,955 420,955"/>
                <TextEquiv>
                    <Unicode>behoort tot zyn</Unicode>
                </TextEquiv>
            </TextLine>
            <TextLine id="tr_1_tl_6" custom="readingOrder {index:5;}">
                <Coords points="447,1000 1319,991 1319,958 1240,945 447,960"/>
                <Baseline points="459,990 502,990 545,990 588,990 632,989 675,988 718,988 762,988 805,988 848,987 892,985 935,985 978,986 1021,987 1065,985 1108,985 1151,988 1195,988 1238,985 1281,985 1325,985"/>
                <TextEquiv>
                    <Unicode>de society dans met muck, but he kunst¬</Unicode>
                </TextEquiv>
            </TextLine>
            <TextLine id="tr_1_tl_7" custom="readingOrder {index:6;}">
                <Coords points="454,1046 1326,1044 1308,993 454,1009"/>
                <Baseline points="465,1032 508,1033 551,1034 594,1033 638,1030 681,1029 724,1030 768,1032 811,1031 854,1029 898,1029 941,1029 984,1029 1027,1029 1071,1030 1114,1032 1157,1029 1201,1029 1244,1029 1287,1029 1331,1029"/>
                <TextEquiv>
                    <Unicode>zinnige Weenen, wellwaar in den persoon van</Unicode>
                </TextEquiv>
            </TextLine>
            <TextLine id="tr_1_tl_8" custom="readingOrder {index:7;}">
                <Coords points="130,1073 150,1079 194,1059 258,1070 284,1057 308,1068 418,1057 418,993 374,991 308,1024 249,1013 225,1022 189,993 130,991"/>
                <Baseline points="143,1050 168,1052 193,1053 219,1053 244,1052 270,1050 295,1051 321,1053 346,1051 372,1050 397,1050 423,1050"/>
                <TextEquiv>
                    <Unicode>che volks¬</Unicode>
                </TextEquiv>
            </TextLine>
            <TextLine id="tr_1_tl_9" custom="readingOrder {index:8;}">
                <Coords points="454,1099 1326,1081 1326,1042 1258,1031 454,1048"/>
                <Baseline points="465,1077 508,1077 551,1077 594,1077 638,1075 681,1074 724,1074 768,1074 811,1074 854,1074 898,1074 941,1075 984,1076 1027,1074 1071,1074 1114,1074 1157,1074 1201,1074 1244,1074 1287,1074 1331,1074"/>
                <TextEquiv>
                    <Unicode>den Italiaanschen Lopresti, maar niettemin</Unicode>
                </TextEquiv>
            </TextLine>
            <TextLine id="tr_1_tl_10" custom="readingOrder {index:9;}">
                <Coords points="137,1110 192,1110 207,1121 253,1101 269,1112 412,1112 414,1062 326,1070 286,1057 249,1070 200,1059 154,1073 137,1068"/>
                <Baseline points="149,1101 175,1101 202,1100 229,1099 256,1098 283,1098 309,1098 336,1097 363,1096 390,1095 417,1095"/>
                <TextEquiv>
                    <Unicode>alt voor een</Unicode>
                </TextEquiv>
            </TextLine>
            <TextLine id="tr_1_tl_11" custom="readingOrder {index:10;}">
                <Coords points="456,1134 1319,1128 1319,1081 1139,1073 456,1090"/>
                <Baseline points="468,1125 510,1122 553,1122 596,1122 639,1120 682,1119 725,1121 767,1120 810,1119 853,1118 896,1117 939,1119 982,1118 1025,1117 1067,1119 1110,1118 1153,1116 1196,1116 1239,1116 1282,1116 1325,1116"/>
                <TextEquiv>
                    <Unicode>onder allerhoogste bescherming van het Kel¬</Unicode>
                </TextEquiv>
            </TextLine>
            <TextLine id="tr_1_tl_12" custom="readingOrder {index:11;}">
                <Coords points="134,1170 167,1150 258,1156 293,1148 317,1159 333,1150 407,1148 407,1110 297,1106 286,1114 253,1101 211,1121 178,1108 134,1110"/>
                <Baseline points="146,1143 172,1143 199,1143 225,1143 252,1143 278,1143 305,1141 331,1140 358,1140 384,1139 411,1137"/>
                <TextEquiv>
                    <Unicode>de literatur</Unicode>
                </TextEquiv>
            </TextLine>
            <TextLine id="tr_1_tl_13" custom="readingOrder {index:12;}">
                <Coords points="449,1172 1328,1170 1328,1128 1264,1121 449,1139"/>
                <Baseline points="462,1164 505,1165 548,1166 592,1166 635,1164 679,1164 722,1164 766,1164 809,1164 853,1164 896,1163 939,1162 983,1164 1026,1163 1070,1161 1113,1161 1157,1161 1200,1161 1244,1158 1287,1158 1331,1161"/>
                <TextEquiv>
                    <Unicode>zerlyke en Koninglyke Hof, het Theater</Unicode>
                </TextEquiv>
            </TextLine>
            <TextLine id="tr_1_tl_14" custom="readingOrder {index:13;}">
                <Coords points="137,1192 152,1187 181,1209 207,1194 260,1192 280,1205 319,1200 333,1214 359,1196 421,1192 423,1141 374,1156 333,1150 315,1161 300,1150 258,1148 218,1159 139,1156"/>
                <Baseline points="149,1185 176,1185 203,1185 231,1185 258,1186 286,1187 313,1186 340,1185 368,1185 395,1184 423,1182"/>
                <TextEquiv>
                    <Unicode>drachtklas¬</Unicode>
                </TextEquiv>
            </TextLine>
            <TextLine id="tr_1_tl_15" custom="readingOrder {index:14;}">
                <Coords points="449,1220 1322,1211 1322,1172 1273,1165 449,1172"/>
                <Baseline points="462,1211 505,1209 548,1208 591,1208 635,1206 678,1205 721,1205 765,1206 808,1207 851,1205 895,1205 938,1205 981,1204 1024,1202 1068,1203 1111,1205 1154,1202 1198,1202 1241,1202 1284,1199 1328,1199"/>
                <TextEquiv>
                    <Unicode>nächst der Burg. Hier is dus aanvankelik,</Unicode>
                </TextEquiv>
            </TextLine>
            <TextLine id="tr_1_tl_16" custom="readingOrder {index:15;}">
                <Coords points="185,1231 253,1238 267,1229 278,1240 293,1233 308,1240 337,1229 350,1242 377,1236 385,1244 414,1233 414,1198 357,1198 339,1211 311,1196 269,1205 253,1194 209,1192 185,1203"/>
                <Baseline points="197,1226 224,1226 252,1226 280,1226 308,1227 336,1229 364,1229 392,1229 420,1229"/>
                <TextEquiv>
                    <Unicode>dat in zyn</Unicode>
                </TextEquiv>
            </TextLine>
            <TextLine id="tr_1_tl_17" custom="readingOrder {index:16;}">
                <Coords points="456,1264 1326,1255 1326,1214 1214,1207 456,1225"/>
                <Baseline points="468,1256 511,1253 554,1253 597,1253 640,1253 683,1251 726,1250 770,1250 813,1250 856,1249 899,1247 942,1247 985,1247 1028,1247 1072,1247 1115,1247 1158,1247 1201,1244 1244,1244 1287,1244 1331,1241"/>
                <TextEquiv>
                    <Unicode>maar altyd weer met onderbrekingen door</Unicode>
                </TextEquiv>
            </TextLine>
            <TextLine id="tr_1_tl_18" custom="readingOrder {index:17;}">
                <Coords points="121,1277 156,1288 170,1280 275,1288 306,1277 416,1280 416,1236 388,1244 377,1236 346,1242 333,1229 282,1240 267,1229 227,1240 187,1231 121,1247"/>
                <Baseline points="134,1271 160,1271 186,1271 212,1271 238,1271 264,1271 290,1271 316,1271 342,1271 368,1271 394,1271 420,1271"/>
                <TextEquiv>
                    <Unicode>bruit heeft</Unicode>
                </TextEquiv>
            </TextLine>
            <TextLine id="tr_1_tl_19" custom="readingOrder {index:18;}">
                <Coords points="456,1306 1324,1304 1326,1255 1236,1242 458,1262"/>
                <Baseline points="468,1298 511,1298 554,1296 597,1295 640,1295 683,1295 726,1294 770,1292 813,1292 856,1292 899,1292 942,1292 985,1292 1028,1291 1072,1289 1115,1289 1158,1289 1201,1289 1244,1289 1287,1289 1331,1286"/>
                <TextEquiv>
                    <Unicode>toonelspel, het doen van de mule drama¬</Unicode>
                </TextEquiv>
            </TextLine>
            <TextLine id="tr_1_tl_20" custom="readingOrder {index:19;}">
                <Coords points="134,1324 163,1319 181,1333 196,1326 227,1337 264,1317 300,1330 335,1324 346,1335 407,1324 407,1280 306,1277 216,1288 134,1280"/>
                <Baseline points="146,1316 172,1316 199,1316 226,1316 253,1316 280,1316 306,1316 333,1316 360,1316 387,1315 414,1313"/>
                <TextEquiv>
                    <Unicode>ble in for</Unicode>
                </TextEquiv>
            </TextLine>
            <TextLine id="tr_1_tl_21" custom="readingOrder {index:20;}">
                <Coords points="458,1359 1273,1352 1319,1344 1322,1304 460,1306"/>
                <Baseline points="471,1340 513,1340 556,1340 599,1340 641,1340 684,1340 727,1338 769,1337 812,1337 855,1337 898,1337 940,1337 983,1336 1026,1334 1068,1334 1111,1334 1154,1334 1196,1334 1239,1334 1282,1334 1325,1334"/>
                <TextEquiv>
                    <Unicode>tische Kunst. Na veel wisselingen van troepen,</Unicode>
                </TextEquiv>
            </TextLine>
            <TextLine id="tr_1_tl_22" custom="readingOrder {index:21;}">
                <Coords points="128,1368 181,1377 196,1368 222,1377 238,1361 308,1377 348,1361 414,1368 414,1328 399,1324 370,1326 352,1341 324,1324 302,1330 293,1322 222,1337 207,1328 183,1333 163,1319 128,1333"/>
                <Baseline points="140,1364 165,1361 190,1361 216,1361 241,1361 267,1361 292,1361 318,1361 343,1361 369,1361 394,1361 420,1361"/>
                <TextEquiv>
                    <Unicode>ken, ligt een</Unicode>
                </TextEquiv>
            </TextLine>
            <TextLine id="tr_1_tl_23" custom="readingOrder {index:22;}">
                <Coords points="458,1399 1319,1385 1319,1344 1244,1339 458,1359"/>
                <Baseline points="471,1384 513,1384 556,1384 599,1384 641,1383 684,1382 727,1382 769,1382 812,1382 855,1380 898,1379 940,1379 983,1379 1026,1379 1068,1379 1111,1378 1154,1376 1196,1376 1239,1379 1282,1379 1325,1376"/>
                <TextEquiv>
                    <Unicode>van kuntoon on van directe niet te</Unicode>
                </TextEquiv>
            </TextLine>
            <TextLine id="tr_1_tl_24" custom="readingOrder {index:23;}">
                <Coords points="141,1421 200,1410 238,1418 264,1410 280,1418 414,1414 414,1368 370,1374 350,1363 339,1374 306,1377 238,1361 222,1377 141,1370"/>
                <Baseline points="152,1405 178,1403 205,1402 232,1402 259,1402 286,1402 312,1402 339,1402 366,1402 393,1403 420,1405"/>
                <TextEquiv>
                    <Unicode>toondelfiguren</Unicode>
                </TextEquiv>
            </TextLine>
            <TextLine id="tr_1_tl_25" custom="readingOrder {index:24;}">
                <Coords points="458,1440 1288,1421 1326,1445 1326,1385 1288,1379 458,1399"/>
                <Baseline points="471,1429 514,1429 557,1429 600,1427 643,1426 686,1426 729,1426 772,1426 815,1426 858,1425 901,1423 944,1423 987,1423 1030,1423 1073,1423 1116,1422 1159,1420 1202,1423 1245,1420 1288,1420 1331,1420"/>
                <TextEquiv>
                    <Unicode>spreken, wordt in den Napoleonischen tyd in</Unicode>
                </TextEquiv>
            </TextLine>
            <TextLine id="tr_1_tl_26" custom="readingOrder {index:25;}">
                <Coords points="161,1456 253,1465 275,1451 300,1465 319,1454 381,1462 403,1456 403,1414 388,1410 324,1418 264,1410 161,1416"/>
                <Baseline points="173,1450 199,1448 225,1447 251,1447 277,1447 303,1447 329,1447 355,1447 381,1447 408,1450"/>
                <TextEquiv>
                    <Unicode>Hof-drama</Unicode>
                </TextEquiv>
            </TextLine>
            <TextLine id="tr_1_tl_27" custom="readingOrder {index:26;}">
                <Coords points="456,1484 1275,1482 1324,1478 1326,1443 458,1440"/>
                <Baseline points="468,1474 511,1471 554,1471 597,1471 640,1471 683,1469 726,1468 769,1468 812,1467 855,1465 898,1465 941,1466 984,1467 1027,1465 1070,1465 1113,1465 1156,1465 1199,1465 1242,1468 1285,1465 1328,1465"/>
                <TextEquiv>
                    <Unicode>1810 het Kärntner=Tor-Theater voor opera,</Unicode>
                </TextEquiv>
            </TextLine>
            <TextLine id="tr_1_tl_28" custom="readingOrder {index:27;}">
                <Coords points="143,1509 247,1502 271,1520 319,1493 348,1507 418,1507 418,1451 381,1462 275,1456 255,1467 181,1462 143,1447"/>
                <Baseline points="155,1492 181,1492 208,1492 235,1492 262,1492 289,1492 315,1492 342,1492 369,1492 396,1493 423,1495"/>
                <TextEquiv>
                    <Unicode>lissende 18de</Unicode>
                </TextEquiv>
            </TextLine>
            <TextLine id="tr_1_tl_29" custom="readingOrder {index:28;}">
                <Coords points="452,1531 1326,1522 1308,1471 454,1482"/>
                <Baseline points="465,1519 508,1519 551,1517 594,1516 638,1516 681,1515 724,1513 768,1513 811,1513 854,1513 898,1513 941,1513 984,1513 1027,1512 1071,1510 1114,1510 1157,1507 1201,1510 1244,1510 1287,1510 1331,1510"/>
                <TextEquiv>
                    <Unicode>het Burgtheater voor tooncel bestem. Met de</Unicode>
                </TextEquiv>
            </TextLine>
            <TextLine id="tr_1_tl_30" custom="readingOrder {index:29;}">
                <Coords points="456,1575 1328,1562 1302,1515 456,1531"/>
                <Baseline points="468,1564 511,1561 554,1561 597,1561 641,1561 684,1560 727,1558 771,1558 814,1558 857,1558 901,1558 944,1557 987,1555 1030,1556 1074,1557 1117,1555 1160,1555 1204,1555 1247,1552 1290,1552 1334,1555"/>
                <TextEquiv>
                    <Unicode>reactie van 1815 komt een on maar voor</Unicode>
                </TextEquiv>
            </TextLine>
            <TextLine id="tr_1_tl_31" custom="readingOrder {index:30;}">
                <Coords points="458,1617 1306,1612 1322,1559 460,1575"/>
                <Baseline points="471,1605 513,1605 556,1605 599,1603 641,1602 684,1602 727,1602 769,1600 812,1601 855,1600 898,1599 940,1600 983,1601 1026,1599 1068,1599 1111,1599 1154,1598 1196,1596 1239,1596 1282,1596 1325,1596"/>
                <TextEquiv>
                    <Unicode>een goede kunsteekening niet minder no¬</Unicode>
                </TextEquiv>
            </TextLine>
            <TextLine id="tr_1_tl_32" custom="readingOrder {index:31;}">
                <Coords points="134,1643 222,1632 286,1643 313,1632 414,1639 414,1570 396,1564 368,1579 359,1570 339,1579 302,1570 253,1590 227,1570 176,1584 154,1573 134,1579"/>
                <Baseline points="146,1623 173,1623 200,1623 228,1623 255,1623 283,1623 310,1623 337,1623 365,1623 392,1624 420,1626"/>
                <TextEquiv>
                    <Unicode>sissende ce</Unicode>
                </TextEquiv>
            </TextLine>
            <TextLine id="tr_1_tl_33" custom="readingOrder {index:32;}">
                <Coords points="456,1663 1326,1656 1326,1610 1258,1597 456,1614"/>
                <Baseline points="468,1653 511,1650 554,1648 597,1647 640,1647 683,1647 726,1647 770,1646 813,1645 856,1646 899,1644 942,1644 985,1644 1028,1643 1072,1642 1115,1643 1158,1641 1201,1641 1244,1641 1287,1641 1331,1641"/>
                <TextEquiv>
                    <Unicode>pend evel opnieuw naar boven een benepen,</Unicode>
                </TextEquiv>
            </TextLine>
            <TextLine id="tr_1_tl_34" custom="readingOrder {index:33;}">
                <Coords points="130,1676 240,1678 258,1692 330,1672 414,1685 414,1639 401,1634 330,1634 317,1647 222,1630 130,1643"/>
                <Baseline points="143,1671 168,1671 193,1671 218,1671 243,1671 268,1671 294,1671 319,1671 344,1670 369,1668 394,1668 420,1668"/>
                <TextEquiv>
                    <Unicode>cheiding tus¬</Unicode>
                </TextEquiv>
            </TextLine>
            <TextLine id="tr_1_tl_35" custom="readingOrder {index:34;}">
                <Coords points="454,1709 1326,1696 1304,1647 1266,1672 1236,1647 454,1665"/>
                <Baseline points="465,1695 508,1693 551,1692 594,1692 638,1692 681,1692 724,1691 768,1689 811,1689 854,1689 898,1689 941,1689 984,1689 1027,1689 1071,1688 1114,1686 1157,1686 1201,1686 1244,1686 1287,1686 1331,1686"/>
                <TextEquiv>
                    <Unicode>kleinzelige censeur. In die jaren vindt de</Unicode>
                </TextEquiv>
            </TextLine>
            <TextLine id="tr_1_tl_36" custom="readingOrder {index:35;}">
                <Coords points="121,1736 139,1742 183,1720 218,1725 236,1740 258,1718 339,1733 412,1727 412,1683 394,1678 326,1685 317,1676 258,1689 240,1678 216,1687 123,1669"/>
                <Baseline points="134,1716 159,1716 185,1716 211,1716 236,1716 262,1714 288,1713 314,1715 339,1716 365,1716 391,1714 417,1710"/>
                <TextEquiv>
                    <Unicode>burg voor ge¬</Unicode>
                </TextEquiv>
            </TextLine>
            <TextLine id="tr_1_tl_37" custom="readingOrder {index:36;}">
                <Coords points="456,1751 1326,1738 1326,1696 1249,1687 456,1707"/>
                <Baseline points="468,1740 511,1739 554,1740 597,1740 640,1738 683,1737 726,1737 770,1737 813,1736 856,1734 899,1734 942,1734 985,1734 1028,1734 1072,1733 1115,1731 1158,1731 1201,1731 1244,1731 1287,1731 1331,1731"/>
                <TextEquiv>
                    <Unicode>Oostenriksche classicus Grillparzer slechts</Unicode>
                </TextEquiv>
            </TextLine>
            <TextLine id="tr_1_tl_38" custom="readingOrder {index:37;}">
                <Coords points="141,1773 161,1780 233,1764 267,1775 346,1760 363,1773 388,1762 425,1771 425,1714 348,1733 328,1722 258,1720 238,1740 194,1722 141,1729"/>
                <Baseline points="152,1764 177,1760 202,1758 227,1758 252,1758 277,1758 303,1758 328,1758 353,1758 378,1758 403,1758 429,1758"/>
                <TextEquiv>
                    <Unicode>jaar 1708 was</Unicode>
                </TextEquiv>
            </TextLine>
            <TextLine id="tr_1_tl_39" custom="readingOrder {index:38;}">
                <Coords points="454,1793 1322,1788 1322,1738 454,1744"/>
                <Baseline points="465,1784 508,1783 551,1784 594,1782 637,1781 680,1781 723,1780 766,1779 809,1779 852,1779 895,1779 938,1779 981,1779 1024,1779 1067,1779 1110,1778 1153,1776 1196,1776 1239,1773 1282,1773 1325,1770"/>
                <TextEquiv>
                    <Unicode>met moeste de erkennung, die hem een eeuw</Unicode>
                </TextEquiv>
            </TextLine>
            <TextLine id="tr_1_tl_40" custom="readingOrder {index:39;}">
                <Coords points="128,1799 189,1815 412,1813 412,1764 366,1773 348,1760 269,1775 229,1764 128,1782"/>
                <Baseline points="140,1799 165,1801 190,1802 215,1802 240,1802 265,1802 291,1802 316,1802 341,1802 366,1802 391,1800 417,1799"/>
                <TextEquiv>
                    <Unicode>architect Galli¬</Unicode>
                </TextEquiv>
            </TextLine>
            <TextLine id="tr_1_tl_41" custom="readingOrder {index:40;}">
                <Coords points="458,1841 1315,1826 1315,1788 1269,1780 458,1795"/>
                <Baseline points="471,1829 513,1829 555,1829 598,1826 640,1826 683,1826 725,1826 767,1824 810,1823 852,1823 895,1823 937,1822 979,1820 1022,1820 1064,1820 1107,1820 1149,1820 1191,1820 1234,1817 1276,1817 1319,1817"/>
                <TextEquiv>
                    <Unicode>later in datzelfde Burgtheater in 200 rum</Unicode>
                </TextEquiv>
            </TextLine>
            <TextLine id="tr_1_tl_42" custom="readingOrder {index:41;}">
                <Coords points="112,1841 196,1863 222,1855 308,1863 341,1850 418,1859 418,1810 328,1810 317,1819 304,1810 181,1810 112,1824"/>
                <Baseline points="125,1841 152,1845 179,1847 206,1847 233,1846 260,1844 287,1846 314,1847 341,1847 368,1846 395,1844 423,1847"/>
                <TextEquiv>
                    <Unicode>dzakelijk voor</Unicode>
                </TextEquiv>
            </TextLine>
            <TextLine id="tr_1_tl_43" custom="readingOrder {index:42;}">
                <Coords points="447,1890 1322,1870 1322,1828 1214,1819 923,1852 447,1841"/>
                <Baseline points="459,1874 502,1872 545,1873 589,1872 632,1871 676,1871 719,1870 763,1868 806,1868 850,1867 893,1866 936,1867 980,1865 1023,1865 1067,1865 1110,1865 1154,1865 1197,1862 1241,1862 1284,1862 1328,1865"/>
                <TextEquiv>
                    <Unicode>mate zou ten deel vallen. Nestroy en Raimund,</Unicode>
                </TextEquiv>
            </TextLine>
            <TextLine id="tr_1_tl_44" custom="readingOrder {index:43;}">
                <Coords points="121,1905 421,1899 421,1859 388,1852 355,1859 341,1850 308,1863 229,1857 209,1870 163,1855 121,1872"/>
                <Baseline points="134,1892 160,1892 187,1892 213,1892 240,1892 266,1892 293,1892 319,1892 346,1892 372,1892 399,1891 426,1889"/>
                <TextEquiv>
                    <Unicode>ter slechts als</Unicode>
                </TextEquiv>
            </TextLine>
            <TextLine id="tr_1_tl_45" custom="readingOrder {index:44;}">
                <Coords points="463,1927 1326,1916 1326,1877 1295,1872 463,1885"/>
                <Baseline points="474,1916 516,1916 559,1916 602,1916 645,1916 688,1914 731,1915 773,1914 816,1913 859,1913 902,1912 945,1910 988,1910 1031,1910 1073,1910 1116,1909 1159,1907 1202,1907 1245,1907 1288,1907 1331,1904"/>
                <TextEquiv>
                    <Unicode>twee bi uitate Oostenriksche dichters, waar¬</Unicode>
                </TextEquiv>
            </TextLine>
            <TextLine id="tr_1_tl_46" custom="readingOrder {index:45;}">
                <Coords points="119,1947 181,1954 244,1934 262,1947 335,1947 368,1934 390,1947 418,1943 418,1901 394,1896 374,1905 352,1896 282,1907 216,1896 119,1905"/>
                <Baseline points="131,1937 157,1937 184,1939 210,1939 237,1935 263,1934 290,1934 316,1936 343,1936 369,1932 396,1932 423,1934"/>
                <TextEquiv>
                    <Unicode>in voor de</Unicode>
                </TextEquiv>
            </TextLine>
            <TextLine id="tr_1_tl_47" custom="readingOrder {index:46;}">
                <Coords points="463,1973 1299,1967 1324,1918 463,1927"/>
                <Baseline points="474,1964 516,1961 559,1963 602,1962 644,1961 687,1959 730,1958 772,1958 815,1958 858,1958 901,1958 943,1958 986,1958 1029,1957 1071,1954 1114,1952 1157,1952 1199,1952 1242,1952 1285,1952 1328,1949"/>
                <TextEquiv>
                    <Unicode>aan alle litteraten van de Republik hun ont-</Unicode>
                </TextEquiv>
            </TextLine>
            <TextLine id="tr_1_tl_48" custom="readingOrder {index:47;}">
                <Coords points="121,2011 137,2011 156,1991 200,1984 291,1993 326,1980 352,1991 421,1991 421,1943 388,1947 370,1934 335,1947 216,1938 200,1951 159,1945 121,1962"/>
                <Baseline points="134,1981 160,1979 187,1978 213,1978 240,1979 266,1981 293,1979 319,1978 346,1978 372,1978 399,1978 426,1981"/>
                <TextEquiv>
                    <Unicode>vastuk-</Unicode>
                </TextEquiv>
            </TextLine>
            <TextLine id="tr_1_tl_49" custom="readingOrder {index:48;}">
                <Coords points="458,2022 1328,2011 1328,1965 1251,1958 458,1971"/>
                <Baseline points="471,2005 514,2005 557,2005 600,2005 643,2003 686,2002 729,2002 773,2002 816,2001 859,1999 902,1999 945,1999 988,1999 1031,1999 1075,1998 1118,1996 1161,1996 1204,1996 1247,1993 1290,1996 1334,1996"/>
                <TextEquiv>
                    <Unicode>reerde aesthetisch-archische waardering</Unicode>
                </TextEquiv>
            </TextLine>
            <TextLine id="tr_1_tl_50" custom="readingOrder {index:49;}">
                <Coords points="104,2022 196,2040 242,2026 273,2037 355,2035 377,2024 421,2035 421,1991 357,1998 326,1982 240,1998 187,1987 156,1991 141,2006 104,1987"/>
                <Baseline points="116,2020 141,2022 167,2023 193,2023 219,2022 245,2020 271,2021 296,2023 322,2023 348,2023 374,2023 400,2022 426,2020"/>
                <TextEquiv>
                    <Unicode>rukt werd. In</Unicode>
                </TextEquiv>
            </TextLine>
            <TextLine id="tr_1_tl_51" custom="readingOrder {index:50;}">
                <Coords points="456,2062 1324,2057 1324,2011 1240,2002 456,2020"/>
                <Baseline points="468,2053 511,2050 554,2050 597,2050 640,2048 683,2047 726,2047 769,2047 812,2046 855,2044 898,2044 941,2044 984,2044 1027,2043 1070,2041 1113,2041 1156,2041 1199,2041 1242,2041 1285,2041 1328,2041"/>
                <TextEquiv>
                    <Unicode>zouden spendeeren, worden door het Burg¬</Unicode>
                </TextEquiv>
            </TextLine>
            <TextLine id="tr_1_tl_52" custom="readingOrder {index:51;}">
                <Coords points="152,2084 247,2075 264,2084 280,2068 311,2079 421,2079 423,2035 381,2026 355,2035 154,2035"/>
                <Baseline points="164,2068 190,2066 216,2065 242,2065 268,2066 295,2068 321,2066 347,2065 373,2065 399,2064 426,2062"/>
                <TextEquiv>
                    <Unicode>latere Redou¬</Unicode>
                </TextEquiv>
            </TextLine>
            <TextLine id="tr_1_tl_53" custom="readingOrder {index:52;}">
                <Coords points="463,2106 1238,2103 1326,2090 1328,2057 463,2059"/>
                <Baseline points="474,2095 516,2094 559,2095 602,2093 645,2092 688,2092 731,2092 773,2090 816,2089 859,2089 902,2089 945,2089 988,2088 1031,2086 1073,2086 1116,2086 1159,2086 1202,2083 1245,2083 1288,2083 1331,2083"/>
                <TextEquiv>
                    <Unicode>theater met hautaine minachting vernach¬</Unicode>
                </TextEquiv>
            </TextLine>
            <TextLine id="tr_1_tl_54" custom="readingOrder {index:53;}">
                <Coords points="141,2132 161,2132 176,2117 253,2123 275,2112 293,2125 319,2114 328,2123 414,2121 414,2077 381,2084 291,2070 267,2086 253,2075 220,2084 185,2077 176,2086 141,2077"/>
                <Baseline points="152,2110 178,2112 205,2113 232,2113 259,2112 286,2110 312,2110 339,2110 366,2110 393,2110 420,2110"/>
                <TextEquiv>
                    <Unicode>stad Wiener</Unicode>
                </TextEquiv>
            </TextLine>
            <TextLine id="tr_1_tl_55" custom="readingOrder {index:54;}">
                <Coords points="463,2150 1322,2143 1322,2090 463,2106"/>
                <Baseline points="474,2140 516,2140 559,2140 602,2138 644,2135 687,2134 730,2134 772,2134 815,2134 858,2132 901,2131 943,2131 986,2131 1029,2130 1071,2128 1114,2128 1157,2128 1199,2128 1242,2128 1285,2128 1328,2128"/>
                <TextEquiv>
                    <Unicode>and en vinden slechts hun weg naar de</Unicode>
                </TextEquiv>
            </TextLine>
            <TextLine id="tr_1_tl_56" custom="readingOrder {index:55;}">
                <Coords points="134,2172 211,2163 295,2172 330,2158 368,2172 381,2163 421,2167 421,2121 328,2123 319,2114 293,2125 275,2112 253,2123 176,2117 161,2132 134,2128"/>
                <Baseline points="146,2158 171,2158 196,2158 222,2156 247,2155 273,2155 298,2155 324,2155 349,2155 375,2155 400,2155 426,2158"/>
                <TextEquiv>
                    <Unicode>1708 tot 1748</Unicode>
                </TextEquiv>
            </TextLine>
            <TextLine id="tr_1_tl_57" custom="readingOrder {index:56;}">
                <Coords points="467,2189 1326,2180 1326,2147 1264,2130 467,2147"/>
                <Baseline points="480,2178 522,2181 565,2181 607,2178 650,2178 692,2178 735,2178 777,2177 820,2176 862,2176 905,2175 948,2173 990,2174 1033,2175 1075,2173 1118,2172 1160,2170 1203,2170 1245,2170 1288,2170 1331,2167"/>
                <TextEquiv>
                    <Unicode>Volkstheaters in de buitenwiken of voorste¬</Unicode>
                </TextEquiv>
            </TextLine>
            <TextLine id="tr_1_tl_58" custom="readingOrder {index:57;}">
                <Coords points="130,2214 233,2216 297,2202 326,2216 425,2216 425,2167 330,2161 300,2178 253,2163 130,2169"/>
                <Baseline points="143,2199 169,2199 195,2199 221,2199 247,2199 273,2199 299,2199 325,2199 351,2199 377,2199 403,2199 429,2202"/>
                <TextEquiv>
                    <Unicode>omedies opge-</Unicode>
                </TextEquiv>
            </TextLine>
            <TextLine id="tr_1_tl_59" custom="readingOrder {index:58;}">
                <Coords points="456,2236 1335,2227 1335,2180 1299,2174 456,2185"/>
                <Baseline points="468,2223 511,2223 554,2223 598,2222 641,2220 685,2220 728,2220 772,2220 815,2219 859,2217 902,2217 945,2217 989,2217 1032,2216 1076,2214 1119,2214 1163,2214 1206,2214 1250,2211 1293,2211 1337,2214"/>
                <TextEquiv>
                    <Unicode>den. Maar na de revolutie van 1848 breckt,</Unicode>
                </TextEquiv>
            </TextLine>
            <TextLine id="tr_1_tl_60" custom="readingOrder {index:59;}">
                <Coords points="159,2253 253,2251 278,2266 300,2251 328,2255 350,2244 366,2255 421,2255 423,2214 396,2207 383,2216 339,2207 275,2214 253,2205 161,2214"/>
                <Baseline points="170,2244 195,2244 221,2244 246,2244 272,2244 298,2244 323,2244 349,2244 374,2244 400,2242 426,2238"/>
                <TextEquiv>
                    <Unicode>musikale tus-</Unicode>
                </TextEquiv>
            </TextLine>
            <TextLine id="tr_1_tl_61" custom="readingOrder {index:60;}">
                <Coords points="454,2280 1326,2269 1328,2225 1275,2220 456,2236"/>
                <Baseline points="465,2271 508,2271 551,2269 595,2266 638,2265 682,2265 725,2264 769,2262 812,2262 856,2262 899,2262 942,2262 986,2261 1029,2259 1073,2258 1116,2256 1160,2256 1203,2256 1247,2256 1290,2256 1334,2259"/>
                <TextEquiv>
                    <Unicode>zy het schoorvosten een nieuwe bloet aan</Unicode>
                </TextEquiv>
            </TextLine>
            <TextLine id="tr_1_tl_62" custom="readingOrder {index:61;}">
                <Coords points="1993,2286 2057,2304 2095,2280 2502,2304 2630,2286 2630,2225 2390,2220 2328,2240 2189,2205 2147,2229 1993,2236"/>
                <Baseline points="2005,2271 2036,2273 2067,2273 2099,2271 2130,2271 2161,2272 2193,2274 2224,2274 2255,2274 2287,2274 2318,2274 2349,2274 2381,2274 2412,2274 2443,2272 2475,2271 2506,2271 2537,2271 2569,2273 2600,2274 2632,2274"/>
                <TextEquiv>
                    <Unicode>Het Burgtheater in Veenen.</Unicode>
                </TextEquiv>
            </TextLine>
            <TextLine id="tr_1_tl_63" custom="readingOrder {index:62;}">
                <Coords points="159,2299 185,2293 227,2304 282,2286 326,2297 403,2291 423,2299 418,2253 366,2253 344,2242 315,2260 300,2251 275,2269 244,2251 159,2255"/>
                <Baseline points="170,2289 195,2289 221,2289 247,2289 273,2288 299,2286 325,2286 351,2286 377,2286 403,2287 429,2289"/>
                <TextEquiv>
                    <Unicode>volgt weldra</Unicode>
                </TextEquiv>
            </TextLine>
            <TextLine id="tr_1_tl_64" custom="readingOrder {index:63;}">
                <Coords points="460,2319 1322,2310 1322,2273 1233,2260 463,2280"/>
                <Baseline points="474,2313 516,2313 559,2311 602,2310 644,2310 687,2310 730,2308 772,2307 815,2307 858,2307 901,2306 943,2304 986,2304 1029,2304 1071,2303 1114,2302 1157,2303 1199,2301 1242,2298 1285,2301 1328,2304"/>
                <TextEquiv>
                    <Unicode>ock voor het Burgtheater. Schiller, Goethe</Unicode>
                </TextEquiv>
            </TextLine>
            <TextLine id="tr_1_tl_65" custom="readingOrder {index:64;}">
                <Coords points="152,2350 214,2361 244,2343 295,2343 337,2365 357,2352 416,2370 418,2297 366,2293 341,2302 278,2286 238,2304 209,2295 152,2302"/>
                <Baseline points="164,2340 189,2336 215,2334 241,2334 267,2334 293,2334 319,2334 345,2333 371,2332 397,2330 423,2328"/>
                <TextEquiv>
                    <Unicode>te Opera¬</Unicode>
                </TextEquiv>
            </TextLine>
            <TextLine id="tr_1_tl_66" custom="readingOrder {index:65;}">
                <Coords points="463,2368 1326,2363 1328,2313 463,2321"/>
                <Baseline points="474,2358 516,2355 559,2355 602,2355 645,2353 688,2354 731,2353 773,2352 816,2352 859,2351 902,2350 945,2351 988,2349 1031,2349 1073,2349 1116,2348 1159,2346 1202,2346 1245,2346 1288,2346 1331,2346"/>
                <TextEquiv>
                    <Unicode>Shakespeare komen langaan maar zeker,</Unicode>
                </TextEquiv>
            </TextLine>
            <TextLine id="tr_1_tl_67" custom="readingOrder {index:66;}">
                <Coords points="2273,2368 3141,2370 3141,2288 2795,2326 2555,2324 2526,2295 2447,2328 2273,2319"/>
                <Baseline points="2286,2358 2329,2358 2372,2360 2415,2361 2458,2359 2501,2358 2544,2358 2587,2358 2630,2359 2673,2361 2716,2360 2759,2358 2802,2358 2845,2358 2888,2358 2931,2359 2974,2361 3017,2358 3060,2355 3103,2355 3146,2355"/>
                <TextEquiv>
                    <Unicode>süsse Madel, de zalig niets of wenig doende</Unicode>
                </TextEquiv>
            </TextLine>
            <TextLine id="tr_1_tl_68" custom="readingOrder {index:67;}">
                <Coords points="1368,2372 2242,2372 2242,2317 2145,2308 1513,2335 1368,2306"/>
                <Baseline points="1379,2361 1422,2364 1465,2364 1509,2364 1552,2364 1596,2364 1639,2364 1682,2363 1726,2361 1769,2361 1813,2361 1856,2361 1899,2361 1943,2360 1986,2358 2030,2358 2073,2358 2116,2361 2160,2361 2203,2361 2247,2358"/>
                <TextEquiv>
                    <Unicode>aan de andere zyde van het voetlicht bemerkt</Unicode>
                </TextEquiv>
            </TextLine>
            <TextLine id="tr_1_tl_69" custom="readingOrder {index:68;}">
                <Coords points="458,2412 1297,2407 1330,2405 1333,2359 460,2368"/>
                <Baseline points="471,2399 514,2402 557,2402 600,2400 644,2399 687,2398 730,2396 774,2396 817,2395 860,2393 904,2394 947,2395 990,2392 1033,2390 1077,2391 1120,2393 1163,2393 1207,2390 1250,2390 1293,2390 1337,2396"/>
                <TextEquiv>
                    <Unicode>ongeschonden door de censuur tot opvoering</Unicode>
                </TextEquiv>
            </TextLine>
            <TextLine id="tr_1_tl_70" custom="readingOrder {index:69;}">
                <Coords points="2273,2412 3132,2407 3110,2363 2273,2370"/>
                <Baseline points="2286,2402 2328,2402 2371,2402 2413,2402 2456,2402 2498,2402 2541,2402 2583,2402 2626,2402 2668,2402 2711,2402 2754,2402 2796,2402 2839,2402 2881,2403 2924,2404 2966,2402 3009,2402 3051,2399 3094,2399 3137,2396"/>
                <TextEquiv>
                    <Unicode>kleine beambte en zijn in omvang en conver¬</Unicode>
                </TextEquiv>
            </TextLine>
            <TextLine id="tr_1_tl_71" custom="readingOrder {index:70;}">
                <Coords points="1370,2414 2046,2432 2110,2405 2231,2421 2233,2368 1370,2370"/>
                <Baseline points="1382,2405 1424,2405 1467,2405 1510,2405 1553,2407 1596,2406 1638,2405 1681,2405 1724,2405 1767,2405 1810,2404 1852,2402 1895,2403 1938,2405 1981,2405 2024,2405 2066,2405 2109,2402 2152,2405 2195,2405 2238,2402"/>
                <TextEquiv>
                    <Unicode>behoorden te blyven. Nettemin is de hoofd¬</Unicode>
                </TextEquiv>
            </TextLine>
            <TextLine id="tr_1_tl_72" custom="readingOrder {index:71;}">
                <Coords points="456,2460 1335,2447 1335,2407 1271,2396 456,2410"/>
                <Baseline points="468,2447 511,2445 554,2444 598,2444 641,2443 685,2441 728,2440 772,2438 815,2438 859,2438 902,2438 945,2438 989,2437 1032,2436 1076,2438 1119,2438 1163,2435 1206,2435 1250,2435 1293,2435 1337,2435"/>
                <TextEquiv>
                    <Unicode>en ook het histisch-klassike meesterwerk</Unicode>
                </TextEquiv>
            </TextLine>
            <TextLine id="tr_1_tl_73" custom="readingOrder {index:72;}">
                <Coords points="1370,2467 3141,2458 3141,2403 1370,2423"/>
                <Baseline points="1382,2456 1470,2450 1558,2451 1646,2450 1734,2450 1822,2448 1910,2447 1998,2447 2086,2447 2174,2447 2262,2448 2350,2447 2438,2447 2526,2447 2614,2445 2702,2447 2790,2447 2878,2450 2966,2444 3054,2444 3143,2444"/>
                <TextEquiv>
                    <Unicode>gedachte de vooral en vestibule in den vormatie volumineux hospita, de geleerde en de</Unicode>
                </TextEquiv>
            </TextLine>
            <TextLine id="tr_1_tl_74" custom="readingOrder {index:73;}">
                <Coords points="463,2500 1335,2489 1335,2447 1291,2443 463,2460"/>
                <Baseline points="474,2486 517,2486 560,2488 603,2487 647,2486 690,2486 733,2485 777,2484 820,2486 863,2485 907,2483 950,2483 993,2483 1036,2482 1080,2480 1123,2480 1166,2480 1210,2477 1253,2477 1296,2477 1340,2480"/>
                <TextEquiv>
                    <Unicode>van den somberen, maar wird schouwenden</Unicode>
                </TextEquiv>
            </TextLine>
            <TextLine id="tr_1_tl_75" custom="readingOrder {index:74;}">
                <Coords points="2271,2504 3143,2504 3143,2458 3031,2445 2271,2465"/>
                <Baseline points="2283,2492 2326,2492 2369,2492 2412,2492 2456,2492 2499,2492 2542,2492 2586,2492 2629,2492 2672,2491 2716,2489 2759,2490 2802,2492 2845,2493 2889,2495 2932,2495 2975,2492 3019,2489 3062,2489 3105,2486 3149,2486"/>
                <TextEquiv>
                    <Unicode>salondame, de droomende wenig productieve</Unicode>
                </TextEquiv>
            </TextLine>
            <TextLine id="tr_1_tl_76" custom="readingOrder {index:75;}">
                <Coords points="1368,2509 2227,2509 2227,2456 1368,2467"/>
                <Baseline points="1379,2492 1421,2495 1464,2495 1506,2495 1549,2495 1592,2495 1634,2495 1677,2495 1720,2495 1762,2495 1805,2495 1848,2494 1890,2492 1933,2492 1976,2492 2018,2492 2061,2492 2104,2492 2146,2492 2189,2492 2232,2489"/>
                <TextEquiv>
                    <Unicode>van een breeden halfbook door de lagere zu¬</Unicode>
                </TextEquiv>
            </TextLine>
            <TextLine id="tr_1_tl_77" custom="readingOrder {index:76;}">
                <Coords points="458,2542 1308,2539 1284,2484 458,2502"/>
                <Baseline points="471,2534 513,2534 555,2534 597,2534 639,2531 681,2531 723,2531 765,2529 807,2528 849,2526 892,2525 934,2525 976,2525 1018,2525 1060,2525 1102,2525 1144,2524 1186,2522 1228,2522 1270,2522 1313,2525"/>
                <TextEquiv>
                    <Unicode>Grillparzer „Ein Bruderzwist in Habsburg</Unicode>
                </TextEquiv>
            </TextLine>
            <TextLine id="tr_1_tl_78" custom="readingOrder {index:77;}">
                <Coords points="2269,2546 3139,2546 3139,2502 3079,2493 2269,2506"/>
                <Baseline points="2280,2537 2323,2537 2366,2537 2409,2537 2452,2537 2495,2537 2538,2537 2582,2537 2625,2537 2668,2537 2711,2537 2754,2536 2797,2534 2840,2534 2884,2534 2927,2535 2970,2537 3013,2534 3056,2534 3099,2534 3143,2534"/>
                <TextEquiv>
                    <Unicode>musicus on het naar romantisch vontuu</Unicode>
                </TextEquiv>
            </TextLine>
            <TextLine id="tr_1_tl_79" custom="readingOrder {index:78;}">
                <Coords points="1370,2548 2233,2544 2233,2502 2165,2498 1370,2506"/>
                <Baseline points="1382,2540 1424,2540 1467,2537 1510,2540 1553,2540 1596,2538 1638,2537 1681,2537 1724,2539 1767,2540 1810,2538 1852,2537 1895,2537 1938,2537 1981,2537 2024,2537 2066,2537 2109,2537 2152,2537 2195,2537 2238,2540"/>
                <TextEquiv>
                    <Unicode>veugel nadrukkelijker te doen uitkomen in</Unicode>
                </TextEquiv>
            </TextLine>
            <TextLine id="tr_1_tl_80" custom="readingOrder {index:79;}">
                <Coords points="463,2588 1333,2579 1315,2528 463,2542"/>
                <Baseline points="474,2581 517,2581 560,2579 603,2576 646,2573 689,2572 732,2572 776,2572 819,2572 862,2572 905,2572 948,2571 991,2570 1034,2570 1078,2570 1121,2569 1164,2567 1207,2567 1250,2567 1293,2567 1337,2570"/>
                <TextEquiv>
                    <Unicode>krügt eindelyk zyn kans. En als deze aëra</Unicode>
                </TextEquiv>
            </TextLine>
            <TextLine id="tr_1_tl_81" custom="readingOrder {index:80;}">
                <Coords points="2271,2592 3141,2590 3128,2544 2271,2544"/>
                <Baseline points="2283,2578 2326,2581 2369,2578 2412,2581 2455,2581 2498,2581 2541,2581 2585,2579 2628,2578 2671,2578 2714,2580 2757,2579 2800,2578 2843,2578 2887,2578 2930,2578 2973,2578 3016,2578 3059,2578 3102,2578 3146,2581"/>
                <TextEquiv>
                    <Unicode>hakend nichte van den scheepaartdirecteur,</Unicode>
                </TextEquiv>
            </TextLine>
            <TextLine id="tr_1_tl_82" custom="readingOrder {index:81;}">
                <Coords points="1363,2599 2242,2590 2242,2548 2214,2544 1363,2548"/>
                <Baseline points="1376,2584 1419,2584 1463,2584 1506,2584 1550,2584 1593,2583 1637,2582 1680,2584 1724,2584 1767,2583 1811,2581 1855,2581 1898,2581 1942,2582 1985,2584 2029,2581 2072,2581 2116,2581 2159,2581 2203,2581 2247,2581"/>
                <TextEquiv>
                    <Unicode>zyn opzet zeker niet onverdienstelik. En als</Unicode>
                </TextEquiv>
            </TextLine>
            <TextLine id="tr_1_tl_83" custom="readingOrder {index:82;}">
                <Coords points="463,2634 1330,2621 1330,2577 463,2588"/>
                <Baseline points="474,2623 517,2623 560,2623 603,2621 646,2618 689,2617 732,2617 775,2617 818,2617 861,2617 904,2617 947,2616 990,2614 1033,2614 1076,2614 1119,2613 1162,2611 1205,2611 1248,2611 1291,2611 1334,2611"/>
                <TextEquiv>
                    <Unicode>van Franz Josef sich begin te ontblooten tot</Unicode>
                </TextEquiv>
            </TextLine>
            <TextLine id="tr_1_tl_84" custom="readingOrder {index:83;}">
                <Coords points="2269,2639 3139,2639 3139,2592 3002,2584 2269,2599"/>
                <Baseline points="2280,2626 2323,2626 2366,2626 2409,2626 2452,2626 2495,2626 2538,2626 2582,2625 2625,2623 2668,2623 2711,2623 2754,2623 2797,2623 2840,2624 2884,2625 2927,2623 2970,2623 3013,2623 3056,2620 3099,2620 3143,2620"/>
                <TextEquiv>
                    <Unicode>aartshertogen en winkelmeises, rulleeraren en</Unicode>
                </TextEquiv>
            </TextLine>
            <TextLine id="tr_1_tl_85" custom="readingOrder {index:84;}">
                <Coords points="1370,2641 2238,2643 2216,2590 1370,2599"/>
                <Baseline points="1382,2629 1427,2626 1472,2628 1517,2629 1562,2627 1608,2626 1653,2626 1698,2626 1743,2626 1788,2626 1834,2626 1879,2626 1924,2629 1969,2629 2014,2626 2060,2626 2105,2626 2150,2623 2195,2626 2241,2626"/>
                <TextEquiv>
                    <Unicode>men langs de al te overdadige ornamentik</Unicode>
                </TextEquiv>
            </TextLine>
            <TextLine id="tr_1_tl_86" custom="readingOrder {index:85;}">
                <Coords points="458,2678 1328,2665 1315,2621 458,2636"/>
                <Baseline points="471,2668 514,2668 557,2666 600,2665 643,2663 686,2662 729,2662 773,2662 816,2661 859,2659 902,2659 945,2659 988,2659 1031,2659 1075,2658 1118,2656 1161,2656 1204,2656 1247,2656 1290,2653 1334,2656"/>
                <TextEquiv>
                    <Unicode>en machtigen opbloel van een than weer</Unicode>
                </TextEquiv>
            </TextLine>
            <TextLine id="tr_1_tl_87" custom="readingOrder {index:86;}">
                <Coords points="2269,2680 3141,2674 3117,2630 2269,2636"/>
                <Baseline points="2280,2668 2323,2670 2366,2671 2409,2671 2453,2669 2496,2668 2539,2668 2583,2668 2626,2668 2669,2668 2713,2668 2756,2668 2799,2668 2842,2668 2886,2668 2929,2668 2972,2671 3016,2668 3059,2665 3102,2665 3146,2665"/>
                <TextEquiv>
                    <Unicode>in het feudale Weenen overtarke gravin¬</Unicode>
                </TextEquiv>
            </TextLine>
            <TextLine id="tr_1_tl_88" custom="readingOrder {index:87;}">
                <Coords points="1368,2683 2227,2685 2202,2634 1368,2639"/>
                <Baseline points="1379,2671 1421,2674 1464,2674 1506,2671 1549,2673 1592,2674 1634,2672 1677,2671 1720,2671 1762,2671 1805,2671 1848,2671 1890,2672 1933,2674 1976,2673 2018,2672 2061,2673 2104,2671 2146,2671 2189,2671 2232,2671"/>
                <TextEquiv>
                    <Unicode>van deze imposante wandelgangen, geweldige</Unicode>
                </TextEquiv>
            </TextLine>
            <TextLine id="tr_1_tl_89" custom="readingOrder {index:88;}">
                <Coords points="460,2724 1333,2711 1333,2665 1238,2661 463,2678"/>
                <Baseline points="474,2713 517,2710 560,2710 603,2710 646,2712 689,2710 732,2707 776,2706 819,2704 862,2704 905,2704 948,2704 991,2703 1034,2701 1078,2702 1121,2704 1164,2704 1207,2704 1250,2701 1293,2701 1337,2701"/>
                <TextEquiv>
                    <Unicode>volkomen consolideerd kelzerschap, als het</Unicode>
                </TextEquiv>
            </TextLine>
            <TextLine id="tr_1_tl_90" custom="readingOrder {index:89;}">
                <Coords points="2273,2727 3141,2720 3141,2674 2273,2678"/>
                <Baseline points="2286,2713 2328,2715 2371,2716 2414,2716 2457,2714 2500,2713 2543,2713 2585,2713 2628,2713 2671,2714 2714,2715 2757,2713 2800,2713 2843,2713 2885,2713 2928,2713 2971,2713 3014,2710 3057,2710 3100,2710 3143,2710"/>
                <TextEquiv>
                    <Unicode>nettes, se hebben de linen van hun levenalot</Unicode>
                </TextEquiv>
            </TextLine>
            <TextLine id="tr_1_tl_91" custom="readingOrder {index:90;}">
                <Coords points="1368,2729 2229,2724 2229,2685 2189,2678 1368,2680"/>
                <Baseline points="1379,2716 1421,2718 1464,2717 1507,2716 1550,2716 1593,2716 1635,2716 1678,2716 1721,2716 1764,2716 1807,2716 1849,2716 1892,2717 1935,2718 1978,2716 2021,2716 2063,2716 2106,2716 2149,2716 2192,2713 2235,2713"/>
                <TextEquiv>
                    <Unicode>trappenhuizen en pronkende portalen heen</Unicode>
                </TextEquiv>
            </TextLine>
            <TextLine id="tr_1_tl_92" custom="readingOrder {index:91;}">
                <Coords points="458,2777 1337,2755 1313,2709 458,2722"/>
                <Baseline points="471,2761 514,2759 557,2758 601,2756 644,2755 688,2754 731,2752 775,2752 818,2751 862,2749 905,2749 948,2749 992,2749 1035,2749 1079,2748 1122,2746 1166,2746 1209,2746 1253,2746 1296,2743 1340,2746"/>
                <TextEquiv>
                    <Unicode>gewoldige project van de Ringstrasse een</Unicode>
                </TextEquiv>
            </TextLine>
            <TextLine id="tr_1_tl_93" custom="readingOrder {index:92;}">
                <Coords points="2273,2766 3141,2773 3141,2727 3033,2716 2273,2727"/>
                <Baseline points="2286,2758 2329,2758 2372,2758 2415,2758 2458,2758 2501,2758 2544,2758 2587,2758 2630,2758 2673,2758 2716,2758 2759,2757 2802,2756 2845,2758 2888,2758 2931,2758 2974,2758 3017,2758 3060,2755 3103,2755 3146,2752"/>
                <TextEquiv>
                    <Unicode>door het fascineerend licht van dit theater</Unicode>
                </TextEquiv>
            </TextLine>
            <TextLine id="tr_1_tl_94" custom="readingOrder {index:93;}">
                <Coords points="1368,2777 2227,2773 2227,2727 2112,2718 1368,2731"/>
                <Baseline points="1379,2758 1421,2761 1464,2761 1506,2763 1549,2762 1592,2761 1634,2761 1677,2761 1720,2759 1762,2760 1805,2761 1848,2760 1890,2758 1933,2758 1976,2758 2018,2759 2061,2761 2104,2761 2146,2761 2189,2758 2232,2755"/>
                <TextEquiv>
                    <Unicode>zie, blift in de grondgedachte van dit pom¬</Unicode>
                </TextEquiv>
            </TextLine>
            <TextLine id="tr_1_tl_95" custom="readingOrder {index:94;}">
                <Coords points="458,2813 1337,2802 1337,2758 1266,2751 458,2777"/>
                <Baseline points="471,2802 514,2800 557,2797 601,2796 644,2796 688,2796 731,2795 775,2794 818,2795 862,2793 905,2793 948,2793 992,2792 1035,2790 1079,2790 1122,2790 1166,2790 1209,2790 1253,2787 1296,2790 1340,2790"/>
                <TextEquiv>
                    <Unicode>eigen utdrukt zockt voor een trotsch</Unicode>
                </TextEquiv>
            </TextLine>
            <TextLine id="tr_1_tl_96" custom="readingOrder {index:95;}">
                <Coords points="2277,2810 3141,2813 3141,2773 3103,2760 2934,2786 2799,2760 2277,2771"/>
                <Baseline points="2289,2802 2331,2801 2374,2802 2417,2804 2460,2803 2503,2802 2546,2802 2588,2802 2631,2802 2674,2802 2717,2802 2760,2802 2803,2802 2846,2802 2888,2802 2931,2802 2974,2802 3017,2799 3060,2799 3103,2799 3146,2799"/>
                <TextEquiv>
                    <Unicode>versterkt gezien of ze later in de werkelk¬</Unicode>
                </TextEquiv>
            </TextLine>
            <TextLine id="tr_1_tl_97" custom="readingOrder {index:96;}">
                <Coords points="1372,2821 2229,2815 2229,2771 2202,2766 1372,2773"/>
                <Baseline points="1384,2811 1426,2805 1469,2805 1511,2805 1554,2805 1596,2803 1639,2802 1681,2802 1724,2804 1766,2805 1809,2805 1852,2805 1894,2805 1937,2805 1979,2805 2022,2805 2064,2804 2107,2802 2149,2802 2192,2802 2235,2802"/>
                <TextEquiv>
                    <Unicode>peuze theater-pales nog altyd veel te loven</Unicode>
                </TextEquiv>
            </TextLine>
            <TextLine id="tr_1_tl_98" custom="readingOrder {index:97;}">
                <Coords points="458,2857 1337,2843 1337,2802 1189,2788 458,2813"/>
                <Baseline points="471,2844 514,2844 557,2844 601,2842 644,2841 688,2841 731,2841 775,2841 818,2840 862,2837 905,2836 948,2837 992,2835 1035,2835 1079,2835 1122,2835 1166,2835 1209,2832 1253,2832 1296,2835 1340,2835"/>
                <TextEquiv>
                    <Unicode>machtsbewusten, waar vooral de bronnen</Unicode>
                </TextEquiv>
            </TextLine>
            <TextLine id="tr_1_tl_99" custom="readingOrder {index:98;}">
                <Coords points="2277,2857 3141,2859 3141,2815 3068,2806 2277,2808"/>
                <Baseline points="2289,2847 2331,2847 2374,2847 2417,2847 2460,2847 2503,2847 2546,2847 2588,2845 2631,2846 2674,2847 2717,2845 2760,2844 2803,2845 2846,2847 2888,2847 2931,2847 2974,2846 3017,2844 3060,2845 3103,2847 3146,2847"/>
                <TextEquiv>
                    <Unicode>heid omebogen zooals hun spiegelbeeld op</Unicode>
                </TextEquiv>
            </TextLine>
            <TextLine id="tr_1_tl_100" custom="readingOrder {index:99;}">
                <Coords points="1366,2861 2163,2863 2233,2859 2236,2817 1368,2821"/>
                <Baseline points="1379,2847 1424,2847 1469,2850 1514,2850 1559,2850 1605,2847 1650,2847 1695,2847 1740,2847 1785,2850 1831,2847 1876,2847 1921,2847 1966,2847 2011,2847 2057,2847 2102,2847 2147,2847 2192,2846 2238,2847"/>
                <TextEquiv>
                    <Unicode>De saal zelve met haar zeer hooge keizer¬</Unicode>
                </TextEquiv>
            </TextLine>
            <TextLine id="tr_1_tl_101" custom="readingOrder {index:100;}">
                <Coords points="458,2898 1322,2894 1322,2843 1282,2841 458,2854"/>
                <Baseline points="471,2889 513,2889 556,2889 599,2887 642,2884 685,2883 728,2883 770,2883 813,2883 856,2883 899,2882 942,2880 985,2879 1028,2878 1070,2880 1113,2879 1156,2877 1199,2877 1242,2877 1285,2880 1328,2880"/>
                <TextEquiv>
                    <Unicode>van materiele welvaert ende</Unicode>
                </TextEquiv>
            </TextLine>
            <TextLine id="tr_1_tl_102" custom="readingOrder {index:101;}">
                <Coords points="2273,2903 3141,2903 3141,2857 3108,2852 2273,2859"/>
                <Baseline points="2286,2889 2329,2892 2372,2892 2415,2892 2458,2892 2501,2892 2544,2892 2587,2892 2630,2892 2673,2892 2716,2892 2759,2892 2802,2892 2845,2892 2888,2892 2931,2892 2974,2891 3017,2890 3060,2892 3103,2891 3146,2889"/>
                <TextEquiv>
                    <Unicode>het toor van dien goeden ouden „Burg“ het</Unicode>
                </TextEquiv>
            </TextLine>
            <TextLine id="tr_1_tl_103" custom="readingOrder {index:102;}">
                <Coords points="1368,2901 2236,2905 2236,2859 2205,2854 1368,2859"/>
                <Baseline points="1379,2892 1422,2895 1465,2895 1508,2895 1551,2895 1594,2895 1637,2893 1680,2892 1723,2892 1766,2892 1810,2892 1853,2892 1896,2892 1939,2892 1982,2892 2025,2892 2068,2892 2111,2892 2154,2892 2197,2892 2241,2892"/>
                <TextEquiv>
                    <Unicode>loge, met haar avant-scenes en haar zostal</Unicode>
                </TextEquiv>
            </TextLine>
            <TextLine id="tr_1_tl_104" custom="readingOrder {index:103;}">
                <Coords points="463,2940 1286,2936 1322,2932 1324,2894 465,2894"/>
                <Baseline points="474,2934 516,2934 559,2934 602,2932 644,2929 687,2928 730,2928 772,2928 815,2926 858,2925 901,2925 943,2925 986,2925 1029,2923 1071,2920 1114,2922 1157,2922 1199,2922 1242,2922 1285,2922 1328,2919"/>
                <TextEquiv>
                    <Unicode>dragen, wordt een tiental jaren na het luister</Unicode>
                </TextEquiv>
            </TextLine>
            <TextLine id="tr_1_tl_105" custom="readingOrder {index:104;}">
                <Coords points="2271,2943 3143,2943 3143,2903 3081,2894 2271,2903"/>
                <Baseline points="2283,2937 2326,2936 2369,2937 2412,2937 2456,2937 2499,2937 2542,2937 2586,2937 2629,2937 2672,2937 2716,2936 2759,2934 2802,2934 2845,2935 2889,2937 2932,2937 2975,2937 3019,2934 3062,2934 3105,2934 3149,2931"/>
                <TextEquiv>
                    <Unicode>hun met zocte, onafwendbare suggestie inge¬</Unicode>
                </TextEquiv>
            </TextLine>
            <TextLine id="tr_1_tl_106" custom="readingOrder {index:105;}">
                <Coords points="1372,2949 2236,2947 2236,2903 2196,2898 1372,2910"/>
                <Baseline points="1384,2937 1426,2937 1469,2939 1512,2940 1555,2938 1598,2937 1641,2937 1683,2939 1726,2940 1769,2940 1812,2939 1855,2937 1898,2937 1941,2937 1983,2937 2026,2937 2069,2937 2112,2937 2155,2937 2198,2937 2241,2934"/>
                <TextEquiv>
                    <Unicode>verdieningen van loges en gaanderen heeft</Unicode>
                </TextEquiv>
            </TextLine>
            <TextLine id="tr_1_tl_107" custom="readingOrder {index:106;}">
                <Coords points="465,2984 1335,2982 1335,2932 1304,2929 465,2940"/>
                <Baseline points="477,2975 520,2977 563,2976 606,2973 649,2972 692,2972 735,2972 779,2971 822,2969 865,2969 908,2969 951,2969 994,2969 1037,2969 1081,2967 1124,2967 1167,2967 1210,2964 1253,2967 1296,2967 1340,2969"/>
                <TextEquiv>
                    <Unicode>rük gevierde honderdanig jubilem, waarbi¬</Unicode>
                </TextEquiv>
            </TextLine>
            <TextLine id="tr_1_tl_108" custom="readingOrder {index:107;}">
                <Coords points="2277,3002 3141,2984 3141,2943 3068,2940 2277,2949"/>
                <Baseline points="2289,2984 2331,2982 2374,2981 2417,2981 2460,2981 2503,2981 2546,2981 2588,2981 2631,2979 2674,2979 2717,2981 2760,2980 2803,2978 2846,2978 2888,2979 2931,2980 2974,2978 3017,2978 3060,2978 3103,2978 3146,2975"/>
                <TextEquiv>
                    <Unicode>geven had. Dit alles kon gebeuren, om dat het</Unicode>
                </TextEquiv>
            </TextLine>
            <TextLine id="tr_1_tl_109" custom="readingOrder {index:108;}">
                <Coords points="1370,2991 2229,2995 2229,2949 2141,2938 1370,2949"/>
                <Baseline points="1382,2981 1424,2981 1467,2981 1509,2983 1552,2982 1595,2981 1637,2981 1680,2981 1723,2981 1765,2981 1808,2981 1851,2981 1893,2981 1936,2980 1979,2979 2021,2980 2064,2979 2107,2981 2149,2978 2192,2981 2235,2978"/>
                <TextEquiv>
                    <Unicode>buiten een aesthetisch niet verantwoorde uit</Unicode>
                </TextEquiv>
            </TextLine>
            <TextLine id="tr_1_tl_110" custom="readingOrder {index:109;}">
                <Coords points="463,3028 1322,3024 1302,2973 463,2982"/>
                <Baseline points="474,3023 516,3020 559,3020 602,3018 644,3017 687,3017 730,3017 772,3015 815,3014 858,3014 901,3014 943,3013 986,3011 1029,3011 1071,3011 1114,3011 1157,3010 1199,3008 1242,3011 1285,3008 1328,3008"/>
                <TextEquiv>
                    <Unicode>in modelvoorstelingen Shakespeare, Calde</Unicode>
                </TextEquiv>
            </TextLine>
            <TextLine id="tr_1_tl_111" custom="readingOrder {index:110;}">
                <Coords points="2269,3037 2500,3050 2557,3024 2608,3055 3143,3028 3143,2987 3039,2982 2269,3006"/>
                <Baseline points="2280,3026 2323,3026 2366,3026 2410,3026 2453,3026 2497,3025 2540,3024 2584,3026 2627,3026 2671,3026 2714,3026 2757,3025 2801,3023 2844,3022 2888,3021 2931,3023 2975,3023 3018,3020 3062,3020 3105,3020 3149,3020"/>
                <TextEquiv>
                    <Unicode>„Burgtheater" op het dagelyksche level van</Unicode>
                </TextEquiv>
            </TextLine>
            <TextLine id="tr_1_tl_112" custom="readingOrder {index:111;}">
                <Coords points="1372,3037 2229,3035 2216,2989 1372,2991"/>
                <Baseline points="1384,3026 1426,3026 1468,3029 1511,3029 1553,3027 1596,3026 1638,3026 1680,3026 1723,3026 1765,3026 1808,3026 1850,3026 1892,3026 1935,3025 1977,3023 2020,3024 2062,3025 2104,3023 2147,3023 2189,3023 2232,3023"/>
                <TextEquiv>
                    <Unicode>bundigheid, dat eene voordeel van een roe¬</Unicode>
                </TextEquiv>
            </TextLine>
            <TextLine id="tr_1_tl_113" custom="readingOrder {index:112;}">
                <Coords points="458,3077 1328,3068 1328,3020 458,3028"/>
                <Baseline points="471,3062 514,3064 557,3063 600,3060 643,3059 686,3061 729,3061 773,3059 816,3059 859,3059 902,3059 945,3058 988,3056 1031,3056 1075,3055 1118,3053 1161,3053 1204,3053 1247,3053 1290,3053 1334,3053"/>
                <TextEquiv>
                    <Unicode>ron, Lessing, Kleist, Molière en Goethe tot</Unicode>
                </TextEquiv>
            </TextLine>
            <TextLine id="tr_1_tl_114" custom="readingOrder {index:113;}">
                <Coords points="2269,3077 3141,3072 3141,3026 3070,3022 2610,3053 2557,3024 2500,3050 2269,3037"/>
                <Baseline points="2280,3068 2323,3068 2366,3068 2409,3068 2453,3068 2496,3067 2539,3065 2583,3066 2626,3068 2669,3067 2713,3065 2756,3066 2799,3068 2842,3067 2886,3065 2929,3065 2972,3065 3016,3065 3059,3065 3102,3065 3146,3065"/>
                <TextEquiv>
                    <Unicode>deze stad een zoo beslissenden invloed</Unicode>
                </TextEquiv>
            </TextLine>
            <TextLine id="tr_1_tl_115" custom="readingOrder {index:114;}">
                <Coords points="1368,3084 2229,3077 2229,3035 1368,3035"/>
                <Baseline points="1379,3071 1421,3071 1464,3071 1507,3071 1550,3071 1593,3069 1635,3068 1678,3068 1721,3068 1764,3069 1807,3070 1849,3069 1892,3071 1935,3070 1978,3068 2021,3068 2063,3068 2106,3068 2149,3068 2192,3068 2235,3068"/>
                <TextEquiv>
                    <Unicode>ruchte traditie. Hier heeft gedurende meer</Unicode>
                </TextEquiv>
            </TextLine>
            <TextLine id="tr_1_tl_116" custom="readingOrder {index:115;}">
                <Coords points="465,3112 1313,3112 1330,3064 465,3079"/>
                <Baseline points="477,3107 519,3105 562,3104 605,3106 648,3107 691,3105 734,3104 776,3104 819,3104 862,3103 905,3102 948,3103 991,3101 1034,3101 1076,3101 1119,3101 1162,3101 1205,3101 1248,3098 1291,3098 1334,3098"/>
                <TextEquiv>
                    <Unicode>uitvoering komen, het pompeuze, praende</Unicode>
                </TextEquiv>
            </TextLine>
            <TextLine id="tr_1_tl_117" custom="readingOrder {index:116;}">
                <Coords points="2280,3121 3143,3130 3143,3075 2280,3081"/>
                <Baseline points="2292,3110 2334,3110 2377,3110 2420,3113 2463,3111 2506,3110 2549,3110 2591,3110 2634,3110 2677,3110 2720,3110 2763,3112 2806,3113 2849,3112 2891,3110 2934,3110 2977,3110 3020,3110 3063,3110 3106,3110 3149,3113"/>
                <TextEquiv>
                    <Unicode>defende, dat een wisseling van intendant of</Unicode>
                </TextEquiv>
            </TextLine>
            <TextLine id="tr_1_tl_118" custom="readingOrder {index:117;}">
                <Coords points="1370,3130 2238,3128 2238,3086 2205,3077 1370,3086"/>
                <Baseline points="1382,3113 1427,3113 1472,3113 1517,3115 1562,3116 1608,3113 1653,3113 1698,3113 1743,3113 1788,3113 1834,3113 1879,3113 1924,3113 1969,3113 2014,3110 2060,3113 2105,3113 2150,3110 2195,3110 2241,3110"/>
                <TextEquiv>
                    <Unicode>dan vyftig jaren het op toon el verzotte We¬</Unicode>
                </TextEquiv>
            </TextLine>
            <TextLine id="tr_1_tl_119" custom="readingOrder {index:118;}">
                <Coords points="454,3152 1337,3150 1337,3108 1258,3103 456,3123"/>
                <Baseline points="465,3152 508,3152 552,3151 596,3150 640,3151 684,3149 728,3149 772,3149 816,3148 860,3146 904,3146 947,3146 991,3146 1035,3143 1079,3146 1123,3143 1167,3143 1211,3143 1255,3143 1299,3143 1343,3143"/>
                <TextEquiv>
                    <Unicode>nieuwe gebouw geopend, dat tot den huldigen</Unicode>
                </TextEquiv>
            </TextLine>
            <TextLine id="tr_1_tl_120" custom="readingOrder {index:119;}">
                <Coords points="2277,3163 3145,3161 3145,3130 3101,3114 2277,3123"/>
                <Baseline points="2289,3155 2332,3155 2375,3155 2418,3155 2461,3155 2504,3155 2547,3155 2590,3157 2633,3158 2676,3156 2719,3155 2762,3155 2805,3155 2848,3154 2891,3153 2934,3155 2977,3155 3020,3154 3063,3153 3106,3154 3149,3155"/>
                <TextEquiv>
                    <Unicode>directeur voor de geheele bevolking belang¬</Unicode>
                </TextEquiv>
            </TextLine>
            <TextLine id="tr_1_tl_121" custom="readingOrder {index:120;}">
                <Coords points="1372,3165 2240,3161 2240,3125 2145,3119 1372,3130"/>
                <Baseline points="1384,3155 1427,3155 1470,3158 1513,3158 1556,3156 1599,3155 1642,3155 1685,3155 1728,3157 1771,3156 1814,3155 1857,3155 1900,3155 1943,3155 1986,3155 2029,3156 2072,3157 2115,3155 2158,3155 2201,3155 2244,3155"/>
                <TextEquiv>
                    <Unicode>nen zijn tot in hun kleinste stembulgingen en</Unicode>
                </TextEquiv>
            </TextLine>
            <TextLine id="tr_1_tl_122" custom="readingOrder {index:121;}">
                <Coords points="460,3202 1335,3202 1335,3152 1262,3147 463,3163"/>
                <Baseline points="474,3193 517,3196 560,3196 603,3194 647,3193 690,3193 733,3192 777,3190 820,3190 863,3190 907,3189 950,3187 993,3187 1036,3187 1080,3187 1123,3187 1166,3187 1210,3187 1253,3184 1296,3184 1340,3184"/>
                <TextEquiv>
                    <Unicode>dag dit zeer klassike, zeer waardige en toch</Unicode>
                </TextEquiv>
            </TextLine>
            <TextLine id="tr_1_tl_123" custom="readingOrder {index:122;}">
                <Coords points="1374,3216 2233,3213 2233,3167 2156,3161 1374,3165"/>
                <Baseline points="1387,3205 1429,3199 1472,3199 1514,3199 1557,3199 1599,3199 1642,3199 1684,3199 1727,3199 1769,3199 1812,3199 1855,3199 1897,3199 1940,3199 1982,3199 2025,3199 2067,3199 2110,3199 2152,3199 2195,3196 2238,3199"/>
                <TextEquiv>
                    <Unicode>gestes vertrouwe theater-lievelingen ge¬</Unicode>
                </TextEquiv>
            </TextLine>
            <TextLine id="tr_1_tl_124" custom="readingOrder {index:123;}">
                <Coords points="2277,3209 3147,3209 3147,3158 2277,3163"/>
                <Baseline points="2289,3202 2332,3199 2375,3199 2418,3199 2461,3199 2504,3197 2547,3198 2591,3199 2634,3199 2677,3201 2720,3200 2763,3197 2806,3198 2849,3199 2893,3199 2936,3199 2979,3199 3022,3199 3065,3199 3108,3199 3152,3202"/>
                <TextEquiv>
                    <Unicode>riker was a 12, dan een verandering van</Unicode>
                </TextEquiv>
            </TextLine>
            <TextLine id="tr_1_tl_125" custom="readingOrder {index:124;}">
                <Coords points="458,3244 1271,3238 1333,3266 1333,3205 1280,3191 458,3198"/>
                <Baseline points="471,3235 514,3239 557,3239 600,3238 644,3238 687,3237 730,3235 774,3235 817,3234 860,3232 904,3232 947,3232 990,3232 1033,3232 1077,3232 1120,3232 1163,3232 1207,3229 1250,3229 1293,3229 1337,3226"/>
                <TextEquiv>
                    <Unicode>nog altyd springlevende Burgtheater-ensem¬</Unicode>
                </TextEquiv>
            </TextLine>
            <TextLine id="tr_1_tl_126" custom="readingOrder {index:125;}">
                <Coords points="2277,3255 3145,3255 3145,3211 3042,3198 2277,3213"/>
                <Baseline points="2289,3244 2332,3244 2375,3241 2418,3241 2461,3244 2504,3244 2547,3242 2590,3243 2633,3242 2676,3243 2719,3244 2762,3242 2805,3243 2848,3244 2891,3243 2934,3243 2977,3246 3020,3244 3063,3244 3106,3245 3149,3244"/>
                <TextEquiv>
                    <Unicode>ministerie. Beroemde namen, Kainz, Girardi.</Unicode>
                </TextEquiv>
            </TextLine>
            <TextLine id="tr_1_tl_127" custom="readingOrder {index:126;}">
                <Coords points="1381,3262 2238,3253 2238,3213 2125,3202 1381,3216"/>
                <Baseline points="1393,3247 1435,3244 1477,3244 1520,3244 1562,3244 1605,3244 1647,3244 1689,3244 1732,3244 1774,3244 1817,3244 1859,3244 1901,3244 1944,3244 1986,3244 2029,3244 2071,3244 2113,3244 2156,3244 2198,3244 2241,3244"/>
                <TextEquiv>
                    <Unicode>juicht. Het klassicke repertoire heeft er in</Unicode>
                </TextEquiv>
            </TextLine>
            <TextLine id="tr_1_tl_128" custom="readingOrder {index:127;}">
                <Coords points="463,3304 1150,3299 1152,3242 465,3246"/>
                <Baseline points="477,3283 511,3283 545,3283 579,3283 613,3280 647,3280 681,3280 715,3280 749,3280 783,3280 817,3280 851,3280 885,3280 919,3278 953,3277 987,3277 1021,3277 1055,3277 1089,3276 1123,3274 1158,3274"/>
                <TextEquiv>
                    <Unicode>ble luxueuze huisvesting bieden zal.</Unicode>
                </TextEquiv>
            </TextLine>
            <TextLine id="tr_1_tl_129" custom="readingOrder {index:128;}">
                <Coords points="2273,3295 3147,3297 3147,3253 3119,3249 2273,3253"/>
                <Baseline points="2286,3286 2329,3286 2372,3286 2415,3289 2459,3289 2502,3289 2545,3287 2589,3286 2632,3286 2675,3288 2719,3289 2762,3289 2805,3287 2848,3286 2892,3286 2935,3287 2978,3289 3022,3288 3065,3287 3108,3289 3152,3292"/>
                <TextEquiv>
                    <Unicode>Sonnenthal, Lewinsky, Baumeister, Schratt</Unicode>
                </TextEquiv>
            </TextLine>
            <TextLine id="tr_1_tl_130" custom="readingOrder {index:129;}">
                <Coords points="1368,3302 2238,3302 2238,3262 2191,3246 1368,3260"/>
                <Baseline points="1379,3289 1422,3289 1465,3289 1508,3291 1552,3290 1595,3289 1638,3289 1681,3289 1725,3289 1768,3289 1811,3289 1854,3289 1898,3289 1941,3290 1984,3291 2027,3289 2071,3289 2114,3289 2157,3289 2200,3286 2244,3286"/>
                <TextEquiv>
                    <Unicode>tot in de laatste détails verzorde uitvoerin¬</Unicode>
                </TextEquiv>
            </TextLine>
            <TextLine id="tr_1_tl_131" custom="readingOrder {index:130;}">
                <Coords points="2277,3339 3145,3343 3145,3295 2277,3299"/>
                <Baseline points="2289,3334 2332,3334 2375,3334 2418,3331 2461,3331 2504,3331 2547,3331 2590,3331 2633,3331 2676,3333 2719,3332 2762,3331 2805,3331 2848,3331 2891,3332 2934,3334 2977,3333 3020,3331 3063,3331 3106,3332 3149,3334"/>
                <TextEquiv>
                    <Unicode>maar ook Devrient, Hugo Thimig, Reimers,</Unicode>
                </TextEquiv>
            </TextLine>
            <TextLine id="tr_1_tl_132" custom="readingOrder {index:131;}">
                <Coords points="1372,3354 2236,3343 2236,3302 2189,3297 1372,3302"/>
                <Baseline points="1384,3340 1426,3335 1469,3332 1512,3333 1555,3332 1598,3333 1641,3334 1683,3334 1726,3334 1769,3334 1812,3334 1855,3334 1898,3334 1941,3334 1983,3333 2026,3332 2069,3334 2112,3334 2155,3334 2198,3331 2241,3331"/>
                <TextEquiv>
                    <Unicode>gen een even goede kans gehad als de mo¬</Unicode>
                </TextEquiv>
            </TextLine>
            <TextLine id="tr_1_tl_133" custom="readingOrder {index:132;}">
                <Coords points="511,3354 1328,3348 1328,3295 1295,3291 511,3304"/>
                <Baseline points="522,3343 562,3340 603,3340 643,3340 684,3340 725,3339 765,3337 806,3337 846,3337 887,3337 928,3337 968,3337 1009,3335 1049,3334 1090,3334 1131,3334 1171,3334 1212,3334 1252,3334 1293,3334 1334,3331"/>
                <TextEquiv>
                    <Unicode>Karl von Semper en Gottfried von Hae-</Unicode>
                </TextEquiv>
            </TextLine>
            <TextLine id="tr_1_tl_134" custom="readingOrder {index:133;}">
                <Coords points="1368,3385 2247,3385 2247,3335 1368,3352"/>
                <Baseline points="1379,3375 1422,3375 1466,3372 1509,3375 1553,3375 1596,3375 1640,3378 1683,3378 1727,3378 1770,3378 1814,3378 1858,3376 1901,3375 1945,3377 1988,3376 2032,3375 2075,3375 2119,3375 2162,3375 2206,3375 2250,3378"/>
                <TextEquiv>
                    <Unicode>derne werken van een Ibsen, Hauptmann en</Unicode>
                </TextEquiv>
            </TextLine>
            <TextLine id="tr_1_tl_135" custom="readingOrder {index:134;}">
                <Coords points="2277,3385 3145,3392 3125,3339 2277,3341"/>
                <Baseline points="2289,3378 2332,3375 2375,3375 2418,3375 2461,3375 2504,3375 2547,3375 2590,3377 2633,3376 2676,3377 2719,3376 2762,3375 2805,3375 2848,3375 2891,3376 2934,3378 2977,3378 3020,3378 3063,3378 3106,3377 3149,3378"/>
                <TextEquiv>
                    <Unicode>Bleibtreu leven als legende voort of vormen</Unicode>
                </TextEquiv>
            </TextLine>
            <TextLine id="tr_1_tl_136" custom="readingOrder {index:135;}">
                <Coords points="465,3398 1328,3387 1302,3341 465,3348"/>
                <Baseline points="477,3384 519,3384 562,3384 605,3384 648,3384 691,3384 734,3382 776,3381 819,3381 862,3380 905,3379 948,3381 991,3381 1034,3380 1076,3378 1119,3378 1162,3378 1205,3378 1248,3378 1291,3375 1334,3375"/>
                <TextEquiv>
                    <Unicode>nauer zijn de architecten, die voor den bou¬</Unicode>
                </TextEquiv>
            </TextLine>
            <TextLine id="tr_1_tl_137" custom="readingOrder {index:136;}">
                <Coords points="1368,3429 2238,3431 2238,3385 1368,3385"/>
                <Baseline points="1379,3420 1422,3420 1465,3420 1508,3420 1552,3420 1595,3420 1638,3421 1681,3423 1725,3423 1768,3423 1811,3423 1854,3422 1898,3420 1941,3420 1984,3420 2027,3420 2071,3420 2114,3420 2157,3420 2200,3420 2244,3417"/>
                <TextEquiv>
                    <Unicode>Schnitzler. En in de fine zielnuances beluis-</Unicode>
                </TextEquiv>
            </TextLine>
            <TextLine id="tr_1_tl_138" custom="readingOrder {index:137;}">
                <Coords points="2277,3431 3139,3440 3139,3394 3088,3390 2277,3387"/>
                <Baseline points="2289,3423 2331,3423 2374,3423 2417,3423 2459,3421 2502,3420 2545,3420 2587,3420 2630,3420 2673,3420 2716,3420 2758,3420 2801,3420 2844,3420 2886,3421 2929,3423 2972,3423 3014,3423 3057,3423 3100,3423 3143,3426"/>
                <TextEquiv>
                    <Unicode>in dagelijkschen, noesten arbeid ook nu nog</Unicode>
                </TextEquiv>
            </TextLine>
            <TextLine id="tr_1_tl_139" custom="readingOrder {index:138;}">
                <Coords points="474,3443 1330,3438 1330,3398 1236,3381 474,3401"/>
                <Baseline points="486,3426 528,3429 570,3429 613,3429 655,3426 698,3426 740,3426 782,3426 825,3426 867,3426 910,3426 952,3425 994,3424 1037,3426 1079,3426 1122,3425 1164,3423 1206,3423 1249,3420 1291,3423 1334,3423"/>
                <TextEquiv>
                    <Unicode>van dit zeer verdadige, op de late Renaissan¬</Unicode>
                </TextEquiv>
            </TextLine>
            <TextLine id="tr_1_tl_140" custom="readingOrder {index:139;}">
                <Coords points="2273,3476 3141,3478 3112,3429 2273,3429"/>
                <Baseline points="2286,3462 2328,3465 2371,3465 2414,3465 2457,3465 2500,3465 2543,3465 2585,3465 2628,3465 2671,3465 2714,3465 2757,3467 2800,3467 2843,3465 2885,3465 2928,3466 2971,3467 3014,3465 3057,3465 3100,3465 3143,3465"/>
                <TextEquiv>
                    <Unicode>de traditie van dit waardige, zeer zelfbewuste</Unicode>
                </TextEquiv>
            </TextLine>
            <TextLine id="tr_1_tl_141" custom="readingOrder {index:140;}">
                <Coords points="1374,3480 2236,3482 2216,3429 1374,3429"/>
                <Baseline points="1387,3465 1429,3462 1472,3462 1515,3465 1557,3465 1600,3465 1643,3467 1685,3468 1728,3468 1771,3468 1814,3466 1856,3465 1899,3466 1942,3467 1984,3465 2027,3465 2070,3465 2112,3464 2155,3462 2198,3465 2241,3465"/>
                <TextEquiv>
                    <Unicode>deren en zoo gaarne sieluk-raisonneerende</Unicode>
                </TextEquiv>
            </TextLine>
            <TextLine id="tr_1_tl_142" custom="readingOrder {index:141;}">
                <Coords points="467,3480 1324,3480 1326,3436 1282,3429 1103,3454 993,3429 469,3440"/>
                <Baseline points="480,3474 522,3474 565,3474 607,3471 650,3471 692,3469 735,3470 777,3471 820,3469 862,3468 905,3469 948,3470 990,3468 1033,3468 1075,3468 1118,3468 1160,3467 1203,3465 1245,3465 1288,3465 1331,3465"/>
                <TextEquiv>
                    <Unicode>ce geinspireerde theatergebou verantwoor-</Unicode>
                </TextEquiv>
            </TextLine>
            <TextLine id="tr_1_tl_143" custom="readingOrder {index:142;}">
                <Coords points="2277,3522 3134,3515 3134,3471 2910,3493 2277,3473"/>
                <Baseline points="2289,3510 2331,3510 2373,3510 2416,3510 2458,3510 2501,3508 2543,3509 2585,3510 2628,3510 2670,3510 2713,3510 2755,3510 2797,3510 2840,3510 2882,3511 2925,3512 2967,3510 3009,3510 3052,3510 3094,3507 3137,3510"/>
                <TextEquiv>
                    <Unicode>Burgtheater. Texamen met de Josefstadt</Unicode>
                </TextEquiv>
            </TextLine>
            <TextLine id="tr_1_tl_144" custom="readingOrder {index:143;}">
                <Coords points="1372,3522 2229,3520 2229,3480 2154,3471 1372,3480"/>
                <Baseline points="1384,3510 1426,3510 1469,3510 1511,3510 1554,3510 1596,3510 1639,3510 1681,3510 1724,3510 1766,3510 1809,3510 1852,3511 1894,3512 1937,3510 1979,3510 2022,3511 2064,3512 2107,3510 2149,3510 2192,3510 2235,3507"/>
                <TextEquiv>
                    <Unicode>werken van dezen laatsten, voor het Oosten¬</Unicode>
                </TextEquiv>
            </TextLine>
            <TextLine id="tr_1_tl_145" custom="readingOrder {index:144;}">
                <Coords points="467,3526 1335,3524 1335,3473 467,3491"/>
                <Baseline points="480,3516 523,3519 566,3519 609,3519 652,3517 695,3516 738,3516 781,3516 824,3516 867,3516 910,3516 953,3515 996,3513 1039,3513 1082,3513 1125,3513 1168,3513 1211,3513 1254,3513 1297,3513 1340,3513"/>
                <TextEquiv>
                    <Unicode>delyk zyn. Van de dele evenmaat van de</Unicode>
                </TextEquiv>
            </TextLine>
            <TextLine id="tr_1_tl_146" custom="readingOrder {index:145;}">
                <Coords points="1372,3564 2229,3564 2209,3517 1372,3524"/>
                <Baseline points="1384,3555 1426,3555 1469,3555 1511,3555 1554,3555 1596,3555 1639,3555 1681,3555 1724,3553 1766,3554 1809,3555 1852,3555 1894,3555 1937,3555 1979,3555 2022,3555 2064,3555 2107,3555 2149,3555 2192,3555 2235,3552"/>
                <TextEquiv>
                    <Unicode>rik van den lateren Franz Josef zoo karak¬</Unicode>
                </TextEquiv>
            </TextLine>
            <TextLine id="tr_1_tl_147" custom="readingOrder {index:146;}">
                <Coords points="2277,3570 3141,3570 3121,3513 3068,3537 2277,3524"/>
                <Baseline points="2289,3552 2331,3555 2374,3555 2417,3555 2460,3555 2503,3555 2546,3553 2588,3554 2631,3555 2674,3555 2717,3555 2760,3555 2803,3555 2846,3555 2888,3555 2931,3555 2974,3555 3017,3555 3060,3555 3103,3555 3146,3555"/>
                <TextEquiv>
                    <Unicode>vorm het een der gronders van het ook</Unicode>
                </TextEquiv>
            </TextLine>
            <TextLine id="tr_1_tl_148" custom="readingOrder {index:147;}">
                <Coords points="471,3568 1333,3566 1333,3526 1269,3520 471,3528"/>
                <Baseline points="483,3560 525,3560 568,3560 611,3560 653,3560 696,3560 739,3560 781,3560 824,3560 867,3560 910,3559 952,3558 995,3558 1038,3558 1080,3558 1123,3558 1166,3558 1208,3560 1251,3558 1294,3558 1337,3558"/>
                <TextEquiv>
                    <Unicode>Weensche achtende eeuw is wenig meer</Unicode>
                </TextEquiv>
            </TextLine>
            <TextLine id="tr_1_tl_149" custom="readingOrder {index:148;}">
                <Coords points="1374,3617 2231,3610 2231,3564 1374,3566"/>
                <Baseline points="1387,3602 1429,3599 1471,3599 1514,3599 1556,3599 1599,3599 1641,3599 1683,3599 1726,3599 1768,3599 1811,3599 1853,3599 1895,3599 1938,3599 1980,3599 2023,3599 2065,3600 2107,3602 2150,3599 2192,3599 2235,3599"/>
                <TextEquiv>
                    <Unicode>teristicken theaterdichter heeft dit gansche</Unicode>
                </TextEquiv>
            </TextLine>
            <TextLine id="tr_1_tl_150" custom="readingOrder {index:149;}">
                <Coords points="2273,3619 3141,3623 3141,3570 3110,3561 2273,3568"/>
                <Baseline points="2286,3599 2329,3599 2372,3599 2415,3602 2458,3602 2501,3600 2544,3601 2587,3600 2630,3599 2673,3599 2716,3599 2759,3601 2802,3600 2845,3599 2888,3600 2931,3602 2974,3601 3017,3599 3060,3599 3103,3600 3146,3599"/>
                <TextEquiv>
                    <Unicode>op dramatisch gebied nog altijd blockende</Unicode>
                </TextEquiv>
            </TextLine>
            <TextLine id="tr_1_tl_151" custom="readingOrder {index:150;}">
                <Coords points="467,3619 1335,3619 1335,3566 467,3566"/>
                <Baseline points="480,3605 523,3607 566,3606 609,3605 652,3605 695,3605 738,3605 781,3605 824,3605 867,3604 910,3602 953,3602 996,3603 1039,3604 1082,3601 1125,3600 1168,3602 1211,3602 1254,3599 1297,3599 1340,3599"/>
                <TextEquiv>
                    <Unicode>overgebleven. Alles is effect, decor, façade in</Unicode>
                </TextEquiv>
            </TextLine>
            <TextLine id="tr_1_tl_152" custom="readingOrder {index:151;}">
                <Coords points="2288,3656 2335,3650 2376,3674 2385,3667 2407,3674 2418,3665 2427,3669 2447,3661 2447,3608 2421,3608 2412,3614 2385,3610 2376,3617 2339,3603 2324,3612 2288,3608"/>
                <Baseline points="2301,3644 2326,3642 2351,3641 2377,3643 2402,3644 2427,3644 2453,3644"/>
                <TextEquiv>
                    <Unicode>Weenen.</Unicode>
                </TextEquiv>
            </TextLine>
            <TextLine id="tr_1_tl_153" custom="readingOrder {index:152;}">
                <Coords points="1374,3663 2233,3654 2218,3610 1374,3617"/>
                <Baseline points="1387,3647 1429,3644 1472,3644 1514,3644 1557,3644 1599,3644 1642,3644 1684,3644 1727,3644 1769,3644 1812,3643 1855,3642 1897,3644 1940,3644 1982,3644 2025,3644 2067,3644 2110,3644 2152,3647 2195,3644 2238,3647"/>
                <TextEquiv>
                    <Unicode>publick rondom de ceuwswisseling sich zeit</Unicode>
                </TextEquiv>
            </TextLine>
            <TextLine id="tr_1_tl_154" custom="readingOrder {index:153;}">
                <Coords points="465,3672 1335,3656 1335,3617 1288,3608 465,3625"/>
                <Baseline points="477,3650 520,3653 563,3653 606,3650 649,3650 692,3650 735,3650 779,3650 822,3650 865,3648 908,3647 951,3649 994,3650 1037,3650 1081,3649 1124,3646 1167,3644 1210,3645 1253,3647 1296,3647 1340,3650"/>
                <TextEquiv>
                    <Unicode>dit record van 19de eeuwschen pronkin, waar</Unicode>
                </TextEquiv>
            </TextLine>
            <TextLine id="tr_1_tl_155" custom="readingOrder {index:154;}">
                <Coords points="2989,3713 3009,3716 3031,3707 3053,3722 3066,3722 3075,3713 3097,3722 3123,3720 3123,3650 3084,3641 3077,3645 3053,3641 3044,3647 3035,3641 3024,3643 3000,3628 2987,3628"/>
                <Baseline points="3002,3689 3027,3689 3052,3689 3077,3689 3102,3690 3128,3692"/>
                <TextEquiv>
                    <Unicode>L. M.</Unicode>
                </TextEquiv>
            </TextLine>
            <TextLine id="tr_1_tl_156" custom="readingOrder {index:155;}">
                <Coords points="1372,3727 1632,3731 1784,3696 2108,3729 2147,3696 2253,3700 2253,3656 2218,3652 1372,3663"/>
                <Baseline points="1384,3689 1427,3689 1471,3692 1515,3689 1559,3689 1602,3689 1646,3689 1690,3689 1734,3691 1777,3692 1821,3690 1865,3689 1909,3691 1952,3690 1996,3689 2040,3691 2084,3692 2127,3690 2171,3689 2215,3691 2259,3698"/>
                <TextEquiv>
                    <Unicode>weer gevonden. De fesche lutenant en het</Unicode>
                </TextEquiv>
            </TextLine>
            <TextLine id="tr_1_tl_157" custom="readingOrder {index:156;}">
                <Coords points="463,3711 1333,3716 1335,3656 1244,3645 1059,3680 888,3652 465,3665"/>
                <Baseline points="474,3701 517,3698 560,3698 603,3698 647,3698 690,3698 733,3698 777,3698 820,3697 863,3695 907,3696 950,3697 993,3695 1036,3695 1080,3695 1123,3695 1166,3692 1210,3692 1253,3695 1296,3692 1340,3695"/>
                <TextEquiv>
                    <Unicode>dergelijke experimenten toch eigenlijk tot</Unicode>
                </TextEquiv>
            </TextLine>
            <TextLine id="tr_1_tl_158" custom="readingOrder {index:157;}">
                <Coords points="137,3733 150,3733 170,3713 176,3718 198,3713 214,3724 231,3713 262,3727 300,3727 300,3647 269,3647 258,3656 198,3634 174,3643 134,3636"/>
                <Baseline points="149,3701 174,3698 200,3695 226,3697 252,3698 278,3698 304,3701"/>
                <TextEquiv>
                    <Unicode>heater.</Unicode>
                </TextEquiv>
            </TextLine>
            <TextEquiv>
                <Unicode></Unicode>
            </TextEquiv>
        </TextRegion>
    </Page>
</PcGts>
