3436 4352
1169 213 1599 320 box 44/5
129 199 993 331 13. Miscellaneous
904 1761 1533 1820 XX L'AMOUR AU PAYS DES SOVIETS
125 1761 875 1827 dat I doux : Chasseurs d'espions qui
1603 1757 3051 1831 du Sérail, a publié l'Amour en Alle souci d'ap¬
129 1812 860 1868 s'appe on ne sait pourquoi, dans le
908 1805 3073 1860 Choses vues, par M. Louis-Charles magne, se devait de nous donner l'Amour décèle ; il s'est tenu, nous dit-il, à
132 1838 1401 1886 texte à M. Berndorf, « le Capitaine La Royer. (Editions de France.)
1599 1842 2323 1897 au pays des Soviets. Avec bonne humeur
2345 1853 3077 1901 pas oublier que « la première cause de¬
912 1857 1577 1919 C'est un étrange garçon que Louis
125 1879 857 1930 Doux en deux mois. De erreurs de
1607 1879 3084 1941 il nous confie un choix de ses souve¬ alheurs de cette souveraines détestée
879 1908 2327 1956 Charles Royer, Dauphinois d'aventure. Il nis. Tour à tour sévère et bon enfant
136 1915 849 1970 ce genre, des information comme cel¬
2349 1923 3026 1981 provint de sa naissance française. »
125 1948 691 1993 que nous avons citée su
717 1948 2323 1996 le Doc-est né par hasard à Pont-de-Beauvoisin, toujours ironique) il nous fait part de
2393 1952 3073 2007 Française, elle l'était celle qui allait
125 1978 3073 2044 teur », jettent malheureu¬ ment sur ce mais son père est d'origine lorraine, et ses découvertes. Mais ne vous fiez pas devenir l'héroïne de la Guerre des Deux
121 2018 3077 2088 livre un petit parfum de suspici dont sa mère, Hedwige Hryniewiecka est la trop au titre : cet ouvrage va plus loin Roses. Fille de René d'Anjou, les hon¬
129 2055 640 2103 Il se passerait bien. — (b).
871 2055 3084 2125 petite fille du grand poète national possi¬
871 2088 1209 2136 lonais Mickiewicz.
1607 2084 3077 2143 vant reportage, plus profond qu'il n'y vivant en Provence, et qui suivit la Pu¬
162 2088 849 2151 L'ARGENT, par Charles Pegny (Galli
908 2106 2062 2169 Conciliez donc le goût de tout voir et paraît, plus grave aussi.
2353 2136 3084 2180 celle dans son épopée, elle fut, sinon « la
125 2147 1584 2187 mard, édit.). — On réédite ce petit groupe le souci de voir clair, de n'être jamais
1647 2136 2323 2198 Un excellent livre de voyageur qui sa¬
129 2169 849 2206 d'œuvres polémiques de Charles Peguy du
2349 2173 3073 2206 cause première, au moins le prétexte in¬
132 2173 3070 2243 contiennent quelques-unes de ses pages les dupe, l'amour des aventures et la vo¬ regarder et dire judicieusement ce qu'il dispensable des guerre d'Italie et de¬
132 2220 846 2276 plus allègres, les plus émouvantes auss
1610 2220 3077 2305 a vu au pays de toutes les possibilités. Renaissance française, après avoir été
1651 2250 1768 2312 (2).
132 2257 853 2298 L'argent, L'argent suite, L'anglais tel qu'on
2393 2268 3077 2334 malgré elle — l'instrument de notre
129 2290 849 2327 le parle, autant de titres éminemment su¬
2345 2301 2680 2360 unité nationale ».
129 2312 849 2371 gestifs pour tous les admirateurs de Péguy
1636 2298 2257 2368 LE CAVALIER DE LA MER roman
121 2345 853 2390 Trouvera-t-il des lecteurs nouveaux ? Il
2375 2323 3073 2393 On constate avec plaisir, après avoir
1607 2334 2257 2401 Mme Jeanne Nabert (Plon, édit.). —
125 2379 857 2415 devrait, car dans L'argent on découvre,
1607 2356 3073 2426 man breton, le premier que public Mme rendu hommage à la conscience histori¬
121 2408 853 2445 mieux qu'ailleurs, la robustesse, la clair¬
1603 2412 3081 2463 Jeanne Nabert, femme d'un universitaire, que de M. Philippe Erlanger, que celui¬
136 2437 857 2481 voyance, le sérieux et la jeunesse de cet
1607 2448 3073 2496 professeur de philosophie au lycée Hen¬ n'a pas hésité à recourir à des sour¬
125 2463 625 2526 écrivain unique et admirable,
1603 2470 3073 2544 rily, a obtenu en 1931 le prix du Premier ces que maints érudits de moindre in¬
1610 2507 3073 2570 roman, fondé par la « Revue hebdoma- telligence eussent dédaignées. Peut¬
158 2504 728 2566 XX LES ROMANCIERS ALLEMANDS.
1607 2529 1754 2581 daire ».
154 2533 849 2595 Anthologie, sous la direction de M. Fé¬
1643 2551 3073 2599 Comme beaucoup d'histoires provinces, être s'étonnera-t-on, avoue-t-il, de nous
2345 2584 3070 2632 voir à plusieurs reprises invoquer l'auto¬
129 2584 846 2636 lix Bertaux, préface de M. Edmond a
1607 2588 3077 2665 c'est le récit — assez long — d'un amour rité de Shakespeare. Pour tout ce qui
1610 2625 2323 2669 secret qu'une Celte passionnée et silencieu
125 2621 673 2676 loux (Denoël et Steele, édit.).
1607 2654 3066 2702 se, a conçu pour un ancien médecin de ma¬ touche à l'âme de ses personnages, le
162 2651 846 2698 Cette anthologie est publiée par l'ex¬
1610 2687 3062 2761 rine. Etude minutieuse de mœurs en même poète, par la seule vertu du génie, pos
125 2680 857 2731 cellente collection que dirige M. Geor¬
1614 2709 1732 2768 temps.
2349 2728 3051 2768 sède le privilège le ressusciter des v.
129 2731 846 2768 ges Charensol et où ont déjà de¬
2338 2765 3062 2820 rités plus probants que le fade témoi¬
125 2765 846 2801 volumes consacrés aux anciers amé
1636 2761 2316 2845 XX MARQUERITE D'AN JOU, REINE D'A¬
2345 2798 2864 2853 gnage de la réalité — (2).
136 2801 849 2849 ricains et italiens. El auteur
1610 2805 1798 2867 GLETERRE.
132 2827 853 2871 M. Felix Bertaux, spéciséminent, et
1643 2831 2327 2908 Etude, par M. Philippe Erlanger (Edi
125 2867 857 2915 se ble qu'elle fre, de la littérature
2360 2834 3066 2941 nun an,
2342 2845 3059 2934 Réunis nieder, et par M. Mar¬
1607 2875 2077 2934 tions Emile-Paul frères).
132 2904 849 2956 d'aujourd'hui,
1643 2919 3073 2963 « Ceci n'est pas une biographie ro que M. Marcel Beaufils a réunis dans
129 2930 842 2978 mlete que celles que nous don¬
1599 2948 3059 2996 mancée », écrit l'auteur en tête de son livre gardent une certaine unité de tonly
136 2970 849 3018 est, des littératures américaine et
2342 2985 3059 3022 rique, qui s'exprime en phrases courtes, e
1599 2985 2312 3029 ouvrage. Et pourtant, n'étaient l'auto
129 3007 816 3059 lienne, les deux autres anthologies.
2345 3015 3044 3051 pointues, et qui est à la fois agaçant et¬
1610 3022 2323 3062 té, l'érudition et le scrupule de M. Phi¬
162 3026 849 3081 Une introduction intéressante de M.
2349 3040 3062 3081 parfois — suggestif. L'image « eucanimis¬
1607 3040 3059 3110 lippe Erlanger, on serait tenté de croire les épique serait plus juste que M. Beau¬
140 3059 846 3128 Edmond Jaloux ouvre ce recueil, où on
1610 3088 3059 3136 le contraire. Mais l'historien prend son fils nous trace de la grande ville d'aujour¬
136 3106 849 3165 trouvera des pages de G. Hauptmann,
1607 3125 3059 3180 de nous prévenir, en nous rappelant que d'hui est un peu prolixe, et sans doute s'at¬
199 3143 846 3198 Schnitzler, Heinrich et Thomas
1610 3162 3066 3198 « le destin se plaît à conduire certaines tache-t-on davantage au romantisme plus
151 3151 846 3228 J. Wassermann. A. Doblin,
1607 3187 3066 3235 existences à travers des péripéties si facile de la dernière nouvelle qui met en
140 3198 846 3265 Verfel, Stefan Zweig, Franz Kalka, J.
2345 3220 2923 3272 scène Clara et Robert Scheimann.
1603 3224 2323 3283 prodigieusement ordonnées, que l'intru
147 3250 853 3290 Loth et Hermann Kesten. On ne voit
1603 3265 2323 3309 sion de la moindre fable suffirait à en
948 3242 1507 3316 M. Louis-Charles Royer
140 3276 846 3323 as qu'il manque là des noms essen
2371 3261 2754 3338 XX CHITETTE ET LI.
1595 3301 2316 3342 détruire la grandeur et l'harmonie.
941 3294 1555 3349 (L'auteur de l'Amour au pays de¬
136 3312 842 3356 les ; et, à côté de l'Allemagne, les co¬
2368 3312 3055 3367 Roman, par Dyvonne (Librairie Plon)
1599 3327 2316 3367 Le destin se son héroïne est de ceux-là
897 3327 1555 3382 Soviets, vu par la photographie MM. G.
132 3349 846 3393 onies littéraires comme l'Autriche et
1599 3360 2320 3404 Si mouvementé, si divers qu'il défie le
2371 3364 3066 3404 Ou comment la dactylographe Joce¬
897 3371 1562 3415 L. Manuel frères, et d'après un dessin
136 3382 838 3441 ja Bohème sont excellemment représen¬
897 3404 1099 3448 de M. Bib.
1607 3397 3059 3437 vraisemblance, il a peut-être attendu lyne Moret, surnommée Chipette, et
136 3415 842 3470 tées. Les notices de M. Bertaux sont pré¬
1610 3430 3062 3485 jusqu'à ce jour quelque indulgence et vraie « gamine à la Poulbot », épouse le
132 3430 1584 3511 rieuses et donnent à ce recueil une uni¬ lonté de ne pas céder aux apparences.
1610 3463 3066 3526 quelque justification. Car Marguerite neveu — pourtant assez snob — du
140 3485 360 3537 é profonde.
868 3496 2893 3540 Quel autre métier pouvait-il faire, hors d'Anjou, de toutes les reines, fut sans grand banquier Edgar Wilson
154 3503 801 3562 Les traductions ont pour auteurs
868 3533 2316 3577 celui de reporter ? C'est ainsi qu'il a doute celle qui suscita le plus de haine
2364 3514 3066 3577 Petit roman vit et gai, où l'on ren¬
140 3548 2305 3614 putre M. Félix Bertaux — MM. Marc commencé et qu'il continue. Entre deux et de condamnations qu'on pouvait cro¬
2334 3566 3055 3614 contrera toutefois des mots d'esprit un
132 3595 1857 3643 fert. Hella, Bournac, Banquis, Lepoin- voyages, il écrit. De ses ascendances sia¬ re sans appel.
2338 3599 3070 3647 peu usés. Exemple : « C'est un homme
136 3628 1584 3676 e. Duren, Lhopiteau, Korner et Jules ves, il a hérité le magique don de conter
1629 3617 3051 3680 L'entreprise de M. Philippe Erlanger qui doit avoir beaucoup d'esprit, car
132 3665 507 3731 Supervelle. — (1).
890 3673 2908 3742 Aussi l'auteur de la Maitresse noire et n'en était donc que plus ardue et plus n'en dépense guère » (3).
