3392 4352
783 116 1441 174 1. österr. behördl. konzessioniertes
759 153 1474 231 Unternehmen für Zeitungs-Ausschnitte
824 216 1393 296 WIEN, I., WOLLEILE 11
892 279 1343 340 TELEPHON R-23-0-43
702 401 1059 486 Ausschnitt aus:
702 621 826 704 vom
1319 802 1419 907 27
698 1046 2387 1216 Viktor Barnowsky will in Wien
794 1256 2241 1354 eine Direktion übernehmen
647 1352 2396 1432 Der bekannte Berliner Theaterdirektor augenblicklich in Wien
687 1430 2396 1498 Seit einigen Tagen ist Viktor Barnow. Eine Menge junger Schauspieler, die heute
647 1482 2385 1541 sky in Wien, einer der bekanntesten Ber berühmt sind, wurden von Barnowsky ont
1537 1535 2396 1589 deckt und gefördert, vielen Autoren verhalf
650 1539 1509 1589 liner Theaterdirektoren, der in Berlin 28
643 1576 2243 1635 Jahre lang interessantes Theater, Theater Barnowsky zum Licht des Theaters.
1581 1609 2396 1670 Viktor Barnowsky hat wiederholt in
654 1631 1504 1681 von Format gemacht hatte und jetzt den
1535 1655 2387 1720 Wien gastiert. Vor 25 Jahren veranstaltete
654 1670 1504 1722 neuen Kurs in Deutschland weichen mußte
654 1713 2400 1770 Viktor Barnowsky ist in Erkenntnis der er ein Berliner Gastspiel seiner Bühne im
1537 1755 2396 1803 Bürgertheater mit Heijermann,
654 1757 1504 1812 augenblicklichen Verhältnisse von seine
1539 1799 2398 1851 Wedekind und Henri Bernstein, mit
654 1805 1509 1862 letzten Berliner Direktion freiwillig
1535 1844 2394 1894 Emanuel Reicher, Ilka Grüning,
647 1846 1506 1910 zurückgetreten. Er ist jener Ber¬
1537 1886 2396 1936 Alfred Abel, später gastierte er im Johann
1537 1934 2396 1979 Strauß-Theater mit einer denkwürdigen
1528 1973 2391 2027 Aufführung von Leonid Andrejews „Stu¬
1528 2019 2398 2062 dentenliebe und „Fannys erstes
1528 2062 2398 2112 Stück von Shaw. Bei einem Gastspiel
1530 2110 2396 2158 im Theater an der Wien zeigte er
1528 2145 2402 2204 seine „Peer Gynt“-Vorstellung mit Fried¬
1530 2195 2394 2245 rich Kaysler, Lina Losson, Ilka
1537 2237 2036 2298 Grüning, Kurt Götz.
1585 2269 2396 2333 Viktor Barnowsky spricht über seine
1539 2322 2387 2376 Wiener Pläne natürlich mit jener Zurück¬
1528 2372 2394 2429 haltung, die die geger värtige Situation
1535 2415 2394 2466 verlangt. „Augenblicklich“, sagte er, „habe
1537 2461 2396 2514 ich die Absicht, in Wien ein Theater zu
1535 2507 2038 2572 pachten und zu führen.
1570 2542 2365 2614 Ich glaube, daß es möglich ist, neben den
1574 2605 2361 2657 Wiener Theatern in Wien noch ein
1570 2651 2359 2721 Theater künstlerischen Charakters er¬
1803 2694 2128 2760 stehen zu lassen.
1535 2732 2405 2806 Ich muß gleich sagen, daß mich nur ein
1537 2797 2400 2849 solches Theater interessiert, daß ich nur
1537 2836 2396 2891 an ein Theater glaube, das im geistigen
1535 2886 2396 2934 Sinn geleitet ist. Meine Bühnenerfahrung,
654 2902 1504 2954 liner Theaterdirektor, der dort neben und
1543 2930 2394 2998 ich bin seit 28 Jahren Theaterdirektor, und
654 2952 1513 2998 nach Otto Brahm und Max Reinhardt
1543 2967 2396 3021 war früher schon Regisseur und Schau¬
650 2991 1513 3043 die größten Erfolge erzielt hat. Er begann
1539 3015 2400 3067 spieler, ließ mich erkennen, daß auch in
654 3039 1513 3085 seinerzeit im Kleinen Theater Unter
1539 3056 2394 3126 den trübsten wirtschaftlichen Zeiten das
654 3083 1513 3135 den Linden, brachte Gustav Wieds
1543 3109 2064 3161 Kulturtheater Erfolg hatte.
650 3115 1511 3181 X 2=5, Ludwig Thoma, Bernard Shaw
1578 3133 2396 3213 Ich kenne ja Wien von Gastspielen und
650 3170 1509 3222 und übernahm dann später als Erbe Otto
650 3200 2387 3261 Brahms das Lessing-Theater, das er Besuchen her, ich glaube auch, daß ich
1543 3246 2394 3296 was die Mentalität dieser Stadt betrifft,
650 3250 1513 3331 1913 mit „Peer Gynt eröffnete. Im Lessing-
1543 3285 2398 3340 einigermaßen Bescheid weiß. Daher kommt
656 3301 1025 3357 Theater spielte
1230 3296 1513 3357 Wedekind.
1550 3327 2394 3383 ja meine Überzeugung, daß Wien für in
650 3346 1513 3399 Schnitzler, Strindberg, Ibsen,
1548 3375 2396 3451 Theater, wie ich es mir denke, empfänglich
1038 3386 1517 3451 Molière, Shake¬
650 3390 977 3462 Sudermann,
1358 3431 1513 3484 Gerhart
650 3418 1286 3486 speare, Georg Kaiser,
1574 3431 2396 3525 Pläne Repertoire? Darüber kann ich
650 3460 1513 3527 Hauptmann, später im Theater in
650 3497 2402 3564 der Königgrätzerstraße und im augenblicklich noch nichts sagen. Ich habe
656 3556 2400 3612 Komödienhaus eine Menge künstle- ja kaum Fühlung genommen, bin kaum erst
1539 3593 2394 3647 mit den Möglichkeiten der Übernahme eines
654 3606 1509 3662 risch bedeutsamer und geschäftlich erfolg
1539 3638 2398 3689 der leerstehenden Häuser in Kontakt ge¬
650 3645 1511 3702 reicher Stücke. Unter seiner Direktion konnte
1543 3686 2394 3734 treten. Ich muß mich unter den gegen¬
650 3695 1513 3745 man eine „Faust-Aufführung sehen, in
650 3723 2396 3780 der Käthe Dorsch zum erstenmal das wärtigen Verhältnissen natürlich für ein
1543 3765 2389 3826 größeres Theater entscheiden, für ein Thea¬
665 3774 1513 3837 Gretchen spielte und Jannings den Me¬
1546 3815 2396 3883 ter, das zumindest über mehr als tausend
671 3824 1511 3883 phisto. Er brachte zum erstenmal Strind¬
1546 3859 2400 3931 Plätze verfügt, da die Kalkulation bei
654 3863 1509 3917 bergs „Nach Damaskus" und „u
1550 3898 2400 3955 kleineren Theatern heute außerordentlich
650 3915 1522 3965 stav III. Er brachte die berühmtesten
1546 3946 2400 4013 erschwert, ja unmöglich ist. Ich würde,
658 3952 1513 4002 Wedekind-Aufführungen und er brachte
656 3989 2398 4055 Elisabeth Bergner zu ihrem ersten falls es zu einem Abschluß kommt, mein
1546 4035 2405 4109 Wiener Theater zu Beginn der nächsten
650 4037 1519 4103 großen Berliner Erfolg. Barnowsky war es,
656 4079 1868 4146 der Rudolf Forster in Berlin startete. Saison eröffnen.
