3344 4352
132 247 307 350 13.
386 241 987 338 scellanos
812 1241 1047 1309 I. Oesterr.
427 1252 1134 1334 OBSERVER behördl. konz.
400 1333 1143 1373 Büre für Zeitungsnachrichten
433 1358 1144 1417 WIEN I. WOLLEILE
675 1429 1077 1548 Volkszeitung, Wien
311 1493 434 1599 3
680 1548 1083 1658 MAI 1933
427 1641 1198 1719 — Maria Delbard. Von Camille
326 1712 1201 1760 Semond einbegleitet, sang kürzlich in der
329 1758 1207 1803 Urania Maria Delvard ihre wohlbekannten
326 1798 1198 1849 Chansons, diesmal aus dem 15. und 16. Jahr¬
329 1843 1201 1893 hundert. Es ist wohl nicht nötig, die hoch¬
326 1887 1198 1957 begabte Französin vorzustellen, die als eine der
326 1929 1204 1987 Mitbegründerinnen der neuen Kabarettkunst
344 1972 1201 2026 gewirkt hat, kongenial der Yvette Guilbert.
338 2016 1201 2067 Die so manchen als Rebellen geltenden
338 2062 1201 2110 Künstler, Wedekind zum Beispiel oder
335 2104 1204 2152 Schnitzler, aus der Rampentaufe gehoben hat
335 2141 1207 2197 an Brettl, das sich ihnen später zur Welt
335 2183 1204 2243 erweitern sollte. Ob sie diesmal altfranzösisch
344 2236 1201 2279 lang, ob sie im Kostüm der Gaskogne oder der
335 2278 1202 2321 Bretagne kam, ob sie deutsch oder modernes
344 2318 1211 2368 Franzosisch sprach, es bleibt eine ganz eigene
332 2359 1199 2415 Kunst, diese so zarte Sache, die einen unnach¬
341 2402 1204 2453 ahmlich poetischen Reiz hat und eben unüber¬
350 2445 1210 2504 setzbar Chanson heißt, zu heiterer, grotesker
341 2487 1213 2538 oder erschütternder Wirkung zu führen. Am
338 2534 1220 2595 besten gelungen war das Weihnachtslied
320 2624 1202 2684 „La belle de borger“ „La veuve" und „
329 2645 1207 2712 vous", zwei lustige Liebchen, oder die ernste
326 2707 1201 2758 „Ballade de Jean Renon". Auch „Le canard
329 2743 1198 2796 blanc oder das in einem Hochzeitskleid vor¬
332 2790 1201 2847 getragene „Le meunier“ oder „Baisez-moi,
341 2836 1198 2887 ferner in den vielen Zugaben, die verlangt
335 2877 1198 2949 und gewährt wurden, das deutsche „Alt¬
332 2919 1204 2967 Wien, schlugen besonders ein. Die Kunst des
335 2956 1204 3013 Brettls ist eine eigene Gattung, eine Cousine
335 3002 1204 3055 der Thalia, eine lebensberechtigte und dazu,
326 3046 1195 3107 wenn von einer so begabten Interpretin dar¬
335 3088 1204 3149 gebracht, wie es Marya Delvard ist, auch eine
335 3131 592 3208 sehr reizvolle.
1177 238 1604 338 box 44/6
2153 1090 2480 1210 RATIS
2194 1197 2435 1252 I. Oesterr.
1737 1192 2540 1282 OBSERIE der kon¬
1739 1274 2540 1343 Zeitungsnachrichten
1828 1301 2471 1405 WIEN, WOLLIELE
2128 1478 2472 1602 A MAI 1933
1626 1614 2721 1679 (Mutter=Almanach der Dichter Oesterreichs.) Eine
1532 1676 2730 1740 Mutterhuldigung zum Muttering. Poetische Kränze, die
1541 1722 2730 1785 Franz Karl Ginzkey mit dem starken Glauben in die All¬
1538 1776 2725 1834 mütterlichkeit der Frau, Felix Salten mit dem Trauerflor
1536 1815 2727 1879 wehmutsvoll innigen Gedenkens aufs Grab der Mutter legen.
1538 1867 2724 1930 Paula Grogger malt mit dem ihr eigenen Ton von Kraft und
1532 1909 2728 1972 Herzlichkeit ein Genrebild der kranken, genesenden Mutter,
1541 1960 2730 2025 und Emil Ertl, der seine Epiker, erzählt die rührende Ge¬
1544 2011 2734 2077 schichte des kleinen, sehnsüchtigen Christl, der das ungewünschte
1535 2065 2733 2128 Kind einer Magd war. Ergreifend ist auch die Erzählung von
1538 2102 2728 2167 Dolores Vieser, wie die bange, kindliche Vroni aus dem
1547 2152 2730 2219 Dienstplatz nach Hause flüchtet, oder das Gedenkblatt von
1538 2212 2728 2270 Rudolf List, der in den roten, rauh gearbeiteten Händen der
1544 2260 2736 2318 Mutter das Sinnbild rastloser Hingabe und liebender Für¬
1547 2309 2731 2380 sorge sieht. „Hände“ heißt auch eine Skizze von Hugo Greinz
1590 2344 2730 2411 die fast visionär flüchtige Liebesepisode im fahrenden Zug,
1541 2395 2734 2462 da es dem Manne ist, als wären die Hände, als wäre das
1544 2453 2739 2522 junge Weib selbst eine Sekunde lang ihn hingegeben. Die
1538 2490 2739 2558 „Wiener Wissenschaftliche Korrespondenz Gebhardt", hat die
1544 2544 2734 2621 kleine Sammlung im Fiba-Verlag (Wien=Leipzig) heraus¬
1547 2604 2740 2661 gegeben. Ein merkwürdiger Zug ins Uebersinnliche, in die
1544 2636 2736 2709 Metaphysik dunkler Zusammenhänge eint manche dieser Bei¬
1547 2679 2736 2754 träge. Hat wirklich die Schuld der gequälten Mutter, die ihr
1547 2739 2730 2808 Kind nicht wollte, den Sohn zum Verbrecher werden lassen?
1544 2790 2731 2877 Arthur Schnitzler wirft in der „Papieren eines Arztes" die
1568 2919 2748 2999 Frage auf, „denn mich dünkt, es ist noch lange nicht klar
1565 2973 2740 3043 genug, wie wenig wir wollen dürfen und wieviel wir müssen".
1571 3025 2748 3091 In ähnlich transzendentalem Selbstvorwurf behauptet ein
1562 3065 2748 3137 Vater in Karl Hans Strobls Erzählung „Das Kind der
1565 3122 2751 3191 Magd, am Tode seines Knaben schuld zu sein, weil er das
1562 3163 2728 3229 Ende eines andern, sein Dasein störenden Kindes wünschte.
1566 3211 2751 3286 Irgendwo liegt ein Irrtum, den wir im Leben begangen
1569 3259 2760 3342 haben; wenn es uns schlecht ergeht, meint Otto Soyka in
1560 3308 2763 3380 einem knappen Schicksalsbild. — „Ein Haus vorbei, nicht
1568 3366 2766 3428 mehr, der kleine Kräutergarten ist wohlgekämmt, die Schwelle
1574 3404 2760 3479 blank, „es buschen sich im Fenster blaue Blüten; wie tausend
1562 3452 2727 3531 Augen beten sie hinan für Hände muttergütigem Leben"
1574 3495 2764 3578 sim schlichten Werk des Alltags erfaßt Heinrich Suso
1568 3545 2764 3667 Waldeck mütterlich treues Walten — Einzelstimmen im reich
1538 3618 2362 3675 orchestrierten Hymnus des Muttertages.
