3344 4352
171 278 295 361 13.
448 273 951 377 scellane
923 654 1121 742 .
888 732 1179 806 allzeile Nr.
675 724 841 812 I.,
688 795 1137 877 Telefon R-230.42
644 939 724 1034 5
318 1062 1095 1141 Allerlei Bemerkenswertes
338 1170 1241 1220 Erwin Strauß, der Sohn des Komponisten
299 1209 1241 1253 Oskar Strauß, hat kürzlich an der Riviera
303 1248 1245 1295 einen Selbstmordversuch verübt. Die Tat ruft in
303 1286 1238 1333 Erinnerung, daß auch die Tochter Schnitzlers
299 1327 1234 1368 und der Sohn Hofmannsthals durch Selbst¬
299 1366 1244 1408 mord endeten. In diesen Vorfällen bestätigt sich
297 1407 1241 1451 in erschütternder Weise, daß die Kinder und Enkel
297 1443 1238 1486 aus Mischehen zwischen Menschen arischer und
303 1486 1238 1538 jüdischer Rasse zwar oft auffallend begabt, aber
299 1522 1248 1572 innerlich zerrissen, tief unglücklich und letzten Endes
294 1565 696 1634 lebensuntauglich sind.
339 1954 1120 2047 „OBSERVER
422 2048 1083 2099 I. österr. behördl. konzessioniertes
394 2095 1113 2160 Unternehmen für Zeitungs-Ausschnitte
459 2150 1035 2225 WIEN, I., WOLLEILE 11
535 2213 985 2260 TELEPHON R-23-0-43
323 2320 1114 2517 seen.
327 2553 928 2693 vom 7. FEB. 1933
410 2701 1277 2787 Wachsende französische Nachfrage nach
240 2763 1277 2821 deutscher Klassik. In der letzten Zeit ist eine immer
237 2809 1286 2876 größere Zunahme der Uebersetzungen deutscher Werke in
243 2831 1283 2904 Frankreich festzustellen. Zahlreiche zeitgenössische deutsche
240 2875 1283 2933 Autoren sind jetzt dem französischen Leser zugänglich ge¬
240 2921 1284 2972 macht worden, und manche sogar in der Gesamtheit ihrer
241 2950 1283 3012 literarischen Leistung. Arthur Schnitzler ist zur Zeit
241 2992 1296 3045 in seinen wichtigsten Werken übersetzt, von Kafkas
243 3032 1292 3092 Schriften befindet sich eine Gesamtausgabe in Vorbereitung
243 3070 1291 3129 und Rilke hat ausgezeichnete Uebersetzungen gefunden.
245 3107 1291 3170 Thomas Mann ist erst in der jüngsten Zeit einem größe¬
245 3141 1295 3209 ren Kreis vertraut geworden. Von Hesse, Wasser¬
245 3178 1299 3240 mann und Werfel sind mehrere Werke französisch er¬
253 3215 1295 3281 schienen. Gundolfs „Goethe“ wurde übersetzt, gleich¬
252 3260 1291 3327 falls „Die Romantik der Ricarda Huch, Bertrams
245 3297 1290 3359 „Nietzsche“ und Witkops „Goethe“, während die Ueber¬
252 3334 1294 3396 setzungen von Gundolfs „Caesar“ und „Paracelsus" eben¬
252 3372 1294 3441 falls bereits angekündigt sind. Daneben aber macht sich
249 3414 1295 3476 nun nach Mitteilung der „Literatur“ eine zum mindesten
252 3450 1299 3509 ebenso starke Nachfrage nach Werken der deutschen Klassik
249 3500 1298 3549 und Romantik in Frankreich geltend. Mehrere ältere
255 3529 1296 3584 deutsche Schriftsteller sind zum ersten Mal übersetzt worden,
252 3566 1300 3621 andere, die vergessen waren, fanden wieder Interesse und
257 3603 1306 3662 Verständnis. So wurde nun zum ersten Mal Hölderlin
249 3649 1302 3700 übersetzt, und seine Werke und die neuen Uebertragungen
249 3685 1308 3745 von Novalis und Jean Paul begegnen starkem Inter¬
257 3716 1307 3781 esse. Kleist, Lenau, Eichendorff, Tieck und
266 3754 1308 3818 Hoffmann liegen in neuen Uebertragungen vor. Es
266 3787 1308 3857 überrascht, daß der in Deutschland zu unrecht vergessene
262 3832 1307 3901 Ludwig Tieck in Frankreich eine Art von Renaissance
255 3868 1307 3933 erlebt. Auch Dichter der jüngeren Vergangenheit, die
266 3907 1310 3973 früher mehr oder minder unbekannt geblieben waren,
257 3950 1312 4008 wurden jetzt ebenfalls dem französischen Leser zugänglich
264 3987 1317 4055 gemacht. An erster Stelle stehen hier Möricke, Storm,
255 4026 1201 4087 Keller, Raabe und Conrad Ferdinand Meyer.
1207 266 1635 355 box 44/6
2409 1680 2508 1749 42
2138 1732 2547 1845 7. FEB. 1933
2090 1863 2540 1956 I
1866 1953 2647 2048 Kleine Nachrichten aus aller Welt.
1762 2018 2653 2099 In der letzten Zeit ist eine immer größere Zunahme
1759 2077 2653 2135 der Abersetzungen deutscher Werke ins Französische
1763 2121 2644 2196 festzustellen. Artur Schnitzler ist in seinen wich¬
1762 2173 2645 2243 tigsten Werken überträgen. Rilke hat ausgezeich¬
1759 2222 2647 2283 nete Übersetzungen gefunden, und Thomas Mann
1763 2268 2647 2334 ist erst in der jüngsten Zeit einem größeren Kreis
1758 2329 2641 2388 vertraut geworden. Von Hesse, Heinrich Mann,
1759 2367 2643 2432 Wassermann und Werfel sind mehrere Werke fran¬
1755 2424 2649 2487 zösisch erschienen. Gundolfs „Goethe“ wurde über¬
1762 2461 2651 2531 setzt, gleichfalls „Die Romantik" der Ricarda Huch,
1757 2507 2641 2573 Bertrams „Nietzsche" und Witkops „Goethe. Da¬
1767 2556 2644 2615 sieben aber macht sich nun nach Mitteilung der
1755 2599 2645 2684 „Literatur eine zum mindesten ebenso starke Nach¬
1763 2659 2647 2730 frage nach Werken der deutschen Klassik und Ro¬
1753 2709 2649 2775 mantik in Frankreich geltend. So wurde nun zum
1754 2752 2644 2821 ersten Male Hölderlin übersetzt, und seine Werke
1757 2813 2647 2858 und die neuen Übertragungen von Novalis und
1753 2856 2643 2922 Jean Paul begegnen starkem Interesse. Kleist,
1754 2904 2644 2965 Lenau, Eichendorff, Tieck und Hoffmann liegen in
1757 2959 2644 3021 neuen Übertragungen vor. Auch Dichter der jün¬
1755 2999 2645 3067 geren Vergangenheit, an erster Stelle stehen hier
1753 3048 2638 3114 Möricke, Storm, Keller, Raabe und Konrad Ferdi¬
1751 3092 2024 3161 nand Meyer.
