<?xml version="1.0" encoding="UTF-8" standalone="yes"?>
<PcGts xmlns="http://schema.primaresearch.org/PAGE/gts/pagecontent/2013-07-15" xmlns:xsi="http://www.w3.org/2001/XMLSchema-instance" xsi:schemaLocation="http://schema.primaresearch.org/PAGE/gts/pagecontent/2013-07-15 http://schema.primaresearch.org/PAGE/gts/pagecontent/2013-07-15/pagecontent.xsd">
    <Metadata>
        <Creator>prov=READ-COOP:name=PyLaia@TranskribusPlatform:version=2.12.1:model_id=39995:lm=provided:date=28_03_2024_22:18</Creator>
        <Created>2019-10-07T20:37:52.787+02:00</Created>
        <LastChange>2024-03-28T22:18:09.973+01:00</LastChange>
        <TranskribusMetadata docId="224460" pageId="9579085" pageNr="34" tsid="156402743" status="IN_PROGRESS" userId="40391" imgUrl="https://files.transkribus.eu/Get?id=HKPTGFOZJWBHFVQILINAVPZO&amp;fileType=view" xmlUrl="https://files.transkribus.eu/Get?id=BSDOIORZWPPSCJJFWXJNXLIK" imageId="6208275"/>
    </Metadata>
    <Page imageFilename="224460_0034.jpeg" imageWidth="3344" imageHeight="4352">
        <ReadingOrder>
            <OrderedGroup id="ro_1712662271315" caption="Regions reading order">
                <RegionRefIndexed index="0" regionRef="tr_1"/>
                <RegionRefIndexed index="1" regionRef="tr_2"/>
                <RegionRefIndexed index="2" regionRef="tr_3"/>
                <RegionRefIndexed index="3" regionRef="tr_4"/>
            </OrderedGroup>
        </ReadingOrder>
        <TextRegion orientation="0.0" id="tr_1" custom="readingOrder {index:0;}">
            <Coords points="167,204 167,363 295,363 295,204"/>
            <TextLine id="tr_1_tl_1" custom="readingOrder {index:0;}">
                <Coords points="160,316 189,312 213,322 233,312 250,322 268,314 292,316 288,252 271,255 262,250 235,256 216,251 201,263 179,254 170,260 156,259"/>
                <Baseline points="167,307 192,305 218,304 243,306 269,309 295,313"/>
                <TextEquiv>
                    <Unicode>13.</Unicode>
                </TextEquiv>
            </TextLine>
            <TextEquiv>
                <Unicode></Unicode>
            </TextEquiv>
        </TextRegion>
        <TextRegion orientation="0.0" id="tr_2" custom="readingOrder {index:1;}">
            <Coords points="244,284 244,4057 1316,4057 1316,284"/>
            <TextLine id="tr_2_tl_1" custom="readingOrder {index:0;}">
                <Coords points="354,329 1019,327 1019,270 992,258 759,277 631,243 588,266 434,235 354,252"/>
                <Baseline points="361,310 394,310 427,310 460,310 493,310 526,307 559,307 592,307 625,307 658,307 692,307 725,308 758,310 791,308 824,307 857,307 890,307 923,307 956,307 989,306 1023,304"/>
                <TextEquiv>
                    <Unicode>Miscellaneous</Unicode>
                </TextEquiv>
            </TextLine>
            <TextLine id="tr_2_tl_2" custom="readingOrder {index:1;}">
                <Coords points="906,706 931,701 964,713 999,698 1045,704 1115,697 1115,627 1077,630 1041,651 1010,630 982,629 970,639 951,631 938,644 906,635"/>
                <Baseline points="913,692 938,692 964,692 990,694 1016,694 1041,692 1067,692 1093,692 1119,695"/>
                <TextEquiv>
                    <Unicode></Unicode>
                </TextEquiv>
            </TextLine>
            <TextLine id="tr_2_tl_3" custom="readingOrder {index:2;}">
                <Coords points="387,715 396,713 401,718 418,715 451,736 464,725 475,726 472,692 454,698 429,694 423,700 410,686 394,684 385,688"/>
                <Baseline points="394,710 421,712 449,714 477,716"/>
                <TextEquiv>
                    <Unicode></Unicode>
                </TextEquiv>
            </TextLine>
            <TextLine id="tr_2_tl_4" custom="readingOrder {index:3;}">
                <Coords points="888,771 1065,764 1140,777 1176,768 1176,722 1160,727 1116,707 1064,726 1045,709 989,718 951,707 888,727"/>
                <Baseline points="895,758 920,758 946,758 972,758 998,758 1024,758 1049,758 1075,758 1101,757 1127,755 1153,755 1179,755"/>
                <TextEquiv>
                    <Unicode>zeile Nr.</Unicode>
                </TextEquiv>
            </TextLine>
            <TextLine id="tr_2_tl_5" custom="readingOrder {index:4;}">
                <Coords points="697,822 742,840 781,823 913,825 939,840 1015,819 1055,838 1143,822 1141,775 1110,769 1073,784 1035,769 1005,786 976,764 922,782 877,771 859,788 772,765 730,782 696,769"/>
                <Baseline points="704,808 730,808 756,808 782,810 808,811 834,811 860,811 886,811 912,811 938,812 964,813 990,814 1016,814 1042,814 1068,814 1094,814 1120,815 1146,817"/>
                <TextEquiv>
                    <Unicode>Telefon R-23-0.42</Unicode>
                </TextEquiv>
            </TextLine>
            <TextLine id="tr_2_tl_6" custom="readingOrder {index:5;}">
                <Coords points="323,1115 1230,1114 1230,1030 781,1065 677,1032 323,1035"/>
                <Baseline points="331,1098 376,1101 421,1101 466,1101 511,1098 556,1101 601,1101 646,1101 691,1101 736,1101 781,1101 826,1101 871,1101 916,1101 961,1101 1006,1101 1051,1101 1096,1101 1141,1098 1186,1107 1232,1110"/>
                <TextEquiv>
                    <Unicode>Allerlei Bemerkenswertes</Unicode>
                </TextEquiv>
            </TextLine>
            <TextLine id="tr_2_tl_7" custom="readingOrder {index:6;}">
                <Coords points="333,1187 1235,1180 1235,1147 1187,1137 984,1165 333,1141"/>
                <Baseline points="340,1170 384,1170 429,1173 474,1173 519,1173 564,1173 609,1176 654,1176 699,1173 744,1173 789,1173 833,1173 878,1176 923,1176 968,1176 1013,1176 1058,1176 1103,1173 1148,1173 1193,1176 1238,1176"/>
                <TextEquiv>
                    <Unicode>Erwin Strauß, der Sohn des Komponisten</Unicode>
                </TextEquiv>
            </TextLine>
            <TextLine id="tr_2_tl_8" custom="readingOrder {index:7;}">
                <Coords points="293,1216 1239,1223 1215,1181 293,1180"/>
                <Baseline points="301,1214 348,1211 395,1211 442,1213 489,1209 536,1212 583,1214 630,1214 677,1214 724,1213 771,1212 818,1214 865,1214 912,1214 959,1214 1006,1214 1053,1214 1100,1214 1147,1214 1194,1214 1241,1211"/>
                <TextEquiv>
                    <Unicode>Oskar Strauß, hat kürzlich an der Riviera</Unicode>
                </TextEquiv>
            </TextLine>
            <TextLine id="tr_2_tl_9" custom="readingOrder {index:8;}">
                <Coords points="297,1258 1237,1260 1237,1224 1141,1215 297,1218"/>
                <Baseline points="304,1250 350,1250 397,1250 444,1250 491,1251 538,1253 585,1253 631,1252 678,1251 725,1253 772,1253 819,1253 866,1255 913,1254 959,1253 1006,1253 1053,1255 1100,1254 1147,1253 1194,1253 1241,1253"/>
                <TextEquiv>
                    <Unicode>einen Selbstmordversuch verübt. Die Tat ruft in</Unicode>
                </TextEquiv>
            </TextLine>
            <TextLine id="tr_2_tl_10" custom="readingOrder {index:9;}">
                <Coords points="291,1301 1244,1297 1244,1268 1182,1258 291,1253"/>
                <Baseline points="298,1289 345,1292 392,1292 440,1292 487,1292 535,1293 582,1294 630,1292 677,1292 725,1292 772,1292 819,1292 867,1294 914,1295 962,1295 1009,1295 1057,1295 1104,1295 1152,1295 1199,1294 1247,1289"/>
                <TextEquiv>
                    <Unicode>Erinnerung, daß auch die Tochter Schnitzlers</Unicode>
                </TextEquiv>
            </TextLine>
            <TextLine id="tr_2_tl_11" custom="readingOrder {index:10;}">
                <Coords points="300,1347 1239,1341 1211,1297 300,1299"/>
                <Baseline points="307,1331 353,1331 400,1331 447,1331 493,1331 540,1332 587,1333 633,1331 680,1332 727,1334 774,1333 820,1331 867,1333 914,1334 960,1334 1007,1334 1054,1334 1100,1334 1147,1332 1194,1331 1241,1331"/>
                <TextEquiv>
                    <Unicode>und der Sohn Hofmannsthals durch Selbst¬</Unicode>
                </TextEquiv>
            </TextLine>
            <TextLine id="tr_2_tl_12" custom="readingOrder {index:11;}">
                <Coords points="300,1378 1241,1381 1224,1336 300,1347"/>
                <Baseline points="307,1373 353,1370 400,1370 447,1373 494,1373 541,1374 588,1374 634,1370 681,1371 728,1373 775,1373 822,1373 869,1373 916,1373 962,1373 1009,1373 1056,1373 1103,1375 1150,1376 1197,1373 1244,1373"/>
                <TextEquiv>
                    <Unicode>mord endeten. In diesen Vorfällen bestätigt sich</Unicode>
                </TextEquiv>
            </TextLine>
            <TextLine id="tr_2_tl_13" custom="readingOrder {index:12;}">
                <Coords points="300,1420 1241,1422 1241,1381 1157,1374 300,1378"/>
                <Baseline points="307,1411 353,1408 400,1411 447,1411 494,1408 541,1409 588,1411 634,1411 681,1411 728,1412 775,1414 822,1412 869,1411 916,1413 962,1412 1009,1411 1056,1413 1103,1414 1150,1412 1197,1411 1244,1414"/>
                <TextEquiv>
                    <Unicode>in erschütternder Weise, daß die Kinder und Enkel</Unicode>
                </TextEquiv>
            </TextLine>
            <TextLine id="tr_2_tl_14" custom="readingOrder {index:13;}">
                <Coords points="297,1460 1232,1464 1219,1415 297,1427"/>
                <Baseline points="304,1450 350,1447 397,1450 443,1453 490,1453 536,1451 583,1453 629,1453 676,1453 722,1453 769,1453 816,1453 862,1453 909,1453 955,1451 1002,1452 1048,1453 1095,1453 1141,1453 1188,1451 1235,1450"/>
                <TextEquiv>
                    <Unicode>aus Mischehen zwischen Menschen arischer und</Unicode>
                </TextEquiv>
            </TextLine>
            <TextLine id="tr_2_tl_15" custom="readingOrder {index:14;}">
                <Coords points="302,1510 1235,1499 1203,1457 302,1458"/>
                <Baseline points="310,1489 356,1489 402,1492 449,1492 495,1489 542,1492 588,1492 634,1492 681,1492 727,1492 774,1492 820,1492 866,1492 913,1492 959,1492 1006,1492 1052,1492 1098,1492 1145,1492 1191,1490 1238,1489"/>
                <TextEquiv>
                    <Unicode>jüdischer Rasse zwar oft auffallend begabt, aber</Unicode>
                </TextEquiv>
            </TextLine>
            <TextLine id="tr_2_tl_16" custom="readingOrder {index:15;}">
                <Coords points="302,1536 961,1567 1244,1537 1244,1502 1151,1491 302,1500"/>
                <Baseline points="310,1528 356,1531 403,1531 450,1534 497,1531 544,1532 591,1533 637,1531 684,1532 731,1534 778,1534 825,1534 872,1534 919,1534 965,1534 1012,1534 1059,1534 1106,1534 1153,1534 1200,1531 1247,1531"/>
                <TextEquiv>
                    <Unicode>innerlich zerrissen, tief unglücklich und letzten Endes</Unicode>
                </TextEquiv>
            </TextLine>
            <TextLine id="tr_2_tl_17" custom="readingOrder {index:16;}">
                <Coords points="291,1604 701,1596 701,1546 672,1535 615,1548 546,1535 448,1548 292,1539"/>
                <Baseline points="298,1573 323,1573 348,1573 374,1573 399,1573 424,1573 450,1573 475,1573 501,1573 526,1573 551,1573 577,1573 602,1573 627,1572 653,1570 678,1571 704,1573"/>
                <TextEquiv>
                    <Unicode>lebensuntauglich sind.</Unicode>
                </TextEquiv>
            </TextLine>
            <TextLine id="tr_2_tl_18" custom="readingOrder {index:17;}">
                <Coords points="335,2003 1134,2030 1134,1926 584,1949 447,1926 335,1959"/>
                <Baseline points="343,1996 382,1996 422,1993 462,1996 501,1998 541,1999 581,1999 620,1999 660,2000 700,2002 740,2002 779,1999 819,1999 859,1999 898,2001 938,2002 978,2002 1017,2001 1057,1999 1097,1998 1137,1993"/>
                <TextEquiv>
                    <Unicode>„OBSERVER</Unicode>
                </TextEquiv>
            </TextLine>
            <TextLine id="tr_2_tl_19" custom="readingOrder {index:18;}">
                <Coords points="431,2070 1089,2067 1089,2036 1011,2016 890,2032 861,2013 805,2036 681,2013 431,2021"/>
                <Baseline points="438,2053 470,2053 503,2053 536,2053 568,2053 601,2053 634,2054 666,2056 699,2056 732,2056 765,2056 797,2056 830,2056 863,2056 895,2056 928,2056 961,2056 993,2057 1026,2059 1059,2056 1092,2056"/>
                <TextEquiv>
                    <Unicode>1. österr. behördl. konzessioniertes</Unicode>
                </TextEquiv>
            </TextLine>
            <TextLine id="tr_2_tl_20" custom="readingOrder {index:19;}">
                <Coords points="401,2112 768,2129 899,2109 1103,2138 1116,2083 400,2068"/>
                <Baseline points="408,2104 443,2104 479,2104 514,2104 550,2104 585,2104 621,2104 656,2104 692,2105 727,2107 763,2107 799,2107 834,2107 870,2107 905,2107 941,2107 976,2107 1012,2108 1047,2109 1083,2107 1119,2107"/>
                <TextEquiv>
                    <Unicode>Unternehmen für Zeitungs-Ausschnitte</Unicode>
                </TextEquiv>
            </TextLine>
            <TextLine id="tr_2_tl_21" custom="readingOrder {index:20;}">
                <Coords points="460,2175 1047,2187 1045,2145 969,2120 922,2137 459,2116"/>
                <Baseline points="468,2167 497,2165 526,2164 555,2164 584,2168 613,2170 642,2170 671,2170 700,2170 729,2170 759,2170 788,2170 817,2170 846,2170 875,2170 904,2172 933,2173 962,2173 991,2171 1020,2170 1050,2170"/>
                <TextEquiv>
                    <Unicode>WIEN, I., WOLLZEILE 11</Unicode>
                </TextEquiv>
            </TextLine>
            <TextLine id="tr_2_tl_22" custom="readingOrder {index:21;}">
                <Coords points="535,2232 936,2237 982,2230 982,2200 932,2182 777,2199 675,2175 617,2192 534,2187"/>
                <Baseline points="543,2220 569,2222 595,2223 621,2221 647,2220 673,2220 699,2220 725,2220 751,2222 777,2223 803,2223 829,2223 855,2223 881,2223 907,2223 933,2223 959,2223 985,2223"/>
                <TextEquiv>
                    <Unicode>TELEPHON R-23-0-43</Unicode>
                </TextEquiv>
            </TextLine>
            <TextLine id="tr_2_tl_23" custom="readingOrder {index:22;}">
                <Coords points="331,2381 508,2360 1016,2492 1122,2488 1107,2405 1055,2416 821,2334 320,2313"/>
                <Baseline points="334,2352 373,2355 412,2355 452,2355 491,2355 531,2357 570,2362 609,2366 649,2376 688,2389 728,2400 767,2408 806,2414 846,2422 885,2432 925,2440 964,2448 1003,2456 1043,2466 1082,2472 1122,2474"/>
                <TextEquiv>
                    <Unicode>de</Unicode>
                </TextEquiv>
            </TextLine>
            <TextLine id="tr_2_tl_24" custom="readingOrder {index:23;}">
                <Coords points="338,2596 498,2584 673,2621 752,2663 927,2656 915,2559 772,2572 540,2521 454,2555 333,2551"/>
                <Baseline points="343,2575 372,2577 401,2579 430,2581 460,2583 489,2586 518,2589 547,2593 577,2597 606,2601 635,2605 664,2609 694,2613 723,2617 752,2620 781,2622 811,2626 840,2629 869,2631 898,2632 928,2632"/>
                <TextEquiv>
                    <Unicode>vom 7. FEB. 1933</Unicode>
                </TextEquiv>
            </TextLine>
            <TextLine id="tr_2_tl_25" custom="readingOrder {index:24;}">
                <Coords points="404,2750 1283,2740 1270,2693 986,2708 740,2654 630,2651 547,2694 405,2677"/>
                <Baseline points="411,2743 454,2743 498,2744 542,2745 586,2743 629,2743 673,2743 717,2743 761,2742 804,2740 848,2740 892,2740 936,2739 979,2737 1023,2737 1067,2737 1111,2737 1154,2734 1198,2731 1242,2728 1286,2725"/>
                <TextEquiv>
                    <Unicode>Wachsende französische Nachfrage nach</Unicode>
                </TextEquiv>
            </TextLine>
            <TextLine id="tr_2_tl_26" custom="readingOrder {index:25;}">
                <Coords points="239,2794 1282,2771 1282,2739 1180,2729 241,2752"/>
                <Baseline points="247,2784 301,2784 356,2784 411,2784 465,2782 520,2781 575,2781 629,2780 684,2778 739,2778 793,2778 848,2775 903,2776 957,2774 1012,2772 1067,2769 1121,2769 1176,2768 1231,2765 1286,2764"/>
                <TextEquiv>
                    <Unicode>deutscher Klassik. In der letzten Zeit ist eine immer</Unicode>
                </TextEquiv>
            </TextLine>
            <TextLine id="tr_2_tl_27" custom="readingOrder {index:26;}">
                <Coords points="239,2847 1282,2813 1249,2769 241,2796"/>
                <Baseline points="247,2829 301,2826 356,2821 411,2823 465,2819 520,2817 575,2820 629,2817 684,2817 739,2817 793,2817 848,2814 903,2814 957,2812 1012,2808 1067,2808 1121,2807 1176,2805 1231,2803 1286,2802"/>
                <TextEquiv>
                    <Unicode>größere Zunahme der Uebersetzungen deutscher Werke in</Unicode>
                </TextEquiv>
            </TextLine>
            <TextLine id="tr_2_tl_28" custom="readingOrder {index:27;}">
                <Coords points="239,2868 1222,2863 1283,2851 1285,2810 239,2848"/>
                <Baseline points="247,2862 301,2859 356,2858 411,2857 465,2857 520,2856 575,2856 629,2856 684,2856 739,2854 793,2853 848,2853 903,2853 957,2851 1012,2850 1067,2847 1121,2846 1176,2844 1231,2842 1286,2838"/>
                <TextEquiv>
                    <Unicode>Frankreich festzustellen. Zahlreiche zeitgenössische deutsche</Unicode>
                </TextEquiv>
            </TextLine>
            <TextLine id="tr_2_tl_29" custom="readingOrder {index:28;}">
                <Coords points="237,2904 1243,2897 1278,2851 237,2867"/>
                <Baseline points="244,2898 295,2898 347,2898 399,2896 451,2897 503,2895 554,2895 606,2895 658,2892 710,2892 762,2892 813,2890 865,2889 917,2889 969,2886 1021,2888 1072,2886 1124,2884 1176,2883 1228,2880 1280,2877"/>
                <TextEquiv>
                    <Unicode>Autoren sind jetzt dem französischen Leser zugänglich ge¬</Unicode>
                </TextEquiv>
            </TextLine>
            <TextLine id="tr_2_tl_30" custom="readingOrder {index:29;}">
                <Coords points="237,2944 1282,2923 1262,2885 238,2904"/>
                <Baseline points="244,2937 296,2937 348,2934 400,2935 452,2936 504,2934 556,2934 608,2934 660,2931 712,2931 765,2930 817,2928 869,2928 921,2925 973,2925 1025,2925 1077,2924 1129,2922 1181,2922 1233,2920 1286,2916"/>
                <TextEquiv>
                    <Unicode>macht worden, und manche sogar in der Gesamtheit ihrer</Unicode>
                </TextEquiv>
            </TextLine>
            <TextLine id="tr_2_tl_31" custom="readingOrder {index:30;}">
                <Coords points="239,2980 1103,2982 1266,2967 1293,2929 239,2940"/>
                <Baseline points="247,2975 299,2975 351,2972 404,2972 456,2972 509,2972 561,2972 613,2972 666,2972 718,2969 771,2968 823,2967 875,2967 928,2967 980,2967 1033,2964 1085,2966 1137,2963 1190,2961 1242,2956 1295,2955"/>
                <TextEquiv>
                    <Unicode>literarischen Leistung. Arthur Schnitzler ist zur Zeit</Unicode>
                </TextEquiv>
            </TextLine>
            <TextLine id="tr_2_tl_32" custom="readingOrder {index:31;}">
                <Coords points="243,3024 1197,3013 1289,3006 1290,2967 243,2982"/>
                <Baseline points="250,3014 302,3014 354,3011 406,3011 458,3010 510,3008 562,3008 614,3008 666,3005 718,3005 771,3005 823,3003 875,3004 927,3005 979,3002 1031,3002 1083,3001 1135,2998 1187,2996 1239,2994 1292,2993"/>
                <TextEquiv>
                    <Unicode>in seinen wichtigsten Werken übersetzt, von Kafkas</Unicode>
                </TextEquiv>
            </TextLine>
            <TextLine id="tr_2_tl_33" custom="readingOrder {index:32;}">
                <Coords points="246,3061 1297,3053 1298,3001 247,3022"/>
                <Baseline points="253,3053 305,3050 357,3047 410,3050 462,3049 515,3047 567,3047 619,3045 672,3044 724,3044 777,3043 829,3041 881,3043 934,3042 986,3041 1039,3038 1091,3037 1143,3035 1196,3035 1248,3035 1301,3035"/>
                <TextEquiv>
                    <Unicode>Schriften befindet sich eine Gesamtausgabe in Vorbereitung</Unicode>
                </TextEquiv>
            </TextLine>
            <TextLine id="tr_2_tl_34" custom="readingOrder {index:33;}">
                <Coords points="246,3099 1141,3092 1290,3081 1291,3052 247,3063"/>
                <Baseline points="253,3089 305,3089 357,3089 409,3089 461,3088 513,3086 565,3086 617,3086 669,3086 721,3083 774,3083 826,3081 878,3080 930,3080 982,3080 1034,3080 1086,3079 1138,3077 1190,3075 1242,3072 1295,3071"/>
                <TextEquiv>
                    <Unicode>und Rilke hat ausgezeichnete Uebersetzungen gefunden.</Unicode>
                </TextEquiv>
            </TextLine>
            <TextLine id="tr_2_tl_35" custom="readingOrder {index:34;}">
                <Coords points="251,3139 1248,3126 1295,3118 1297,3078 252,3097"/>
                <Baseline points="259,3128 313,3128 368,3125 423,3126 477,3126 532,3125 587,3125 641,3122 696,3122 751,3122 805,3119 860,3119 915,3119 969,3119 1024,3116 1079,3116 1133,3115 1188,3113 1243,3111 1298,3107"/>
                <TextEquiv>
                    <Unicode>Thomas Mann ist erst in der jüngsten Zeit einem größe¬</Unicode>
                </TextEquiv>
            </TextLine>
            <TextLine id="tr_2_tl_36" custom="readingOrder {index:35;}">
                <Coords points="247,3178 1299,3145 1276,3117 249,3140"/>
                <Baseline points="256,3166 308,3164 360,3164 412,3164 465,3163 517,3161 569,3163 621,3164 674,3161 726,3161 778,3158 830,3158 883,3156 935,3153 987,3155 1039,3155 1092,3151 1144,3150 1196,3150 1248,3147 1301,3143"/>
                <TextEquiv>
                    <Unicode>ren Kreis vertraut geworden. Von Hesse, Wasser¬</Unicode>
                </TextEquiv>
            </TextLine>
            <TextLine id="tr_2_tl_37" custom="readingOrder {index:36;}">
                <Coords points="246,3209 1189,3206 1298,3185 1299,3145 246,3180"/>
                <Baseline points="253,3205 305,3202 357,3202 410,3202 462,3201 515,3199 567,3201 619,3197 672,3199 724,3196 777,3196 829,3195 881,3193 934,3193 986,3190 1039,3190 1091,3190 1143,3189 1196,3187 1248,3185 1301,3181"/>
                <TextEquiv>
                    <Unicode>mann und Werfel sind mehrere Werke französisch er¬</Unicode>
                </TextEquiv>
            </TextLine>
            <TextLine id="tr_2_tl_38" custom="readingOrder {index:37;}">
                <Coords points="255,3253 1298,3230 1281,3188 256,3213"/>
                <Baseline points="262,3241 316,3241 371,3240 426,3238 480,3236 535,3235 590,3238 644,3235 699,3235 754,3235 808,3232 863,3232 918,3232 972,3230 1027,3229 1082,3229 1136,3227 1191,3227 1246,3224 1301,3217"/>
                <TextEquiv>
                    <Unicode>schienen. Gundolfs „Goethe“ wurde übersetzt, gleich¬</Unicode>
                </TextEquiv>
            </TextLine>
            <TextLine id="tr_2_tl_39" custom="readingOrder {index:38;}">
                <Coords points="251,3301 1283,3284 1297,3234 251,3253"/>
                <Baseline points="259,3283 313,3280 368,3280 423,3279 477,3277 532,3277 587,3277 641,3274 696,3274 751,3272 805,3271 860,3271 915,3271 969,3269 1024,3268 1079,3268 1133,3265 1188,3265 1243,3263 1298,3259"/>
                <TextEquiv>
                    <Unicode>falls „Die Romantik der Ricarda Huch, Bertrams</Unicode>
                </TextEquiv>
            </TextLine>
            <TextLine id="tr_2_tl_40" custom="readingOrder {index:39;}">
                <Coords points="251,3328 1297,3315 1261,3269 252,3303"/>
                <Baseline points="259,3325 313,3319 368,3318 423,3316 477,3314 532,3313 587,3316 641,3313 696,3315 751,3314 805,3310 860,3308 915,3309 969,3307 1024,3307 1079,3307 1133,3303 1188,3303 1243,3302 1298,3298"/>
                <TextEquiv>
                    <Unicode>„Nietzsche“ und Witkops „Goethe“, während die Ueber¬</Unicode>
                </TextEquiv>
            </TextLine>
            <TextLine id="tr_2_tl_41" custom="readingOrder {index:40;}">
                <Coords points="243,3372 1295,3340 1161,3306 245,3331"/>
                <Baseline points="250,3355 302,3358 354,3355 407,3355 459,3355 512,3355 564,3355 616,3353 669,3352 721,3352 774,3351 826,3349 878,3349 931,3349 983,3346 1036,3346 1088,3345 1140,3342 1193,3340 1245,3340 1298,3337"/>
                <TextEquiv>
                    <Unicode>setzungen von Gundolfs „Caesar“ und „Paracelsus" eben¬</Unicode>
                </TextEquiv>
            </TextLine>
            <TextLine id="tr_2_tl_42" custom="readingOrder {index:41;}">
                <Coords points="251,3411 1297,3389 1297,3340 252,3368"/>
                <Baseline points="259,3399 313,3396 368,3394 423,3395 477,3391 532,3390 587,3393 641,3390 696,3390 751,3388 805,3387 860,3387 915,3386 969,3384 1024,3384 1079,3381 1133,3380 1188,3378 1243,3376 1298,3372"/>
                <TextEquiv>
                    <Unicode>falls bereits angekündigt sind. Daneben aber macht sich</Unicode>
                </TextEquiv>
            </TextLine>
            <TextLine id="tr_2_tl_43" custom="readingOrder {index:42;}">
                <Coords points="243,3441 1298,3422 1298,3389 1231,3381 245,3407"/>
                <Baseline points="250,3435 302,3435 355,3432 407,3432 460,3431 512,3429 565,3431 617,3432 670,3429 722,3429 775,3426 828,3426 880,3424 933,3423 985,3423 1038,3423 1090,3422 1143,3419 1195,3417 1248,3415 1301,3414"/>
                <TextEquiv>
                    <Unicode>nun nach Mitteilung der „Literatur“ eine zum mindesten</Unicode>
                </TextEquiv>
            </TextLine>
            <TextLine id="tr_2_tl_44" custom="readingOrder {index:43;}">
                <Coords points="251,3483 1298,3462 1274,3419 252,3449"/>
                <Baseline points="259,3474 311,3474 363,3471 415,3473 467,3470 519,3470 571,3471 623,3468 675,3465 727,3465 780,3465 832,3465 884,3463 936,3462 988,3462 1040,3462 1092,3461 1144,3458 1196,3456 1248,3456 1301,3453"/>
                <TextEquiv>
                    <Unicode>ebenso starke Nachfrage nach Werken der deutschen Klassik</Unicode>
                </TextEquiv>
            </TextLine>
            <TextLine id="tr_2_tl_45" custom="readingOrder {index:44;}">
                <Coords points="251,3516 1282,3507 1297,3462 251,3483"/>
                <Baseline points="259,3510 313,3510 368,3510 423,3510 477,3508 532,3507 587,3507 641,3506 696,3504 751,3504 805,3504 860,3503 915,3501 969,3501 1024,3501 1079,3498 1133,3495 1188,3495 1243,3493 1298,3492"/>
                <TextEquiv>
                    <Unicode>und Romantik in Frankreich geltend. Mehrere ältere</Unicode>
                </TextEquiv>
            </TextLine>
            <TextLine id="tr_2_tl_46" custom="readingOrder {index:45;}">
                <Coords points="251,3569 1228,3557 1303,3543 1304,3508 251,3516"/>
                <Baseline points="259,3555 311,3550 363,3549 416,3549 468,3548 521,3546 573,3546 625,3546 678,3543 730,3546 783,3543 835,3543 887,3543 940,3541 992,3537 1045,3537 1097,3536 1149,3534 1202,3534 1254,3532 1307,3531"/>
                <TextEquiv>
                    <Unicode>deutsche Schriftsteller sind zum ersten Mal übersetzt worden,</Unicode>
                </TextEquiv>
            </TextLine>
            <TextLine id="tr_2_tl_47" custom="readingOrder {index:46;}">
                <Coords points="251,3599 1182,3589 1302,3575 1303,3543 251,3569"/>
                <Baseline points="259,3590 311,3588 363,3587 415,3587 468,3584 520,3584 572,3584 624,3582 677,3581 729,3584 781,3582 833,3578 886,3578 938,3578 990,3575 1042,3575 1095,3572 1147,3572 1199,3570 1251,3569 1304,3566"/>
                <TextEquiv>
                    <Unicode>andere, die vergessen waren, fanden wieder Interesse und</Unicode>
                </TextEquiv>
            </TextLine>
            <TextLine id="tr_2_tl_48" custom="readingOrder {index:47;}">
                <Coords points="247,3644 1303,3616 1303,3579 1224,3572 249,3599"/>
                <Baseline points="256,3626 308,3626 361,3626 413,3626 466,3625 518,3623 571,3623 623,3621 676,3620 728,3620 781,3619 834,3617 886,3617 939,3617 991,3614 1044,3614 1096,3611 1149,3610 1201,3608 1254,3608 1307,3608"/>
                <TextEquiv>
                    <Unicode>Verständnis. So wurde nun zum ersten Mal Hölderlin</Unicode>
                </TextEquiv>
            </TextLine>
            <TextLine id="tr_2_tl_49" custom="readingOrder {index:48;}">
                <Coords points="255,3670 1306,3658 1294,3614 256,3639"/>
                <Baseline points="262,3665 314,3665 366,3665 419,3665 471,3664 524,3662 576,3660 628,3659 681,3656 733,3659 786,3656 838,3656 890,3656 943,3654 995,3653 1048,3650 1100,3650 1152,3649 1205,3647 1257,3647 1310,3644"/>
                <TextEquiv>
                    <Unicode>übersetzt, und seine Werke und die neuen Uebertragungen</Unicode>
                </TextEquiv>
            </TextLine>
            <TextLine id="tr_2_tl_50" custom="readingOrder {index:49;}">
                <Coords points="255,3718 1301,3689 1281,3652 256,3678"/>
                <Baseline points="262,3701 314,3704 366,3704 418,3704 470,3703 522,3699 574,3700 626,3698 678,3695 730,3697 783,3694 835,3692 887,3694 939,3695 991,3692 1043,3692 1095,3691 1147,3688 1199,3686 1251,3684 1304,3680"/>
                <TextEquiv>
                    <Unicode>von Novalis und Jean Paul begegnen starkem Inter¬</Unicode>
                </TextEquiv>
            </TextLine>
            <TextLine id="tr_2_tl_51" custom="readingOrder {index:50;}">
                <Coords points="267,3750 1116,3742 1308,3732 1310,3696 267,3714"/>
                <Baseline points="274,3746 328,3740 383,3740 438,3740 492,3738 547,3737 602,3737 656,3734 711,3736 766,3735 820,3731 875,3731 930,3730 984,3728 1039,3728 1094,3728 1148,3725 1203,3725 1258,3723 1313,3719"/>
                <TextEquiv>
                    <Unicode>esse. Kleist, Lenau, Eichendorff, Tieck und</Unicode>
                </TextEquiv>
            </TextLine>
            <TextLine id="tr_2_tl_52" custom="readingOrder {index:51;}">
                <Coords points="266,3790 1273,3774 1308,3731 267,3750"/>
                <Baseline points="274,3781 325,3778 377,3778 429,3778 481,3777 533,3775 584,3775 636,3772 688,3772 740,3771 792,3769 843,3769 895,3769 947,3769 999,3766 1051,3766 1102,3765 1154,3761 1206,3760 1258,3758 1310,3758"/>
                <TextEquiv>
                    <Unicode>Hoffmann liegen in neuen Uebertragungen vor. Es</Unicode>
                </TextEquiv>
            </TextLine>
            <TextLine id="tr_2_tl_53" custom="readingOrder {index:52;}">
                <Coords points="264,3831 1307,3802 1248,3761 266,3790"/>
                <Baseline points="271,3820 325,3817 380,3817 435,3816 489,3814 544,3814 599,3814 653,3811 708,3811 763,3811 817,3808 872,3806 927,3807 981,3805 1036,3802 1091,3802 1145,3799 1200,3799 1255,3797 1310,3796"/>
                <TextEquiv>
                    <Unicode>überrascht, daß der in Deutschland zu unrecht vergessene</Unicode>
                </TextEquiv>
            </TextLine>
            <TextLine id="tr_2_tl_54" custom="readingOrder {index:53;}">
                <Coords points="264,3871 1307,3840 1307,3800 266,3828"/>
                <Baseline points="271,3853 325,3856 380,3856 435,3855 489,3851 544,3850 599,3853 653,3850 708,3848 763,3847 817,3844 872,3844 927,3843 981,3841 1036,3841 1091,3841 1145,3838 1200,3838 1255,3836 1310,3832"/>
                <TextEquiv>
                    <Unicode>Ludwig Tieck in Frankreich eine Art von Renaissance</Unicode>
                </TextEquiv>
            </TextLine>
            <TextLine id="tr_2_tl_55" custom="readingOrder {index:54;}">
                <Coords points="260,3896 1307,3878 1299,3838 262,3873"/>
                <Baseline points="268,3892 320,3892 372,3892 424,3892 476,3891 528,3889 580,3889 632,3889 684,3886 736,3886 789,3885 841,3883 893,3881 945,3880 997,3877 1049,3880 1101,3879 1153,3877 1205,3877 1257,3872 1310,3871"/>
                <TextEquiv>
                    <Unicode>erlebt. Auch Dichter der jüngeren Vergangenheit, die</Unicode>
                </TextEquiv>
            </TextLine>
            <TextLine id="tr_2_tl_56" custom="readingOrder {index:55;}">
                <Coords points="267,3946 1310,3920 1310,3883 1265,3878 268,3902"/>
                <Baseline points="274,3934 328,3931 383,3931 438,3930 492,3928 547,3928 602,3928 656,3925 711,3925 766,3923 820,3919 875,3921 930,3919 984,3917 1039,3916 1094,3916 1148,3913 1203,3913 1258,3911 1313,3910"/>
                <TextEquiv>
                    <Unicode>früher mehr oder minder unbekannt geblieben waren,</Unicode>
                </TextEquiv>
            </TextLine>
            <TextLine id="tr_2_tl_57" custom="readingOrder {index:56;}">
                <Coords points="264,3982 1301,3962 1310,3921 264,3946"/>
                <Baseline points="271,3972 323,3969 375,3969 427,3968 479,3965 531,3963 583,3965 635,3963 687,3963 739,3960 792,3959 844,3959 896,3958 948,3955 1000,3955 1052,3955 1104,3955 1156,3954 1208,3952 1260,3950 1313,3949"/>
                <TextEquiv>
                    <Unicode>wurden jetzt ebenfalls dem französischen Leser zugänglich</Unicode>
                </TextEquiv>
            </TextLine>
            <TextLine id="tr_2_tl_58" custom="readingOrder {index:57;}">
                <Coords points="267,4020 1285,4016 1312,3967 267,3983"/>
                <Baseline points="274,4011 326,4008 378,4008 430,4007 482,4004 534,4002 586,4002 638,3999 690,3999 742,4001 795,3998 847,3996 899,3996 951,3993 1003,3993 1055,3990 1107,3990 1159,3990 1211,3990 1263,3988 1316,3987"/>
                <TextEquiv>
                    <Unicode>gemacht. An erster Stelle stehen hier Möricke, Storm,</Unicode>
                </TextEquiv>
            </TextLine>
            <TextLine id="tr_2_tl_59" custom="readingOrder {index:58;}">
                <Coords points="263,4071 1006,4062 1199,4036 1201,3999 264,4021"/>
                <Baseline points="271,4047 317,4047 364,4047 410,4047 457,4046 503,4044 550,4044 596,4043 643,4041 689,4041 736,4039 783,4038 829,4040 876,4039 922,4036 969,4033 1015,4032 1062,4032 1108,4029 1155,4029 1202,4032"/>
                <TextEquiv>
                    <Unicode>Keller, Raabe und Conrad Ferdinand Meyer.</Unicode>
                </TextEquiv>
            </TextLine>
            <TextEquiv>
                <Unicode></Unicode>
            </TextEquiv>
        </TextRegion>
        <TextRegion orientation="0.0" id="tr_3" custom="readingOrder {index:2;}">
            <Coords points="1211,201 1211,357 1635,357 1635,201"/>
            <TextLine id="tr_3_tl_1" custom="readingOrder {index:0;}">
                <Coords points="1203,312 1278,321 1314,305 1348,323 1470,305 1525,321 1632,302 1632,254 1569,239 1473,237 1383,287 1347,258 1203,245"/>
                <Baseline points="1211,301 1237,303 1264,304 1290,304 1317,305 1343,307 1370,305 1396,304 1423,304 1449,305 1476,307 1502,306 1529,304 1555,304 1582,304 1608,304 1635,304"/>
                <TextEquiv>
                    <Unicode>box 44/6</Unicode>
                </TextEquiv>
            </TextLine>
            <TextEquiv>
                <Unicode></Unicode>
            </TextEquiv>
        </TextRegion>
        <TextRegion orientation="0.0" id="tr_4" custom="readingOrder {index:3;}">
            <Coords points="1755,1675 1755,3113 2656,3113 2656,1675"/>
            <TextLine id="tr_4_tl_1" custom="readingOrder {index:0;}">
                <Coords points="2338,1716 2388,1720 2396,1713 2417,1721 2455,1707 2487,1710 2510,1704 2512,1662 2493,1654 2462,1665 2438,1663 2427,1674 2374,1657 2341,1666"/>
                <Baseline points="2346,1701 2373,1704 2401,1704 2429,1703 2457,1699 2485,1698 2513,1698"/>
                <TextEquiv>
                    <Unicode>-</Unicode>
                </TextEquiv>
            </TextLine>
            <TextLine id="tr_4_tl_2" custom="readingOrder {index:1;}">
                <Coords points="2129,1802 2289,1813 2362,1788 2425,1796 2472,1770 2542,1765 2546,1710 2508,1699 2380,1729 2330,1715 2224,1731 2183,1696 2136,1696"/>
                <Baseline points="2137,1781 2162,1786 2188,1784 2213,1784 2239,1784 2264,1782 2290,1781 2315,1781 2341,1780 2367,1779 2392,1776 2418,1773 2443,1771 2469,1768 2494,1765 2520,1764 2546,1764"/>
                <TextEquiv>
                    <Unicode>7. Feb. 1933</Unicode>
                </TextEquiv>
            </TextLine>
            <TextLine id="tr_4_tl_3" custom="readingOrder {index:2;}">
                <Coords points="2088,1912 2132,1923 2203,1907 2246,1929 2334,1904 2351,1916 2525,1904 2525,1854 2421,1833 2299,1862 2237,1845 2154,1865 2088,1846"/>
                <Baseline points="2095,1895 2120,1897 2145,1898 2171,1898 2196,1898 2222,1898 2247,1898 2273,1898 2298,1898 2324,1898 2349,1898 2375,1897 2400,1896 2426,1894 2451,1892 2477,1892 2502,1892 2528,1895"/>
                <TextEquiv>
                    <Unicode>I</Unicode>
                </TextEquiv>
            </TextLine>
            <TextLine id="tr_4_tl_4" custom="readingOrder {index:3;}">
                <Coords points="1858,1983 2643,2015 2625,1944 1858,1938"/>
                <Baseline points="1865,1978 1904,1981 1943,1983 1982,1984 2021,1985 2060,1987 2099,1988 2138,1990 2177,1990 2216,1993 2256,1993 2295,1993 2334,1994 2373,1996 2412,1996 2451,1996 2490,1996 2529,1996 2568,1996 2607,1998 2647,1999"/>
                <TextEquiv>
                    <Unicode>Kleine Nachrichten aus aller Welt.</Unicode>
                </TextEquiv>
            </TextLine>
            <TextLine id="tr_4_tl_5" custom="readingOrder {index:4;}">
                <Coords points="1763,2037 2422,2071 2652,2059 2652,2021 1866,1982 1762,2007"/>
                <Baseline points="1770,2029 1814,2032 1858,2032 1902,2032 1947,2035 1991,2035 2035,2035 2080,2038 2124,2038 2168,2038 2213,2041 2257,2041 2301,2041 2345,2044 2390,2044 2434,2044 2478,2046 2523,2047 2567,2047 2611,2047 2656,2047"/>
                <TextEquiv>
                    <Unicode>In der letzten Zeit ist eine immer größere Zunahme</Unicode>
                </TextEquiv>
            </TextLine>
            <TextLine id="tr_4_tl_6" custom="readingOrder {index:5;}">
                <Coords points="1758,2092 2647,2108 2619,2053 1757,2041"/>
                <Baseline points="1764,2077 1808,2080 1852,2080 1896,2083 1941,2083 1985,2083 2029,2083 2074,2083 2118,2086 2162,2089 2207,2089 2251,2089 2295,2089 2339,2092 2384,2092 2428,2095 2472,2093 2517,2094 2561,2097 2605,2096 2650,2098"/>
                <TextEquiv>
                    <Unicode>der übersetzungen deutscher Werke ins Französische</Unicode>
                </TextEquiv>
            </TextLine>
            <TextLine id="tr_4_tl_7" custom="readingOrder {index:6;}">
                <Coords points="1767,2142 2641,2158 2610,2105 1766,2087"/>
                <Baseline points="1773,2128 1816,2131 1860,2131 1903,2131 1947,2131 1990,2131 2034,2134 2077,2136 2121,2137 2164,2137 2208,2139 2252,2140 2295,2140 2339,2140 2382,2142 2426,2143 2469,2143 2513,2143 2556,2143 2600,2143 2644,2146"/>
                <TextEquiv>
                    <Unicode>festzustellen. Artur Schnitzler ist in seinen wich¬</Unicode>
                </TextEquiv>
            </TextLine>
            <TextLine id="tr_4_tl_8" custom="readingOrder {index:7;}">
                <Coords points="1765,2199 2644,2208 2643,2154 1763,2145"/>
                <Baseline points="1770,2176 1813,2178 1857,2178 1901,2176 1945,2178 1989,2181 2033,2181 2076,2181 2120,2183 2164,2184 2208,2186 2252,2185 2296,2186 2340,2189 2383,2188 2427,2187 2471,2189 2515,2192 2559,2193 2603,2193 2647,2190"/>
                <TextEquiv>
                    <Unicode>tigsten Werken überträgen. Rilke hat ausgezeich¬</Unicode>
                </TextEquiv>
            </TextLine>
            <TextLine id="tr_4_tl_9" custom="readingOrder {index:8;}">
                <Coords points="1763,2237 2651,2254 2650,2208 2550,2201 2275,2224 2232,2197 1763,2199"/>
                <Baseline points="1770,2223 1814,2223 1858,2226 1902,2226 1946,2226 1990,2229 2034,2232 2079,2232 2123,2232 2167,2232 2211,2235 2255,2235 2299,2235 2343,2235 2388,2237 2432,2238 2476,2238 2520,2240 2564,2241 2608,2241 2653,2241"/>
                <TextEquiv>
                    <Unicode>nete Übersetzungen gefunden, und Thomas Mann</Unicode>
                </TextEquiv>
            </TextLine>
            <TextLine id="tr_4_tl_10" custom="readingOrder {index:9;}">
                <Coords points="1763,2289 2644,2308 2647,2251 1762,2238"/>
                <Baseline points="1770,2277 1814,2274 1858,2277 1902,2277 1946,2277 1990,2277 2034,2280 2078,2280 2122,2283 2166,2283 2210,2283 2254,2285 2298,2286 2342,2286 2386,2288 2430,2289 2474,2289 2518,2287 2562,2288 2606,2289 2650,2289"/>
                <TextEquiv>
                    <Unicode>ist erst in der jüngsten Zeit einem größeren Kreis</Unicode>
                </TextEquiv>
            </TextLine>
            <TextLine id="tr_4_tl_11" custom="readingOrder {index:10;}">
                <Coords points="1754,2342 2638,2358 2638,2303 1753,2293"/>
                <Baseline points="1761,2319 1805,2322 1849,2325 1893,2325 1937,2325 1981,2328 2025,2328 2069,2328 2113,2328 2157,2331 2201,2334 2245,2336 2289,2335 2333,2334 2377,2336 2421,2337 2465,2337 2509,2337 2553,2337 2597,2337 2641,2340"/>
                <TextEquiv>
                    <Unicode>vertraut geworden. Von Hesse, Heinrich Mann,</Unicode>
                </TextEquiv>
            </TextLine>
            <TextLine id="tr_4_tl_12" custom="readingOrder {index:11;}">
                <Coords points="1754,2392 2531,2409 2647,2396 2647,2354 1753,2341"/>
                <Baseline points="1761,2367 1805,2370 1849,2373 1894,2373 1938,2373 1983,2375 2027,2375 2072,2375 2116,2375 2161,2378 2205,2381 2249,2381 2294,2381 2338,2381 2383,2381 2427,2381 2472,2381 2516,2384 2561,2387 2605,2384 2650,2384"/>
                <TextEquiv>
                    <Unicode>Wassermann und Werfel sind mehrere Werke fran¬</Unicode>
                </TextEquiv>
            </TextLine>
            <TextLine id="tr_4_tl_13" custom="readingOrder {index:12;}">
                <Coords points="1754,2435 2579,2451 2647,2442 2647,2410 1753,2392"/>
                <Baseline points="1761,2420 1805,2423 1849,2423 1894,2423 1938,2423 1983,2423 2027,2426 2072,2423 2116,2426 2161,2426 2205,2429 2249,2432 2294,2429 2338,2432 2383,2429 2427,2432 2472,2432 2516,2435 2561,2435 2605,2435 2650,2432"/>
                <TextEquiv>
                    <Unicode>zösisch erschienen. Gundolfs „Goethe“ wurde über¬</Unicode>
                </TextEquiv>
            </TextLine>
            <TextLine id="tr_4_tl_14" custom="readingOrder {index:13;}">
                <Coords points="1763,2479 2638,2505 2642,2443 1762,2433"/>
                <Baseline points="1770,2471 1813,2471 1857,2471 1901,2471 1945,2471 1989,2474 2033,2474 2076,2474 2120,2474 2164,2476 2208,2477 2252,2477 2296,2477 2340,2479 2383,2480 2427,2480 2471,2482 2515,2483 2559,2483 2603,2485 2647,2489"/>
                <TextEquiv>
                    <Unicode>setzt, gleichfalls „Die Romantik" der Ricarda Huch,</Unicode>
                </TextEquiv>
            </TextLine>
            <TextLine id="tr_4_tl_15" custom="readingOrder {index:14;}">
                <Coords points="1757,2521 2618,2555 2638,2502 1756,2485"/>
                <Baseline points="1764,2516 1807,2516 1851,2519 1895,2519 1939,2522 1983,2522 2027,2522 2070,2522 2114,2524 2158,2525 2202,2525 2246,2525 2290,2527 2334,2528 2377,2530 2421,2531 2465,2531 2509,2531 2553,2531 2597,2531 2641,2528"/>
                <TextEquiv>
                    <Unicode>Bertrams „Nietzsche" und Witkops „Goethe. Da¬</Unicode>
                </TextEquiv>
            </TextLine>
            <TextLine id="tr_4_tl_16" custom="readingOrder {index:15;}">
                <Coords points="1761,2592 1870,2567 2637,2602 2646,2547 1759,2520"/>
                <Baseline points="1767,2564 1811,2567 1855,2567 1899,2567 1943,2567 1987,2570 2031,2572 2076,2572 2120,2572 2164,2572 2208,2572 2252,2572 2296,2574 2340,2577 2385,2578 2429,2578 2473,2578 2517,2580 2561,2581 2605,2581 2650,2581"/>
                <TextEquiv>
                    <Unicode>sieben aber macht sich nun nach Mitteilung der</Unicode>
                </TextEquiv>
            </TextLine>
            <TextLine id="tr_4_tl_17" custom="readingOrder {index:16;}">
                <Coords points="1767,2630 2638,2643 2617,2593 1766,2581"/>
                <Baseline points="1773,2617 1816,2614 1859,2617 1903,2617 1946,2614 1990,2617 2033,2619 2076,2620 2120,2620 2163,2622 2207,2621 2250,2622 2293,2623 2337,2625 2380,2626 2424,2626 2467,2628 2510,2629 2554,2629 2597,2629 2641,2626"/>
                <TextEquiv>
                    <Unicode>„Literatur eine zum mindesten ebenso starke Nach¬</Unicode>
                </TextEquiv>
            </TextLine>
            <TextLine id="tr_4_tl_18" custom="readingOrder {index:17;}">
                <Coords points="1756,2685 2612,2700 2648,2690 2647,2643 1754,2622"/>
                <Baseline points="1761,2662 1805,2665 1849,2662 1894,2665 1938,2665 1983,2668 2027,2668 2072,2668 2116,2668 2161,2671 2205,2671 2249,2674 2294,2674 2338,2674 2383,2674 2427,2677 2472,2677 2516,2677 2561,2677 2605,2677 2650,2677"/>
                <TextEquiv>
                    <Unicode>frage nach Werken der deutschen Klassik und Ro¬</Unicode>
                </TextEquiv>
            </TextLine>
            <TextLine id="tr_4_tl_19" custom="readingOrder {index:18;}">
                <Coords points="1754,2721 2576,2743 2641,2735 2641,2701 1753,2685"/>
                <Baseline points="1761,2710 1805,2710 1849,2713 1893,2713 1937,2713 1981,2716 2025,2716 2070,2716 2114,2719 2158,2722 2202,2719 2246,2722 2290,2722 2334,2722 2379,2724 2423,2725 2467,2725 2511,2727 2555,2728 2599,2728 2644,2725"/>
                <TextEquiv>
                    <Unicode>mantik in Frankreich geltend. So wurde nun zum</Unicode>
                </TextEquiv>
            </TextLine>
            <TextLine id="tr_4_tl_20" custom="readingOrder {index:19;}">
                <Coords points="1757,2783 2642,2784 2618,2735 1757,2735"/>
                <Baseline points="1764,2761 1808,2761 1852,2761 1896,2764 1940,2761 1984,2764 2028,2764 2072,2764 2116,2767 2160,2767 2204,2769 2248,2769 2292,2771 2336,2770 2380,2771 2424,2772 2468,2772 2512,2774 2556,2775 2600,2775 2644,2772"/>
                <TextEquiv>
                    <Unicode>ersten Male Hölderlin übersetzt, und seine Werke</Unicode>
                </TextEquiv>
            </TextLine>
            <TextLine id="tr_4_tl_21" custom="readingOrder {index:20;}">
                <Coords points="1756,2823 2496,2842 2638,2834 2637,2786 1754,2785"/>
                <Baseline points="1761,2805 1805,2808 1849,2811 1893,2811 1937,2811 1981,2811 2025,2811 2069,2814 2113,2814 2157,2817 2201,2817 2245,2817 2289,2817 2333,2817 2377,2819 2421,2822 2465,2821 2509,2822 2553,2823 2597,2823 2641,2826"/>
                <TextEquiv>
                    <Unicode>und die neuen Übertragungen von Novalis und</Unicode>
                </TextEquiv>
            </TextLine>
            <TextLine id="tr_4_tl_22" custom="readingOrder {index:21;}">
                <Coords points="1757,2873 2587,2892 2638,2882 2638,2842 1756,2822"/>
                <Baseline points="1764,2859 1807,2856 1851,2859 1895,2859 1939,2859 1983,2862 2027,2862 2070,2862 2114,2862 2158,2864 2202,2865 2246,2865 2290,2867 2334,2868 2377,2868 2421,2870 2465,2871 2509,2873 2553,2874 2597,2872 2641,2871"/>
                <TextEquiv>
                    <Unicode>Jean Paul begegnen starkem Interesse. Kleist,</Unicode>
                </TextEquiv>
            </TextLine>
            <TextLine id="tr_4_tl_23" custom="readingOrder {index:22;}">
                <Coords points="1748,2906 2533,2946 2647,2923 2647,2885 1746,2873"/>
                <Baseline points="1755,2904 1799,2907 1844,2907 1889,2907 1934,2907 1978,2910 2023,2910 2068,2913 2113,2913 2157,2913 2202,2913 2247,2916 2292,2919 2336,2919 2381,2919 2426,2919 2471,2919 2515,2922 2560,2922 2605,2922 2650,2916"/>
                <TextEquiv>
                    <Unicode>Lenau, Eichendorff, Tieck und Hoffmann liegen in</Unicode>
                </TextEquiv>
            </TextLine>
            <TextLine id="tr_4_tl_24" custom="readingOrder {index:23;}">
                <Coords points="1752,2968 2617,2994 2646,2926 1750,2917"/>
                <Baseline points="1758,2955 1802,2955 1847,2955 1891,2958 1936,2955 1981,2958 2025,2961 2070,2961 2114,2961 2159,2964 2204,2964 2248,2964 2293,2967 2337,2967 2382,2967 2427,2967 2471,2967 2516,2969 2560,2969 2605,2969 2650,2964"/>
                <TextEquiv>
                    <Unicode>neuen Übertragungen vor. Auch Dichter der jün¬</Unicode>
                </TextEquiv>
            </TextLine>
            <TextLine id="tr_4_tl_25" custom="readingOrder {index:24;}">
                <Coords points="1748,3015 2641,3032 2641,2984 2588,2977 1862,2960 1748,2986"/>
                <Baseline points="1755,3005 1799,3002 1843,3002 1888,3005 1932,3005 1977,3005 2021,3008 2066,3011 2110,3011 2155,3011 2199,3011 2243,3011 2288,3011 2332,3014 2377,3014 2421,3014 2466,3017 2510,3017 2555,3017 2599,3017 2644,3017"/>
                <TextEquiv>
                    <Unicode>geren Vergangenheit, an erster Stelle stehen hier</Unicode>
                </TextEquiv>
            </TextLine>
            <TextLine id="tr_4_tl_26" custom="readingOrder {index:25;}">
                <Coords points="1754,3069 2638,3071 2614,3023 1753,3017"/>
                <Baseline points="1761,3050 1805,3050 1849,3053 1893,3053 1937,3053 1981,3056 2025,3059 2069,3059 2113,3059 2157,3062 2201,3062 2245,3062 2289,3062 2333,3064 2377,3065 2421,3065 2465,3065 2509,3067 2553,3066 2597,3065 2641,3062"/>
                <TextEquiv>
                    <Unicode>Möricke, Storm, Keller, Raabe und Konrad Ferdi¬</Unicode>
                </TextEquiv>
            </TextLine>
            <TextLine id="tr_4_tl_27" custom="readingOrder {index:26;}">
                <Coords points="1748,3136 2020,3119 2020,3085 1994,3092 1934,3069 1748,3072"/>
                <Baseline points="1755,3098 1781,3100 1808,3101 1835,3101 1862,3101 1889,3101 1915,3101 1942,3102 1969,3103 1996,3103 2023,3101"/>
                <TextEquiv>
                    <Unicode>nand Meyer.</Unicode>
                </TextEquiv>
            </TextLine>
            <TextEquiv>
                <Unicode></Unicode>
            </TextEquiv>
        </TextRegion>
    </Page>
</PcGts>
