<?xml version="1.0" encoding="UTF-8" standalone="yes"?>
<PcGts xmlns="http://schema.primaresearch.org/PAGE/gts/pagecontent/2013-07-15" xmlns:xsi="http://www.w3.org/2001/XMLSchema-instance" xsi:schemaLocation="http://schema.primaresearch.org/PAGE/gts/pagecontent/2013-07-15 http://schema.primaresearch.org/PAGE/gts/pagecontent/2013-07-15/pagecontent.xsd">
    <Metadata>
        <Creator>prov=READ-COOP:name=PyLaia@TranskribusPlatform:version=2.12.1:model_id=39995:lm=provided:date=28_03_2024_22:18</Creator>
        <Created>2019-10-07T20:37:42.004+02:00</Created>
        <LastChange>2024-03-28T22:18:04.250+01:00</LastChange>
        <TranskribusMetadata docId="224460" pageId="9578716" pageNr="4" tsid="156402691" status="IN_PROGRESS" userId="40391" imgUrl="https://files.transkribus.eu/Get?id=TXEZKVAZZCZSRWJWTICWCILI&amp;fileType=view" xmlUrl="https://files.transkribus.eu/Get?id=CDXAYZULKWGZXMJHNQKWHPPD" imageId="6208166"/>
    </Metadata>
    <Page imageFilename="224460_0004.jpeg" imageWidth="3392" imageHeight="4352">
        <ReadingOrder>
            <OrderedGroup id="ro_1712662269469" caption="Regions reading order">
                <RegionRefIndexed index="0" regionRef="tr_1"/>
            </OrderedGroup>
        </ReadingOrder>
        <TextRegion orientation="0.0" id="tr_1" custom="readingOrder {index:0;}">
            <Coords points="149,347 149,3550 3307,3550 3307,347"/>
            <TextLine id="tr_1_tl_1" custom="readingOrder {index:0;}">
                <Coords points="1167,400 1275,389 1464,408 1538,378 1568,408 1601,408 1601,315 1542,308 1505,326 1405,308 1338,322 1316,308 1245,322 1227,304 1167,300"/>
                <Baseline points="1187,370 1213,370 1240,372 1266,373 1293,373 1319,373 1346,373 1372,373 1399,373 1425,373 1452,373 1478,373 1505,373 1531,372 1558,371 1584,369 1611,367"/>
                <TextEquiv>
                    <Unicode>box 44/5</Unicode>
                </TextEquiv>
            </TextLine>
            <TextLine id="tr_1_tl_2" custom="readingOrder {index:1;}">
                <Coords points="130,397 993,415 990,311 960,304 826,330 400,304 308,341 130,311"/>
                <Baseline points="149,373 191,373 234,376 276,376 319,371 361,374 404,376 446,376 489,376 531,376 574,376 616,376 659,376 701,376 744,375 786,373 829,374 871,376 914,376 956,379 999,388"/>
                <TextEquiv>
                    <Unicode>13. Miscellaneous</Unicode>
                </TextEquiv>
            </TextLine>
            <TextLine id="tr_1_tl_3" custom="readingOrder {index:2;}">
                <Coords points="345,1468 2116,1512 2087,1353 1972,1405 1038,1375 749,1386 697,1434 345,1423"/>
                <Baseline points="364,1456 452,1462 540,1462 628,1468 716,1468 804,1468 892,1470 980,1474 1068,1477 1156,1480 1244,1480 1332,1481 1420,1485 1508,1487 1596,1489 1684,1492 1772,1493 1860,1497 1948,1495 2036,1498 2125,1498"/>
                <TextEquiv>
                    <Unicode>wieder, recht groß das Gesamtmaß der Fähige Bildern Zeit zu empfinden, und so rücken</Unicode>
                </TextEquiv>
            </TextLine>
            <TextLine id="tr_1_tl_4" custom="readingOrder {index:3;}">
                <Coords points="2142,1520 2235,1508 2265,1538 2302,1508 2346,1531 2402,1497 2509,1523 2672,1501 2791,1531 2887,1516 2887,1431 2628,1442 2605,1464 2142,1468"/>
                <Baseline points="2161,1501 2197,1501 2234,1503 2271,1504 2308,1504 2345,1504 2382,1504 2418,1504 2455,1504 2492,1505 2529,1507 2566,1507 2603,1507 2640,1507 2676,1507 2713,1508 2750,1510 2787,1510 2824,1510 2861,1510 2898,1507"/>
                <TextEquiv>
                    <Unicode>Dr. Eugen Margaretha dargestellt.</Unicode>
                </TextEquiv>
            </TextLine>
            <TextLine id="tr_1_tl_5" custom="readingOrder {index:4;}">
                <Coords points="2917,1520 3013,1520 3024,1531 3291,1523 3291,1438 3262,1431 3232,1445 3191,1427 2917,1434"/>
                <Baseline points="2937,1498 2963,1506 2989,1511 3015,1512 3041,1514 3067,1516 3093,1516 3119,1516 3145,1516 3171,1516 3197,1516 3223,1516 3249,1516 3275,1514 3301,1516"/>
                <TextEquiv>
                    <Unicode>Die</Unicode>
                </TextEquiv>
            </TextLine>
            <TextLine id="tr_1_tl_6" custom="readingOrder {index:5;}">
                <Coords points="348,1508 3287,1568 3287,1527 3024,1531 2913,1486 2791,1531 2146,1482 1953,1512 348,1464"/>
                <Baseline points="367,1504 513,1507 660,1509 806,1513 953,1516 1099,1521 1246,1521 1392,1525 1539,1532 1685,1534 1832,1537 1979,1540 2125,1540 2272,1546 2418,1549 2565,1549 2711,1552 2858,1555 3004,1558 3151,1561 3298,1561"/>
                <TextEquiv>
                    <Unicode>keiten bedeutend. Die Unterbringung des die Menschen mater in eine Wert der Unselbst im gleichen Bereich der realistischen des Küngeren</Unicode>
                </TextEquiv>
            </TextLine>
            <TextLine id="tr_1_tl_7" custom="readingOrder {index:6;}">
                <Coords points="348,1553 2131,1612 2902,1609 2902,1564 345,1508"/>
                <Baseline points="370,1543 497,1549 624,1552 751,1555 878,1558 1005,1562 1132,1567 1260,1567 1387,1570 1514,1573 1641,1576 1768,1579 1895,1582 2022,1582 2150,1587 2277,1592 2404,1590 2531,1590 2658,1593 2785,1596 2913,1596"/>
                <TextEquiv>
                    <Unicode>Materials war sicherlich schwer, und sie hätte wirklichkeit; charakteristisch ist das Bildnis Wiedergabe die Wege auseinandergehen</Unicode>
                </TextEquiv>
            </TextLine>
            <TextLine id="tr_1_tl_8" custom="readingOrder {index:7;}">
                <Coords points="337,1590 1216,1612 1216,1568 337,1553"/>
                <Baseline points="358,1587 401,1590 444,1590 488,1593 531,1593 575,1593 618,1595 661,1596 705,1596 748,1598 792,1599 835,1599 878,1599 922,1601 965,1602 1009,1604 1052,1605 1095,1606 1139,1608 1182,1608 1226,1608"/>
                <TextEquiv>
                    <Unicode>vielleicht nicht besser erfolgen können; für</Unicode>
                </TextEquiv>
            </TextLine>
            <TextLine id="tr_1_tl_9" custom="readingOrder {index:8;}">
                <Coords points="3017,1612 3284,1616 3284,1571 3262,1575 3236,1564 3210,1583 3195,1571 3150,1571 3139,1560 3124,1571 3102,1560 3061,1571 3017,1560"/>
                <Baseline points="3038,1602 3063,1604 3088,1605 3114,1605 3139,1605 3165,1605 3190,1605 3215,1605 3241,1605 3266,1605 3292,1608"/>
                <TextEquiv>
                    <Unicode>besondere Lei¬</Unicode>
                </TextEquiv>
            </TextLine>
            <TextLine id="tr_1_tl_10" custom="readingOrder {index:9;}">
                <Coords points="1242,1620 2001,1646 2101,1638 2101,1594 1238,1575"/>
                <Baseline points="1262,1611 1304,1614 1346,1614 1389,1614 1431,1616 1474,1617 1516,1619 1558,1620 1601,1620 1643,1620 1686,1621 1728,1622 1770,1621 1813,1623 1855,1623 1898,1624 1940,1626 1982,1626 2025,1626 2067,1626 2110,1626"/>
                <TextEquiv>
                    <Unicode>des Professors Demmer. Dobners Bronze</Unicode>
                </TextEquiv>
            </TextLine>
            <TextLine id="tr_1_tl_11" custom="readingOrder {index:10;}">
                <Coords points="2127,1634 2998,1649 2998,1609 2917,1597 2127,1601"/>
                <Baseline points="2149,1629 2194,1632 2239,1632 2284,1632 2329,1632 2375,1635 2420,1635 2465,1635 2510,1635 2555,1635 2601,1635 2646,1638 2691,1638 2736,1641 2781,1638 2827,1638 2872,1641 2917,1641 2962,1641 3008,1644"/>
                <TextEquiv>
                    <Unicode>man an diesem Maler und an Hammer, dessen</Unicode>
                </TextEquiv>
            </TextLine>
            <TextLine id="tr_1_tl_12" custom="readingOrder {index:11;}">
                <Coords points="3028,1653 3124,1664 3161,1653 3291,1660 3291,1612 3028,1616"/>
                <Baseline points="3047,1650 3072,1650 3097,1650 3123,1650 3148,1650 3174,1650 3199,1650 3224,1650 3250,1650 3275,1650 3301,1650"/>
                <TextEquiv>
                    <Unicode>noch dem Ael</Unicode>
                </TextEquiv>
            </TextLine>
            <TextLine id="tr_1_tl_13" custom="readingOrder {index:12;}">
                <Coords points="345,1642 2105,1683 2101,1623 345,1597"/>
                <Baseline points="364,1629 451,1632 538,1635 626,1638 713,1641 801,1643 888,1644 976,1647 1063,1649 1151,1653 1238,1651 1325,1656 1413,1657 1500,1662 1588,1663 1675,1665 1763,1666 1850,1669 1938,1671 2025,1671 2113,1674"/>
                <TextEquiv>
                    <Unicode>diese Besprechung muß dennoch das Recht in Bötiger hat alle Qualitäten, die dem Bild</Unicode>
                </TextEquiv>
            </TextLine>
            <TextLine id="tr_1_tl_14" custom="readingOrder {index:13;}">
                <Coords points="2131,1690 3287,1705 3287,1657 2131,1638"/>
                <Baseline points="2152,1677 2209,1677 2266,1675 2323,1676 2381,1677 2438,1677 2495,1679 2553,1680 2610,1680 2667,1682 2725,1683 2782,1683 2839,1683 2896,1685 2954,1686 3011,1686 3068,1688 3126,1692 3183,1692 3240,1692 3298,1689"/>
                <TextEquiv>
                    <Unicode>strenge Sachlichkeit an Härte grenzt; in zehn Von allem,</Unicode>
                </TextEquiv>
            </TextLine>
            <TextLine id="tr_1_tl_15" custom="readingOrder {index:14;}">
                <Coords points="352,1705 541,1679 775,1709 1208,1701 1175,1649 1097,1672 348,1642"/>
                <Baseline points="367,1674 409,1677 452,1677 494,1680 537,1682 579,1683 622,1683 664,1683 707,1683 749,1685 792,1686 834,1687 877,1689 919,1691 962,1694 1004,1692 1047,1693 1089,1695 1132,1695 1174,1695 1217,1695"/>
                <TextEquiv>
                    <Unicode>Anspruch genommen werden, eine and</Unicode>
                </TextEquiv>
            </TextLine>
            <TextLine id="tr_1_tl_16" custom="readingOrder {index:15;}">
                <Coords points="1238,1709 3291,1749 3254,1690 1238,1660"/>
                <Baseline points="1259,1701 1366,1702 1473,1704 1580,1707 1688,1710 1795,1713 1902,1713 2010,1716 2117,1719 2224,1722 2332,1725 2439,1723 2546,1725 2654,1726 2761,1726 2868,1728 2976,1728 3083,1734 3190,1735 3298,1737"/>
                <TextEquiv>
                    <Unicode>hauer nachzurühmen sind. Ein Bild, das Zeichnungen und in einem Gemälde weist macht, abgese¬</Unicode>
                </TextEquiv>
            </TextLine>
            <TextLine id="tr_1_tl_17" custom="readingOrder {index:16;}">
                <Coords points="348,1723 1130,1753 1216,1749 1216,1701 345,1683"/>
                <Baseline points="367,1716 409,1719 452,1722 495,1722 538,1724 581,1725 623,1725 666,1727 709,1728 752,1730 795,1731 837,1731 880,1731 923,1732 966,1734 1009,1734 1051,1735 1094,1738 1137,1740 1180,1740 1223,1737"/>
                <TextEquiv>
                    <Unicode>Einteilung zu treffen und das, was auf ach</Unicode>
                </TextEquiv>
            </TextLine>
            <TextLine id="tr_1_tl_18" custom="readingOrder {index:17;}">
                <Coords points="1238,1768 2105,1783 2101,1731 2042,1720 1234,1709"/>
                <Baseline points="1256,1749 1298,1749 1341,1752 1384,1752 1427,1752 1470,1752 1513,1752 1555,1754 1598,1753 1641,1754 1684,1757 1727,1758 1770,1758 1813,1759 1855,1761 1898,1761 1941,1762 1984,1764 2027,1764 2070,1764 2113,1767"/>
                <TextEquiv>
                    <Unicode>man nicht vergessen kann, ist Dobrowsky</Unicode>
                </TextEquiv>
            </TextLine>
            <TextLine id="tr_1_tl_19" custom="readingOrder {index:18;}">
                <Coords points="2131,1775 2991,1779 2991,1731 2131,1735"/>
                <Baseline points="2152,1767 2194,1767 2237,1767 2279,1767 2322,1767 2364,1767 2407,1767 2449,1767 2492,1767 2534,1767 2577,1768 2619,1770 2662,1770 2704,1769 2747,1768 2789,1770 2832,1770 2874,1770 2917,1770 2959,1770 3002,1776"/>
                <TextEquiv>
                    <Unicode>sich der überragende Könner; als eine helle</Unicode>
                </TextEquiv>
            </TextLine>
            <TextLine id="tr_1_tl_20" custom="readingOrder {index:19;}">
                <Coords points="341,1768 1208,1790 1208,1749 1160,1738 341,1720"/>
                <Baseline points="361,1764 403,1764 446,1764 488,1764 531,1766 574,1767 616,1767 659,1769 702,1772 744,1775 787,1773 830,1771 872,1774 915,1776 958,1776 1000,1777 1043,1779 1086,1779 1128,1779 1171,1781 1214,1781"/>
                <TextEquiv>
                    <Unicode>Räume aufgeteilt ist, so zusammenzufassen</Unicode>
                </TextEquiv>
            </TextLine>
            <TextLine id="tr_1_tl_21" custom="readingOrder {index:20;}">
                <Coords points="3021,1790 3095,1783 3173,1794 3243,1786 3295,1798 3295,1753 3239,1749 3232,1757 3221,1746 3210,1753 3169,1738 3143,1749 3021,1742"/>
                <Baseline points="3041,1781 3067,1780 3093,1779 3119,1779 3146,1779 3172,1779 3198,1780 3225,1781 3251,1783 3277,1783 3304,1781"/>
                <TextEquiv>
                    <Unicode>der Aufteilung</Unicode>
                </TextEquiv>
            </TextLine>
            <TextLine id="tr_1_tl_22" custom="readingOrder {index:21;}">
                <Coords points="1238,1805 2995,1823 2961,1775 1238,1768"/>
                <Baseline points="1259,1796 1346,1793 1433,1796 1520,1794 1607,1799 1694,1801 1781,1802 1869,1802 1956,1807 2043,1808 2130,1808 2217,1805 2304,1807 2391,1808 2479,1810 2566,1811 2653,1813 2740,1811 2827,1811 2914,1811 3002,1814"/>
                <TextEquiv>
                    <Unicode>„Frau Zülow, kaum einer vermag es, wie zarte Blüte wächst, im „Bildnis Frau S.“</Unicode>
                </TextEquiv>
            </TextLine>
            <TextLine id="tr_1_tl_23" custom="readingOrder {index:22;}">
                <Coords points="334,1816 1216,1838 1186,1786 334,1760"/>
                <Baseline points="355,1805 398,1805 441,1808 484,1808 528,1811 571,1811 614,1811 657,1813 701,1814 744,1816 787,1817 830,1819 874,1820 917,1820 960,1820 1003,1820 1047,1821 1090,1823 1133,1823 1176,1823 1220,1826"/>
                <TextEquiv>
                    <Unicode>da nicht der Raum sondern der Ausstellen</Unicode>
                </TextEquiv>
            </TextLine>
            <TextLine id="tr_1_tl_24" custom="readingOrder {index:23;}">
                <Coords points="3021,1831 3091,1827 3139,1838 3221,1831 3232,1820 3247,1835 3295,1827 3295,1794 3254,1786 3173,1794 3158,1786 3121,1794 3098,1783 3021,1790"/>
                <Baseline points="3041,1823 3067,1823 3093,1823 3119,1823 3145,1823 3171,1823 3197,1823 3223,1823 3249,1825 3275,1827 3301,1829"/>
                <TextEquiv>
                    <Unicode>elementen) in</Unicode>
                </TextEquiv>
            </TextLine>
            <TextLine id="tr_1_tl_25" custom="readingOrder {index:24;}">
                <Coords points="1234,1842 3291,1886 3287,1831 3006,1798 2887,1831 1234,1805"/>
                <Baseline points="1256,1832 1363,1836 1470,1841 1577,1844 1685,1846 1792,1847 1899,1847 2007,1850 2114,1853 2221,1850 2329,1850 2436,1858 2543,1856 2651,1856 2758,1859 2865,1859 2973,1859 3080,1865 3187,1868 3295,1868"/>
                <TextEquiv>
                    <Unicode>er, ein Antlitz aus der Farbe zu durchleuchten; die eine Hand aus dem schwerroten Samt und des Musi</Unicode>
                </TextEquiv>
            </TextLine>
            <TextLine id="tr_1_tl_26" custom="readingOrder {index:25;}">
                <Coords points="337,1861 2105,1901 2101,1853 337,1816"/>
                <Baseline points="358,1853 445,1853 533,1859 621,1862 709,1862 796,1862 884,1867 972,1866 1060,1868 1147,1871 1235,1874 1323,1880 1411,1882 1498,1883 1586,1888 1674,1887 1762,1889 1849,1892 1937,1892 2025,1895 2113,1898"/>
                <TextEquiv>
                    <Unicode>maßgebend ist, und es soll, der klareren welch ein Glanz strahlt davon aus! Ehrlich,</Unicode>
                </TextEquiv>
            </TextLine>
            <TextLine id="tr_1_tl_27" custom="readingOrder {index:26;}">
                <Coords points="2127,1905 2164,1905 2183,1916 2213,1916 2231,1901 2272,1909 2365,1905 2365,1864 2328,1857 2272,1864 2231,1849 2209,1868 2198,1857 2127,1857"/>
                <Baseline points="2149,1895 2177,1895 2205,1894 2233,1892 2261,1892 2289,1892 2317,1894 2345,1897 2373,1901"/>
                <TextEquiv>
                    <Unicode>des Kleides.</Unicode>
                </TextEquiv>
            </TextLine>
            <TextLine id="tr_1_tl_28" custom="readingOrder {index:27;}">
                <Coords points="337,1905 1208,1920 1205,1883 1038,1864 708,1883 337,1857"/>
                <Baseline points="358,1898 400,1898 443,1898 486,1901 529,1901 572,1901 614,1903 657,1904 700,1906 743,1907 786,1909 828,1908 871,1908 914,1910 957,1910 1000,1911 1042,1913 1085,1914 1128,1916 1171,1916 1214,1913"/>
                <TextEquiv>
                    <Unicode>Uebersicht wegen, nach dem Alphabet vor</Unicode>
                </TextEquiv>
            </TextLine>
            <TextLine id="tr_1_tl_29" custom="readingOrder {index:28;}">
                <Coords points="3017,1920 3084,1920 3098,1912 3124,1924 3284,1924 3284,1883 3250,1875 3198,1879 3180,1868 3169,1875 3117,1864 3095,1879 3017,1872"/>
                <Baseline points="3038,1910 3063,1912 3088,1913 3114,1911 3139,1911 3165,1913 3190,1913 3215,1913 3241,1915 3266,1916 3292,1916"/>
                <TextEquiv>
                    <Unicode>die Fähigkeit,</Unicode>
                </TextEquiv>
            </TextLine>
            <TextLine id="tr_1_tl_30" custom="readingOrder {index:29;}">
                <Coords points="1238,1935 2105,1946 2105,1901 1957,1890 1238,1883"/>
                <Baseline points="1259,1925 1301,1925 1344,1925 1386,1925 1429,1927 1471,1928 1514,1928 1556,1930 1599,1931 1641,1931 1684,1932 1727,1934 1769,1934 1812,1934 1854,1935 1897,1936 1939,1935 1982,1937 2024,1937 2067,1937 2110,1937"/>
                <TextEquiv>
                    <Unicode>hier ausschließlich Plastiker, senkt hellen Geist</Unicode>
                </TextEquiv>
            </TextLine>
            <TextLine id="tr_1_tl_31" custom="readingOrder {index:30;}">
                <Coords points="2209,1949 2995,1953 2991,1875 2965,1872 2702,1890 2535,1868 2479,1894 2428,1872 2368,1912 2209,1901"/>
                <Baseline points="2229,1934 2267,1939 2306,1940 2344,1940 2383,1940 2421,1940 2460,1940 2498,1943 2537,1943 2575,1943 2614,1943 2652,1943 2691,1943 2729,1943 2768,1943 2806,1943 2845,1945 2883,1944 2922,1943 2960,1943 2999,1940"/>
                <TextEquiv>
                    <Unicode>Hanals Stellung im Kunstleben Oester¬</Unicode>
                </TextEquiv>
            </TextLine>
            <TextLine id="tr_1_tl_32" custom="readingOrder {index:31;}">
                <Coords points="3017,1961 3076,1957 3102,1979 3132,1987 3169,1961 3198,1968 3250,1961 3295,1972 3295,1927 3247,1916 3187,1931 3176,1924 3121,1931 3095,1912 3017,1924"/>
                <Baseline points="3038,1952 3064,1954 3091,1956 3117,1957 3144,1958 3171,1958 3197,1958 3224,1958 3250,1958 3277,1959 3304,1961"/>
                <TextEquiv>
                    <Unicode>maß zu treibe</Unicode>
                </TextEquiv>
            </TextLine>
            <TextLine id="tr_1_tl_33" custom="readingOrder {index:32;}">
                <Coords points="334,1949 2094,1994 2090,1949 2016,1938 334,1905"/>
                <Baseline points="355,1943 442,1943 529,1943 617,1946 704,1949 792,1954 879,1954 967,1955 1054,1957 1142,1961 1229,1963 1316,1967 1404,1970 1491,1971 1579,1973 1666,1976 1754,1978 1841,1978 1929,1978 2016,1981 2104,1981"/>
                <TextEquiv>
                    <Unicode>gegangen werden. Daß bei solch einer Fülle in die Materie; sein Tietze, sein Merkel sin</Unicode>
                </TextEquiv>
            </TextLine>
            <TextLine id="tr_1_tl_34" custom="readingOrder {index:33;}">
                <Coords points="2127,1987 2520,2016 2643,1990 2995,1998 2995,1953 2242,1957 2127,1931"/>
                <Baseline points="2146,1984 2188,1981 2231,1984 2274,1984 2317,1986 2360,1985 2402,1984 2445,1986 2488,1987 2531,1987 2574,1987 2616,1987 2659,1987 2702,1987 2745,1987 2788,1987 2830,1988 2873,1989 2916,1987 2959,1987 3002,1990"/>
                <TextEquiv>
                    <Unicode>reichs ist äußerlich schon dokumentiert durch</Unicode>
                </TextEquiv>
            </TextLine>
            <TextLine id="tr_1_tl_35" custom="readingOrder {index:34;}">
                <Coords points="330,1990 1216,2012 1212,1961 326,1938"/>
                <Baseline points="352,1984 395,1984 438,1984 482,1987 525,1990 569,1990 612,1990 655,1990 699,1988 742,1989 786,1992 829,1995 872,1996 916,1996 959,1996 1003,1998 1046,2001 1089,2002 1133,2002 1176,2002 1220,2005"/>
                <TextEquiv>
                    <Unicode>des Dargebotenen manches nur gestreift</Unicode>
                </TextEquiv>
            </TextLine>
            <TextLine id="tr_1_tl_36" custom="readingOrder {index:35;}">
                <Coords points="3017,2009 3154,2012 3169,2005 3184,2016 3202,2005 3280,2009 3280,1968 3250,1961 3210,1972 3184,1961 3147,1972 3121,1957 3098,1972 3084,1961 3017,1961"/>
                <Baseline points="3038,2002 3063,1999 3088,1999 3113,1999 3138,2001 3163,2002 3188,2002 3213,2002 3238,2002 3263,2001 3289,1999"/>
                <TextEquiv>
                    <Unicode>Flachheit nie</Unicode>
                </TextEquiv>
            </TextLine>
            <TextLine id="tr_1_tl_37" custom="readingOrder {index:36;}">
                <Coords points="1234,2031 1256,2031 1268,2020 1445,2024 1445,1983 1423,1983 1416,1975 1397,1983 1382,1975 1268,1979 1260,1972 1234,1972"/>
                <Baseline points="1256,2014 1284,2012 1312,2011 1340,2011 1368,2011 1396,2011 1424,2013 1453,2014"/>
                <TextEquiv>
                    <Unicode>schwebend.</Unicode>
                </TextEquiv>
            </TextLine>
            <TextLine id="tr_1_tl_38" custom="readingOrder {index:37;}">
                <Coords points="1497,2050 1516,2050 1553,2024 1575,2031 1579,2024 1609,2024 1646,2035 1716,2027 1712,1987 1668,1987 1653,1975 1638,1983 1571,1983 1564,1975 1549,1983 1527,1975 1494,1979"/>
                <Baseline points="1513,2011 1539,2013 1565,2014 1591,2016 1617,2017 1643,2017 1669,2017 1695,2017 1722,2017"/>
                <TextEquiv>
                    <Unicode>Endstorfers</Unicode>
                </TextEquiv>
            </TextLine>
            <TextLine id="tr_1_tl_39" custom="readingOrder {index:38;}">
                <Coords points="1775,2024 1823,2035 1861,2024 1894,2038 1927,2027 1964,2042 1994,2042 2012,2027 2098,2035 2098,1994 2064,1987 1898,1990 1879,1975 1868,1987 1775,1990"/>
                <Baseline points="1796,2017 1821,2019 1847,2020 1873,2022 1899,2023 1925,2023 1951,2024 1977,2026 2003,2026 2029,2026 2055,2026 2081,2024 2107,2020"/>
                <TextEquiv>
                    <Unicode>überlebensgroße</Unicode>
                </TextEquiv>
            </TextLine>
            <TextLine id="tr_1_tl_40" custom="readingOrder {index:39;}">
                <Coords points="2127,2031 2995,2042 2995,1998 2898,1990 2127,1987"/>
                <Baseline points="2149,2026 2191,2029 2234,2029 2276,2029 2319,2029 2362,2029 2404,2031 2447,2032 2490,2032 2532,2030 2575,2031 2618,2032 2660,2032 2703,2032 2746,2032 2788,2034 2831,2037 2874,2034 2916,2032 2959,2035 3002,2035"/>
                <TextEquiv>
                    <Unicode>Art und Umfang der Aufstellung seiner</Unicode>
                </TextEquiv>
            </TextLine>
            <TextLine id="tr_1_tl_41" custom="readingOrder {index:40;}">
                <Coords points="334,2035 927,2038 967,2064 997,2042 1205,2053 1205,2012 330,1990"/>
                <Baseline points="355,2026 400,2029 445,2029 490,2029 535,2029 581,2032 626,2032 671,2029 716,2035 761,2035 807,2035 852,2038 897,2038 942,2041 987,2038 1033,2041 1078,2041 1123,2044 1168,2044 1214,2044"/>
                <TextEquiv>
                    <Unicode>werden kann — übrigens: da es um ein</Unicode>
                </TextEquiv>
            </TextLine>
            <TextLine id="tr_1_tl_42" custom="readingOrder {index:41;}">
                <Coords points="3017,2046 3087,2050 3106,2061 3117,2050 3154,2057 3161,2046 3191,2046 3210,2061 3236,2057 3295,2076 3291,2001 3236,2009 3206,1998 3187,2016 3165,2005 3139,2016 3110,2005 3017,2009"/>
                <Baseline points="3038,2041 3064,2041 3090,2041 3116,2041 3142,2042 3168,2044 3194,2044 3220,2044 3246,2044 3272,2044 3298,2044"/>
                <TextEquiv>
                    <Unicode>meister" ist ja</Unicode>
                </TextEquiv>
            </TextLine>
            <TextLine id="tr_1_tl_43" custom="readingOrder {index:42;}">
                <Coords points="1227,2064 2987,2083 2987,2038 2891,2031 1227,2031"/>
                <Baseline points="1247,2056 1334,2056 1421,2056 1509,2059 1596,2060 1684,2062 1771,2064 1859,2065 1946,2068 2034,2070 2121,2071 2208,2071 2296,2071 2383,2074 2471,2074 2558,2072 2646,2072 2733,2075 2821,2074 2908,2074 2996,2074"/>
                <TextEquiv>
                    <Unicode>„Haydn"-Kopf hat mehr Masse als Wucht; Werke. Aus der bewegten Ebene der Bildnis</Unicode>
                </TextEquiv>
            </TextLine>
            <TextLine id="tr_1_tl_44" custom="readingOrder {index:43;}">
                <Coords points="3017,2090 3043,2090 3058,2101 3110,2098 3117,2109 3143,2090 3154,2098 3173,2090 3210,2098 3221,2087 3273,2094 3273,2053 3210,2061 3165,2042 3147,2057 3121,2050 3106,2061 3084,2050 3017,2046"/>
                <Baseline points="3038,2086 3064,2088 3091,2089 3118,2089 3145,2089 3172,2089 3199,2085 3226,2084 3253,2085 3280,2086"/>
                <TextEquiv>
                    <Unicode>Die Zeit —</Unicode>
                </TextEquiv>
            </TextLine>
            <TextLine id="tr_1_tl_45" custom="readingOrder {index:44;}">
                <Coords points="341,2076 2991,2124 2987,2083 2839,2076 341,2035"/>
                <Baseline points="361,2071 493,2074 625,2077 757,2080 889,2084 1021,2085 1153,2088 1285,2101 1417,2106 1549,2108 1681,2109 1813,2112 1945,2113 2077,2116 2209,2113 2341,2117 2473,2119 2605,2117 2737,2119 2869,2119 3002,2119"/>
                <TextEquiv>
                    <Unicode>repräsentative Ausstellung geht, ist auch bei besonders gut gelungen ist ihm das Bildnis büsten, darunter die zu klassischen Ehren auf</Unicode>
                </TextEquiv>
            </TextLine>
            <TextLine id="tr_1_tl_46" custom="readingOrder {index:45;}">
                <Coords points="337,2120 404,2139 519,2120 1030,2139 1030,2094 986,2087 819,2101 337,2076"/>
                <Baseline points="358,2113 392,2115 426,2116 460,2117 494,2119 528,2119 562,2119 597,2120 631,2122 665,2122 699,2122 733,2122 767,2122 801,2125 836,2125 870,2126 904,2128 938,2128 972,2126 1006,2126 1041,2125"/>
                <TextEquiv>
                    <Unicode>früheren Gelegenheiten Gezeigtes</Unicode>
                </TextEquiv>
            </TextLine>
            <TextLine id="tr_1_tl_47" custom="readingOrder {index:46;}">
                <Coords points="1071,2139 1097,2135 1112,2146 1119,2139 1171,2142 1186,2135 1205,2135 1205,2098 1179,2101 1160,2090 1138,2101 1123,2101 1112,2094 1071,2098"/>
                <Baseline points="1092,2128 1122,2130 1153,2131 1183,2131 1214,2131"/>
                <TextEquiv>
                    <Unicode>wieder</Unicode>
                </TextEquiv>
            </TextLine>
            <TextLine id="tr_1_tl_48" custom="readingOrder {index:47;}">
                <Coords points="3021,2135 3221,2139 3236,2153 3250,2139 3287,2135 3287,2101 3250,2087 3195,2090 3187,2098 3139,2090 3124,2105 3021,2090"/>
                <Baseline points="3041,2131 3066,2131 3091,2131 3117,2131 3142,2131 3168,2131 3193,2131 3218,2131 3244,2133 3269,2134 3295,2134"/>
                <TextEquiv>
                    <Unicode>dem koloristi</Unicode>
                </TextEquiv>
            </TextLine>
            <TextLine id="tr_1_tl_49" custom="readingOrder {index:48;}">
                <Coords points="1234,2150 2094,2168 2094,2124 1234,2113"/>
                <Baseline points="1253,2146 1295,2146 1338,2146 1380,2149 1423,2149 1465,2149 1508,2149 1550,2149 1593,2151 1635,2150 1678,2150 1721,2153 1763,2155 1806,2155 1848,2156 1891,2158 1933,2158 1976,2158 2018,2161 2061,2158 2104,2158"/>
                <TextEquiv>
                    <Unicode>„Frau Mitzi Pollak. Epstein gibt sich zwei¬</Unicode>
                </TextEquiv>
            </TextLine>
            <TextLine id="tr_1_tl_50" custom="readingOrder {index:49;}">
                <Coords points="2127,2168 2995,2172 2995,2120 2127,2120"/>
                <Baseline points="2146,2161 2191,2161 2236,2161 2281,2161 2326,2161 2372,2161 2417,2161 2462,2164 2507,2164 2552,2161 2598,2164 2643,2164 2688,2161 2733,2164 2778,2164 2824,2164 2869,2164 2914,2164 2959,2164 3005,2164"/>
                <TextEquiv>
                    <Unicode>strebende Tandlers, ragt, berghaft, die Studie</Unicode>
                </TextEquiv>
            </TextLine>
            <TextLine id="tr_1_tl_51" custom="readingOrder {index:50;}">
                <Coords points="330,2164 1205,2187 1205,2135 330,2116"/>
                <Baseline points="352,2155 395,2158 438,2158 481,2161 524,2164 567,2164 610,2164 653,2166 696,2167 739,2167 783,2167 826,2167 869,2169 912,2170 955,2170 998,2171 1041,2173 1084,2173 1127,2174 1170,2177 1214,2181"/>
                <TextEquiv>
                    <Unicode>da —, daß manches übergangen werden muß</Unicode>
                </TextEquiv>
            </TextLine>
            <TextLine id="tr_1_tl_52" custom="readingOrder {index:51;}">
                <Coords points="3021,2187 3054,2179 3087,2187 3113,2179 3139,2187 3210,2187 3221,2179 3295,2187 3295,2135 3250,2139 3236,2153 3221,2139 3132,2142 3117,2127 3091,2142 3021,2135"/>
                <Baseline points="3041,2178 3067,2177 3093,2176 3119,2176 3145,2176 3171,2176 3197,2176 3223,2176 3249,2176 3275,2177 3301,2178"/>
                <TextEquiv>
                    <Unicode>Stadtrates B.</Unicode>
                </TextEquiv>
            </TextLine>
            <TextLine id="tr_1_tl_53" custom="readingOrder {index:52;}">
                <Coords points="1234,2187 1831,2205 1861,2231 2090,2216 2090,2172 1998,2157 1234,2153"/>
                <Baseline points="1253,2184 1295,2190 1337,2190 1379,2190 1422,2192 1464,2193 1506,2193 1548,2193 1591,2193 1633,2194 1675,2196 1717,2196 1760,2197 1802,2199 1844,2199 1886,2199 1929,2199 1971,2199 2013,2202 2055,2205 2098,2205"/>
                <TextEquiv>
                    <Unicode>fach; der „Bildhauer Gustinus Ambrosi" hat</Unicode>
                </TextEquiv>
            </TextLine>
            <TextLine id="tr_1_tl_54" custom="readingOrder {index:53;}">
                <Coords points="2116,2231 2294,2205 2717,2209 2802,2242 2839,2209 2984,2216 2984,2172 2872,2164 2116,2172"/>
                <Baseline points="2137,2202 2179,2205 2222,2202 2265,2205 2308,2205 2351,2205 2393,2205 2436,2205 2479,2207 2522,2206 2565,2205 2607,2205 2650,2206 2693,2208 2736,2209 2779,2210 2821,2208 2864,2208 2907,2208 2950,2208 2993,2208"/>
                <TextEquiv>
                    <Unicode>zu einer Bildnisstatue empor, in ihr ist da¬</Unicode>
                </TextEquiv>
            </TextLine>
            <TextLine id="tr_1_tl_55" custom="readingOrder {index:54;}">
                <Coords points="3013,2227 3058,2224 3084,2235 3161,2224 3210,2235 3228,2227 3295,2231 3295,2187 3247,2179 3221,2179 3210,2190 3054,2179 3035,2198 3013,2198"/>
                <Baseline points="3032,2223 3059,2221 3086,2219 3113,2218 3140,2218 3168,2220 3195,2220 3222,2220 3249,2220 3276,2221 3304,2223"/>
                <TextEquiv>
                    <Unicode>„Rathaus=Rau</Unicode>
                </TextEquiv>
            </TextLine>
            <TextLine id="tr_1_tl_56" custom="readingOrder {index:55;}">
                <Coords points="330,2239 2094,2257 2090,2213 2016,2202 330,2164"/>
                <Baseline points="349,2202 436,2205 524,2205 611,2208 699,2208 787,2213 874,2214 962,2214 1049,2216 1137,2219 1225,2225 1312,2232 1400,2233 1487,2237 1575,2236 1663,2239 1750,2241 1838,2243 1925,2244 2013,2247 2101,2244"/>
                <TextEquiv>
                    <Unicode>ist eine (mitunter bedauerliche Notwendigkeit. im Vortrag und im Auftrag, den breiten</Unicode>
                </TextEquiv>
            </TextLine>
            <TextLine id="tr_1_tl_57" custom="readingOrder {index:56;}">
                <Coords points="2120,2253 2991,2257 2991,2216 2846,2205 2806,2227 2717,2205 2120,2220"/>
                <Baseline points="2140,2247 2185,2247 2230,2250 2275,2247 2320,2247 2366,2247 2411,2247 2456,2250 2501,2253 2546,2250 2592,2250 2637,2253 2682,2250 2727,2250 2772,2253 2818,2250 2863,2250 2908,2250 2953,2250 2999,2253"/>
                <TextEquiv>
                    <Unicode>Zueinander weiter, stiller Flächen, die den</Unicode>
                </TextEquiv>
            </TextLine>
            <TextLine id="tr_1_tl_58" custom="readingOrder {index:57;}">
                <Coords points="3013,2268 3091,2265 3106,2279 3121,2268 3184,2279 3206,2268 3232,2276 3250,2268 3299,2272 3299,2231 3013,2227"/>
                <Baseline points="3035,2262 3062,2262 3089,2263 3116,2264 3143,2265 3171,2265 3198,2265 3225,2265 3252,2265 3279,2266 3307,2268"/>
                <TextEquiv>
                    <Unicode>die große Ein¬</Unicode>
                </TextEquiv>
            </TextLine>
            <TextLine id="tr_1_tl_59" custom="readingOrder {index:58;}">
                <Coords points="415,2276 1201,2290 1179,2235 415,2220"/>
                <Baseline points="435,2268 473,2271 512,2271 551,2273 590,2274 629,2274 667,2274 706,2274 745,2277 784,2277 823,2277 861,2275 900,2275 939,2278 978,2280 1017,2280 1055,2283 1094,2283 1133,2283 1172,2284 1211,2283"/>
                <TextEquiv>
                    <Unicode>Andris „Kardinal Piffl" geht mehr in</Unicode>
                </TextEquiv>
            </TextLine>
            <TextLine id="tr_1_tl_60" custom="readingOrder {index:59;}">
                <Coords points="1230,2279 2991,2305 2991,2261 2906,2253 1230,2239"/>
                <Baseline points="1250,2277 1337,2277 1424,2277 1512,2280 1599,2280 1687,2286 1774,2286 1862,2286 1949,2289 2037,2289 2124,2289 2211,2292 2299,2294 2386,2294 2474,2295 2561,2295 2649,2295 2736,2295 2824,2295 2911,2294 2999,2295"/>
                <TextEquiv>
                    <Unicode>skizzenhaften Schwung, das Gemälde der Blick, aus der Idee und aus dem Gefühl, in</Unicode>
                </TextEquiv>
            </TextLine>
            <TextLine id="tr_1_tl_61" custom="readingOrder {index:60;}">
                <Coords points="3017,2320 3072,2309 3102,2309 3121,2324 3180,2313 3202,2328 3221,2316 3291,2320 3287,2268 3265,2276 3206,2268 3198,2279 3124,2268 3110,2279 3091,2265 3013,2268"/>
                <Baseline points="3038,2307 3064,2307 3090,2307 3116,2307 3143,2308 3169,2310 3195,2312 3222,2313 3248,2313 3274,2313 3301,2313"/>
                <TextEquiv>
                    <Unicode>stets das gleich</Unicode>
                </TextEquiv>
            </TextLine>
            <TextLine id="tr_1_tl_62" custom="readingOrder {index:61;}">
                <Coords points="319,2313 541,2316 582,2346 671,2320 1197,2339 1193,2287 1167,2283 604,2290 319,2257"/>
                <Baseline points="340,2310 383,2310 426,2310 469,2313 513,2316 556,2316 599,2316 642,2318 686,2319 729,2321 772,2322 815,2322 859,2322 902,2324 945,2325 988,2325 1032,2325 1075,2325 1118,2326 1161,2328 1205,2328"/>
                <TextEquiv>
                    <Unicode>die Breite als in die Tiefe, das überströmend</Unicode>
                </TextEquiv>
            </TextLine>
            <TextLine id="tr_1_tl_63" custom="readingOrder {index:62;}">
                <Coords points="1227,2331 2987,2350 2946,2290 1227,2283"/>
                <Baseline points="1247,2319 1334,2322 1421,2322 1509,2328 1596,2328 1684,2327 1771,2328 1859,2330 1946,2333 2034,2334 2121,2334 2208,2337 2296,2337 2383,2337 2471,2340 2558,2341 2646,2340 2733,2340 2821,2341 2908,2340 2996,2340"/>
                <TextEquiv>
                    <Unicode>Gattin des Künstlers, in jedem bild¬ die Tiefe leiten. Im „Anatom Emil Zucker¬</Unicode>
                </TextEquiv>
            </TextLine>
            <TextLine id="tr_1_tl_64" custom="readingOrder {index:63;}">
                <Coords points="3013,2357 3050,2353 3072,2365 3117,2353 3139,2365 3165,2357 3269,2361 3269,2320 3217,2316 3202,2328 3180,2313 3121,2324 3102,2309 3013,2320"/>
                <Baseline points="3035,2349 3061,2349 3088,2350 3115,2351 3142,2352 3169,2352 3196,2354 3223,2355 3250,2355 3277,2355"/>
                <TextEquiv>
                    <Unicode>rasch aus der</Unicode>
                </TextEquiv>
            </TextLine>
            <TextLine id="tr_1_tl_65" custom="readingOrder {index:64;}">
                <Coords points="330,2365 1197,2383 1197,2339 1153,2335 330,2320"/>
                <Baseline points="349,2355 391,2358 434,2361 477,2361 520,2361 563,2363 605,2362 648,2363 691,2362 734,2363 777,2364 819,2366 862,2367 905,2367 948,2368 991,2370 1033,2370 1076,2370 1119,2371 1162,2373 1205,2370"/>
                <TextEquiv>
                    <Unicode>Not spielt, auch in den komplementären</Unicode>
                </TextEquiv>
            </TextLine>
            <TextLine id="tr_1_tl_66" custom="readingOrder {index:65;}">
                <Coords points="1219,2372 1327,2376 1356,2368 1408,2391 1434,2368 1464,2372 1464,2335 1423,2335 1401,2316 1371,2316 1338,2335 1275,2328 1219,2339"/>
                <Baseline points="1241,2364 1266,2364 1292,2364 1318,2364 1344,2364 1370,2364 1396,2365 1422,2367 1448,2367 1474,2367"/>
                <TextEquiv>
                    <Unicode>gedanklichen</Unicode>
                </TextEquiv>
            </TextLine>
            <TextLine id="tr_1_tl_67" custom="readingOrder {index:66;}">
                <Coords points="1520,2391 3295,2416 3295,2365 1516,2339"/>
                <Baseline points="1540,2370 1628,2373 1716,2373 1804,2373 1892,2373 1981,2375 2069,2375 2157,2377 2245,2380 2333,2380 2422,2379 2510,2383 2598,2384 2686,2383 2774,2383 2863,2384 2951,2384 3039,2388 3127,2394 3215,2396 3304,2399"/>
                <TextEquiv>
                    <Unicode>in jedem bildkünstlerischen kandl“ ist es das Spiel der Hände, das immer Hauptmanns,</Unicode>
                </TextEquiv>
            </TextLine>
            <TextLine id="tr_1_tl_68" custom="readingOrder {index:67;}">
                <Coords points="319,2402 1356,2416 1334,2368 319,2365"/>
                <Baseline points="340,2396 391,2399 442,2399 494,2402 545,2403 596,2404 648,2405 699,2408 750,2405 802,2408 853,2408 904,2410 956,2411 1007,2411 1058,2414 1110,2414 1161,2414 1212,2413 1264,2408 1315,2408 1367,2408"/>
                <TextEquiv>
                    <Unicode>Reflexen, in den Fleischton hinein. Immer Detail</Unicode>
                </TextEquiv>
            </TextLine>
            <TextLine id="tr_1_tl_69" custom="readingOrder {index:68;}">
                <Coords points="1416,2428 1557,2413 1579,2431 1697,2428 1746,2446 1764,2428 1838,2428 1838,2383 1790,2376 1634,2387 1601,2368 1416,2372"/>
                <Baseline points="1435,2411 1460,2411 1486,2411 1512,2411 1538,2411 1563,2411 1589,2412 1615,2414 1641,2416 1666,2417 1692,2417 1718,2416 1744,2414 1769,2414 1795,2414 1821,2416 1847,2417"/>
                <TextEquiv>
                    <Unicode>sein durchgearbeitet</Unicode>
                </TextEquiv>
            </TextLine>
            <TextLine id="tr_1_tl_70" custom="readingOrder {index:69;}">
                <Coords points="1894,2420 2984,2446 2984,2398 2865,2383 1894,2391"/>
                <Baseline points="1916,2417 1969,2420 2023,2420 2077,2420 2130,2420 2184,2423 2238,2423 2291,2423 2345,2423 2399,2426 2453,2426 2506,2426 2560,2426 2614,2426 2667,2429 2721,2426 2775,2426 2828,2428 2882,2429 2936,2429 2990,2426"/>
                <TextEquiv>
                    <Unicode>hat den wieder fesselt. Von einem neuen Wollen ge¬</Unicode>
                </TextEquiv>
            </TextLine>
            <TextLine id="tr_1_tl_71" custom="readingOrder {index:70;}">
                <Coords points="3006,2442 3154,2450 3176,2439 3217,2454 3273,2442 3273,2416 3250,2416 3239,2405 3202,2409 3191,2398 3173,2405 3139,2398 3102,2409 3043,2394 3006,2398"/>
                <Baseline points="3026,2435 3051,2437 3077,2438 3103,2438 3128,2438 3154,2438 3180,2438 3205,2438 3231,2440 3257,2441 3283,2441"/>
                <TextEquiv>
                    <Unicode>Bildnis der</Unicode>
                </TextEquiv>
            </TextLine>
            <TextLine id="tr_1_tl_72" custom="readingOrder {index:71;}">
                <Coords points="337,2442 1727,2465 1764,2498 1890,2465 2806,2494 2976,2483 2976,2446 334,2405"/>
                <Baseline points="358,2438 489,2444 620,2447 752,2450 883,2453 1015,2456 1146,2456 1278,2456 1409,2458 1541,2461 1672,2462 1803,2465 1935,2468 2066,2469 2198,2471 2329,2469 2461,2474 2592,2472 2724,2474 2855,2474 2987,2477"/>
                <TextEquiv>
                    <Unicode>sind Lebendigkeit und ein großer natürlicher erweiterten Sinn des gesellschaftgültigen trieben, das in Früherem angedeutet war</Unicode>
                </TextEquiv>
            </TextLine>
            <TextLine id="tr_1_tl_73" custom="readingOrder {index:72;}">
                <Coords points="3006,2494 3117,2487 3187,2498 3224,2487 3258,2498 3287,2491 3287,2457 3269,2457 3254,2442 3228,2454 3176,2435 3154,2450 3006,2442"/>
                <Baseline points="3026,2480 3052,2482 3079,2483 3106,2483 3133,2483 3160,2483 3187,2485 3214,2485 3241,2484 3268,2483 3295,2483"/>
                <TextEquiv>
                    <Unicode>ventionell er</Unicode>
                </TextEquiv>
            </TextLine>
            <TextLine id="tr_1_tl_74" custom="readingOrder {index:73;}">
                <Coords points="330,2494 2090,2520 2053,2468 330,2446"/>
                <Baseline points="349,2483 436,2489 523,2492 611,2492 698,2492 786,2494 873,2497 961,2498 1048,2503 1136,2501 1223,2498 1310,2501 1398,2502 1485,2501 1573,2504 1660,2505 1748,2510 1835,2510 1923,2510 2010,2513 2098,2510"/>
                <TextEquiv>
                    <Unicode>Schwung in den Büsten Ambrosis, hier be¬ Bildnisses. Es ist nobel. Das Wort finden</Unicode>
                </TextEquiv>
            </TextLine>
            <TextLine id="tr_1_tl_75" custom="readingOrder {index:74;}">
                <Coords points="2120,2517 3287,2542 3287,2491 2120,2476"/>
                <Baseline points="2140,2510 2197,2510 2255,2512 2313,2513 2371,2513 2429,2514 2487,2516 2545,2516 2603,2516 2661,2516 2719,2519 2776,2519 2834,2517 2892,2516 2950,2516 3008,2521 3066,2525 3124,2528 3182,2528 3240,2528 3298,2525"/>
                <TextEquiv>
                    <Unicode>findet sich Harta in Kläre im „Dr. Rudolph aus dem der</Unicode>
                </TextEquiv>
            </TextLine>
            <TextLine id="tr_1_tl_76" custom="readingOrder {index:75;}">
                <Coords points="330,2535 2087,2565 2087,2524 1942,2513 330,2491"/>
                <Baseline points="349,2531 436,2531 523,2534 610,2537 698,2537 785,2540 872,2540 960,2540 1047,2542 1134,2543 1222,2545 1309,2545 1396,2546 1483,2547 1571,2547 1658,2548 1745,2550 1833,2552 1920,2553 2007,2555 2095,2555"/>
                <TextEquiv>
                    <Unicode>sonders in jenen Felix Brauns, Haus auch dorthin, wo Ferraris ist. Die zwei</Unicode>
                </TextEquiv>
            </TextLine>
            <TextLine id="tr_1_tl_77" custom="readingOrder {index:76;}">
                <Coords points="2113,2561 2820,2561 2909,2594 2980,2572 2980,2524 2932,2520 2113,2520"/>
                <Baseline points="2134,2555 2176,2555 2219,2552 2261,2552 2304,2554 2347,2555 2389,2555 2432,2555 2475,2557 2517,2558 2560,2558 2603,2559 2645,2561 2688,2561 2731,2561 2773,2561 2816,2561 2859,2562 2901,2564 2944,2561 2987,2561"/>
                <TextEquiv>
                    <Unicode>Bach"; das Bildnis der Frau Mitschikt</Unicode>
                </TextEquiv>
            </TextLine>
            <TextLine id="tr_1_tl_78" custom="readingOrder {index:77;}">
                <Coords points="3006,2576 3061,2572 3084,2583 3098,2572 3106,2580 3154,2576 3173,2587 3221,2572 3258,2576 3269,2587 3299,2580 3299,2542 3258,2531 3187,2528 3180,2539 3006,2531"/>
                <Baseline points="3026,2567 3051,2569 3076,2570 3101,2570 3127,2570 3152,2570 3177,2571 3202,2572 3228,2572 3253,2572 3278,2572 3304,2570"/>
                <TextEquiv>
                    <Unicode>kurz vor seinen</Unicode>
                </TextEquiv>
            </TextLine>
            <TextLine id="tr_1_tl_79" custom="readingOrder {index:78;}">
                <Coords points="326,2587 2076,2609 2076,2561 1886,2546 326,2539"/>
                <Baseline points="346,2575 433,2575 520,2575 607,2575 694,2578 781,2581 868,2580 955,2584 1042,2584 1129,2586 1216,2587 1303,2585 1390,2587 1477,2588 1564,2588 1651,2590 1738,2593 1825,2593 1912,2596 1999,2596 2086,2593"/>
                <TextEquiv>
                    <Unicode>Pragers, Holzmeisters; die Bewegtheit kommt Frank, Hans und Leo, bleiben in der Familie</Unicode>
                </TextEquiv>
            </TextLine>
            <TextLine id="tr_1_tl_80" custom="readingOrder {index:79;}">
                <Coords points="2105,2602 2613,2602 2694,2628 2976,2605 2976,2568 2813,2557 2691,2580 2665,2557 2105,2561"/>
                <Baseline points="2125,2596 2168,2596 2211,2596 2254,2596 2297,2599 2340,2599 2383,2597 2426,2598 2469,2599 2512,2599 2556,2599 2599,2599 2642,2601 2685,2602 2728,2602 2771,2602 2814,2602 2857,2603 2900,2604 2943,2603 2987,2605"/>
                <TextEquiv>
                    <Unicode>Meinl läßt die Phantasie des Künstlers, au</Unicode>
                </TextEquiv>
            </TextLine>
            <TextLine id="tr_1_tl_81" custom="readingOrder {index:80;}">
                <Coords points="3009,2620 3087,2620 3095,2628 3143,2620 3169,2628 3184,2617 3287,2628 3287,2587 3254,2576 3198,2583 3128,2572 3098,2572 3087,2583 3065,2572 3009,2576"/>
                <Baseline points="3029,2617 3055,2615 3082,2614 3109,2614 3136,2615 3163,2617 3190,2615 3217,2614 3244,2614 3271,2615 3298,2617"/>
                <TextEquiv>
                    <Unicode>(Nini) reift</Unicode>
                </TextEquiv>
            </TextLine>
            <TextLine id="tr_1_tl_82" custom="readingOrder {index:81;}">
                <Coords points="319,2628 1197,2643 1197,2598 319,2591"/>
                <Baseline points="340,2620 383,2620 426,2620 470,2620 513,2620 557,2623 600,2623 643,2623 687,2623 730,2623 774,2625 817,2626 860,2626 904,2628 947,2629 991,2631 1034,2632 1077,2632 1121,2632 1164,2632 1208,2629"/>
                <TextEquiv>
                    <Unicode>aus dem Geiste der Dargestellten und aus</Unicode>
                </TextEquiv>
            </TextLine>
            <TextLine id="tr_1_tl_83" custom="readingOrder {index:82;}">
                <Coords points="1223,2635 2083,2646 2083,2605 2046,2598 1223,2602"/>
                <Baseline points="1244,2629 1286,2626 1328,2629 1371,2629 1413,2627 1456,2628 1498,2631 1540,2632 1583,2630 1625,2631 1668,2633 1710,2635 1752,2636 1795,2637 1837,2636 1880,2637 1922,2635 1964,2638 2007,2638 2049,2638 2092,2641"/>
                <TextEquiv>
                    <Unicode>jenes Tochter und dieses Schwiegervater sind</Unicode>
                </TextEquiv>
            </TextLine>
            <TextLine id="tr_1_tl_84" custom="readingOrder {index:83;}">
                <Coords points="2109,2643 3287,2668 3284,2624 3232,2617 2109,2602"/>
                <Baseline points="2131,2635 2189,2639 2247,2641 2305,2641 2363,2641 2422,2643 2480,2646 2538,2644 2596,2644 2654,2644 2713,2644 2771,2644 2829,2646 2887,2647 2945,2647 3004,2651 3062,2656 3120,2659 3178,2659 3236,2659 3295,2662"/>
                <TextEquiv>
                    <Unicode>der Suche nach Requisiten, ins Exotische dem es gegeben</Unicode>
                </TextEquiv>
            </TextLine>
            <TextLine id="tr_1_tl_85" custom="readingOrder {index:84;}">
                <Coords points="319,2672 782,2672 841,2698 886,2672 1193,2680 1193,2643 1127,2631 319,2624"/>
                <Baseline points="340,2662 383,2662 426,2665 469,2665 512,2668 555,2668 598,2668 641,2668 684,2668 727,2670 771,2671 814,2671 857,2671 900,2671 943,2671 986,2672 1029,2674 1072,2674 1115,2674 1158,2674 1202,2671"/>
                <TextEquiv>
                    <Unicode>dem des Darstellenden zugleich. Die poin¬</Unicode>
                </TextEquiv>
            </TextLine>
            <TextLine id="tr_1_tl_86" custom="readingOrder {index:85;}">
                <Coords points="1219,2676 2087,2687 2083,2643 1216,2635"/>
                <Baseline points="1241,2668 1283,2671 1326,2671 1369,2671 1411,2671 1454,2673 1497,2674 1539,2674 1582,2674 1625,2676 1668,2677 1710,2677 1753,2678 1796,2681 1838,2682 1881,2680 1924,2680 1966,2681 2009,2683 2052,2683 2095,2683"/>
                <TextEquiv>
                    <Unicode>herausgestellt; wie sehr wächst dieser in die</Unicode>
                </TextEquiv>
            </TextLine>
            <TextLine id="tr_1_tl_87" custom="readingOrder {index:86;}">
                <Coords points="2113,2698 3006,2694 3228,2739 3287,2735 3287,2668 2109,2646"/>
                <Baseline points="2134,2683 2192,2683 2250,2685 2308,2686 2366,2684 2425,2686 2483,2686 2541,2686 2599,2687 2657,2689 2716,2689 2774,2689 2832,2689 2890,2692 2948,2692 3007,2695 3065,2701 3123,2704 3181,2704 3239,2704 3298,2707"/>
                <TextEquiv>
                    <Unicode>streifen, Kleidung und Landschaft umrahmen Laske, ausge¬</Unicode>
                </TextEquiv>
            </TextLine>
            <TextLine id="tr_1_tl_88" custom="readingOrder {index:87;}">
                <Coords points="315,2717 3284,2761 3284,2717 3002,2694 315,2672"/>
                <Baseline points="334,2704 481,2707 629,2710 777,2710 925,2715 1073,2716 1221,2716 1369,2716 1517,2716 1665,2719 1813,2725 1960,2725 2108,2725 2256,2728 2404,2731 2552,2731 2700,2734 2848,2734 2996,2741 3144,2749 3292,2752"/>
                <TextEquiv>
                    <Unicode>tillistische Manier und Oeltemperatschmit weiteste Welt; Haupt und Hände formen sich reizvoll die Gestalt. Plakatgemäß freskenhaft, auch Schöpfer</Unicode>
                </TextEquiv>
            </TextLine>
            <TextLine id="tr_1_tl_89" custom="readingOrder {index:88;}">
                <Coords points="315,2761 2980,2791 2980,2735 315,2720"/>
                <Baseline points="337,2755 469,2752 602,2752 734,2755 867,2758 999,2758 1132,2761 1264,2758 1397,2758 1529,2761 1662,2764 1794,2765 1927,2768 2059,2772 2192,2769 2324,2772 2457,2775 2589,2775 2722,2778 2854,2779 2987,2781"/>
                <TextEquiv>
                    <Unicode>geben den Arbeiten Leopold Blauensteiners aus der Beziehung zur Flöte. Zweimal gibt wirkungsvoll, ist, im grellroten Aufschrei, die</Unicode>
                </TextEquiv>
            </TextLine>
            <TextLine id="tr_1_tl_90" custom="readingOrder {index:89;}">
                <Coords points="3002,2791 3061,2791 3076,2802 3198,2795 3221,2806 3299,2798 3299,2750 3262,2761 3232,2750 3210,2761 3158,2761 3110,2746 3087,2761 3047,2750 3002,2754"/>
                <Baseline points="3023,2787 3048,2787 3074,2787 3100,2789 3126,2790 3152,2790 3177,2790 3203,2790 3229,2792 3255,2793 3281,2793 3307,2793"/>
                <TextEquiv>
                    <Unicode>es aber mehr</Unicode>
                </TextEquiv>
            </TextLine>
            <TextLine id="tr_1_tl_91" custom="readingOrder {index:90;}">
                <Coords points="315,2802 2076,2828 2053,2772 315,2761"/>
                <Baseline points="334,2793 421,2796 508,2796 596,2799 683,2799 771,2799 858,2802 946,2802 1033,2802 1121,2803 1208,2805 1295,2802 1383,2802 1470,2802 1558,2802 1645,2808 1733,2808 1820,2811 1908,2811 1995,2811 2083,2811"/>
                <TextEquiv>
                    <Unicode>den eigentümlichen Klang, den es nicht an sich dem Bildhauer Fraß die große Ruhe: in</Unicode>
                </TextEquiv>
            </TextLine>
            <TextLine id="tr_1_tl_92" custom="readingOrder {index:91;}">
                <Coords points="2098,2820 2976,2828 2976,2787 2932,2783 2098,2780"/>
                <Baseline points="2119,2811 2162,2814 2205,2817 2248,2814 2292,2814 2335,2816 2378,2817 2421,2817 2465,2817 2508,2819 2551,2822 2594,2821 2638,2820 2681,2820 2724,2822 2767,2823 2811,2824 2854,2826 2897,2825 2940,2823 2984,2823"/>
                <TextEquiv>
                    <Unicode>eine Tänzerin Hauers. Zwei von Heus Köpfen</Unicode>
                </TextEquiv>
            </TextLine>
            <TextLine id="tr_1_tl_93" custom="readingOrder {index:92;}">
                <Coords points="3002,2846 3080,2850 3132,2839 3161,2850 3187,2839 3258,2858 3276,2843 3295,2843 3295,2798 3224,2806 3202,2795 3002,2795"/>
                <Baseline points="3023,2832 3048,2834 3074,2835 3099,2835 3125,2835 3150,2835 3176,2835 3201,2835 3227,2835 3252,2835 3278,2835 3304,2838"/>
                <TextEquiv>
                    <Unicode>Figur ankommt</Unicode>
                </TextEquiv>
            </TextLine>
            <TextLine id="tr_1_tl_94" custom="readingOrder {index:93;}">
                <Coords points="308,2850 2083,2865 2038,2809 308,2806"/>
                <Baseline points="328,2841 416,2838 504,2841 592,2844 680,2841 768,2843 856,2846 944,2846 1032,2847 1120,2847 1208,2847 1296,2847 1384,2850 1472,2850 1560,2853 1648,2853 1736,2856 1824,2856 1912,2859 2000,2862 2089,2862"/>
                <TextEquiv>
                    <Unicode>Innerlichkeit fehlt. Bötiger, sonst als Land den Bildnissen der Frau Pauser und der</Unicode>
                </TextEquiv>
            </TextLine>
            <TextLine id="tr_1_tl_95" custom="readingOrder {index:94;}">
                <Coords points="2105,2872 2972,2876 2972,2832 2939,2820 2105,2820"/>
                <Baseline points="2125,2859 2167,2859 2210,2859 2253,2859 2296,2859 2339,2859 2381,2861 2424,2864 2467,2863 2510,2864 2553,2865 2595,2865 2638,2865 2681,2865 2724,2865 2767,2865 2809,2866 2852,2867 2895,2866 2938,2868 2981,2868"/>
                <TextEquiv>
                    <Unicode>fallen durch die ungemein scharfe Charakteristi¬</Unicode>
                </TextEquiv>
            </TextLine>
            <TextLine id="tr_1_tl_96" custom="readingOrder {index:95;}">
                <Coords points="2998,2887 3050,2883 3098,2902 3110,2887 3150,2895 3165,2883 3198,2906 3221,2887 3295,2895 3291,2843 3273,2843 3258,2861 3236,2846 3187,2839 3161,2854 3128,2839 2998,2846"/>
                <Baseline points="3020,2874 3045,2876 3071,2877 3097,2877 3123,2879 3149,2882 3174,2882 3200,2880 3226,2884 3252,2886 3278,2886 3304,2889"/>
                <TextEquiv>
                    <Unicode>gangen; der</Unicode>
                </TextEquiv>
            </TextLine>
            <TextLine id="tr_1_tl_97" custom="readingOrder {index:96;}">
                <Coords points="315,2898 1190,2906 1190,2854 1145,2850 315,2850"/>
                <Baseline points="337,2886 380,2883 423,2883 466,2883 509,2883 552,2883 595,2883 638,2885 681,2886 724,2888 768,2889 811,2889 854,2889 897,2889 940,2889 983,2890 1026,2892 1069,2892 1112,2893 1155,2895 1199,2898"/>
                <TextEquiv>
                    <Unicode>schafter hervortretend, zeigt sich, ausgiebig</Unicode>
                </TextEquiv>
            </TextLine>
            <TextLine id="tr_1_tl_98" custom="readingOrder {index:97;}">
                <Coords points="1219,2898 2076,2913 2072,2869 1927,2858 1216,2854"/>
                <Baseline points="1235,2889 1277,2892 1320,2895 1362,2893 1405,2894 1447,2895 1490,2895 1532,2895 1575,2895 1617,2895 1660,2896 1703,2898 1745,2899 1788,2901 1830,2902 1873,2903 1915,2901 1958,2901 2000,2904 2043,2904 2086,2904"/>
                <TextEquiv>
                    <Unicode>Hertha Kern. Gerstenbrand steigt höher und</Unicode>
                </TextEquiv>
            </TextLine>
            <TextLine id="tr_1_tl_99" custom="readingOrder {index:98;}">
                <Coords points="2101,2921 3273,2932 3243,2883 2101,2872"/>
                <Baseline points="2122,2904 2180,2904 2238,2904 2296,2907 2354,2905 2412,2907 2470,2907 2528,2907 2586,2908 2644,2910 2702,2910 2760,2911 2818,2913 2876,2913 2934,2913 2992,2917 3050,2919 3108,2919 3166,2922 3224,2924 3283,2925"/>
                <TextEquiv>
                    <Unicode>auf, der Wiedemanns und der eines Sofiter durchaus die</Unicode>
                </TextEquiv>
            </TextLine>
            <TextLine id="tr_1_tl_100" custom="readingOrder {index:99;}">
                <Coords points="311,2932 1197,2943 1197,2909 1160,2898 949,2909 904,2883 849,2906 311,2898"/>
                <Baseline points="331,2925 374,2928 418,2928 461,2925 505,2928 548,2928 592,2928 635,2928 679,2930 722,2931 766,2931 810,2931 853,2931 897,2931 940,2935 984,2935 1027,2934 1071,2934 1114,2935 1158,2937 1202,2937"/>
                <TextEquiv>
                    <Unicode>als Porträtist und, anscheinend, als solcher</Unicode>
                </TextEquiv>
            </TextLine>
            <TextLine id="tr_1_tl_101" custom="readingOrder {index:100;}">
                <Coords points="1219,2943 2976,2961 2976,2924 2909,2917 1219,2902"/>
                <Baseline points="1238,2934 1325,2937 1412,2937 1499,2939 1586,2940 1673,2943 1760,2946 1848,2946 1935,2949 2022,2948 2109,2946 2196,2947 2283,2948 2370,2950 2458,2954 2545,2954 2632,2954 2719,2955 2806,2956 2893,2958 2981,2958"/>
                <TextEquiv>
                    <Unicode>höher. Er bringt diesmal geradezu Muster¬ Direktors. Antilisch, streng aus dem „olym¬</Unicode>
                </TextEquiv>
            </TextLine>
            <TextLine id="tr_1_tl_102" custom="readingOrder {index:101;}">
                <Coords points="2998,2972 3039,2965 3069,2976 3095,2969 3187,2984 3224,2972 3265,2984 3291,2976 3287,2935 3202,2921 3169,2943 3058,2921 3032,2924 3017,2943 2995,2943"/>
                <Baseline points="3017,2967 3042,2965 3067,2964 3092,2966 3118,2967 3143,2967 3168,2968 3193,2969 3219,2969 3244,2969 3269,2969 3295,2969"/>
                <TextEquiv>
                    <Unicode>„Wiener Tänze</Unicode>
                </TextEquiv>
            </TextLine>
            <TextLine id="tr_1_tl_103" custom="readingOrder {index:102;}">
                <Coords points="315,2976 2012,3009 2076,3006 2076,2950 311,2932"/>
                <Baseline points="334,2969 421,2972 509,2972 596,2972 684,2974 772,2975 859,2978 947,2978 1034,2980 1122,2981 1210,2975 1297,2980 1385,2981 1472,2981 1560,2985 1648,2987 1735,2988 1823,2990 1910,2990 1998,2990 2086,2987"/>
                <TextEquiv>
                    <Unicode>stärker, das Bildnis Gleispachs ist sicher ge¬ beispiele dafür, daß man an das ernstest¬</Unicode>
                </TextEquiv>
            </TextLine>
            <TextLine id="tr_1_tl_104" custom="readingOrder {index:103;}">
                <Coords points="2101,2998 2976,3017 2972,2961 2101,2954"/>
                <Baseline points="2122,2990 2167,2990 2212,2990 2257,2990 2302,2993 2348,2993 2393,2993 2438,2993 2483,2996 2528,2996 2574,2996 2619,2996 2664,2996 2709,2999 2754,2999 2800,2999 2845,3002 2890,2999 2935,3002 2981,2999"/>
                <TextEquiv>
                    <Unicode>pischen Wesen des Geformten geschaffen, ist</Unicode>
                </TextEquiv>
            </TextLine>
            <TextLine id="tr_1_tl_105" custom="readingOrder {index:104;}">
                <Coords points="2998,3013 3047,3013 3065,3024 3095,3024 3110,3013 3187,3024 3198,3013 3221,3024 3258,3017 3291,3028 3291,2980 3262,2987 3224,2976 3184,2984 3176,2976 2998,2969"/>
                <Baseline points="3017,3011 3042,3011 3068,3011 3094,3011 3120,3011 3146,3011 3171,3012 3197,3014 3223,3014 3249,3013 3275,3012 3301,3011"/>
                <TextEquiv>
                    <Unicode>Regionen, in</Unicode>
                </TextEquiv>
            </TextLine>
            <TextLine id="tr_1_tl_106" custom="readingOrder {index:105;}">
                <Coords points="315,3021 2076,3050 2076,3006 1927,2991 315,2980"/>
                <Baseline points="334,3011 421,3014 509,3014 596,3017 684,3017 772,3016 859,3017 947,3019 1034,3022 1122,3020 1210,3023 1297,3026 1385,3029 1472,3029 1560,3030 1648,3033 1735,3035 1823,3036 1910,3038 1998,3041 2086,3041"/>
                <TextEquiv>
                    <Unicode>faßt und „Univ.=Prof. Dr. Otto Frisch gemeinte, ernsteste Porträt die Karikatu</Unicode>
                </TextEquiv>
            </TextLine>
            <TextLine id="tr_1_tl_107" custom="readingOrder {index:106;}">
                <Coords points="2101,3043 2972,3054 2972,3013 2928,3002 2101,2995"/>
                <Baseline points="2122,3035 2167,3035 2212,3035 2257,3035 2302,3035 2348,3038 2393,3038 2438,3038 2483,3041 2528,3038 2574,3041 2619,3044 2664,3041 2709,3041 2754,3044 2800,3044 2845,3044 2890,3044 2935,3044 2981,3047"/>
                <TextEquiv>
                    <Unicode>Hofners Goethe=Haupt; in acht Reliefplatten,</Unicode>
                </TextEquiv>
            </TextLine>
            <TextLine id="tr_1_tl_108" custom="readingOrder {index:107;}">
                <Coords points="2998,3050 3021,3050 3039,3065 3262,3061 3295,3072 3295,3024 3254,3013 3243,3024 3206,3013 3184,3024 3113,3009 3080,3024 2995,3013"/>
                <Baseline points="3020,3050 3045,3052 3071,3053 3097,3053 3123,3053 3149,3053 3174,3054 3200,3056 3226,3056 3252,3057 3278,3058 3304,3059"/>
                <TextEquiv>
                    <Unicode>scher Beziehung.</Unicode>
                </TextEquiv>
            </TextLine>
            <TextLine id="tr_1_tl_109" custom="readingOrder {index:108;}">
                <Coords points="311,3065 1182,3076 1182,3035 1145,3028 311,3017"/>
                <Baseline points="331,3056 374,3056 417,3056 460,3059 503,3059 546,3059 589,3061 632,3060 675,3059 718,3059 762,3059 805,3061 848,3062 891,3062 934,3063 977,3065 1020,3065 1063,3065 1106,3065 1149,3065 1193,3062"/>
                <TextEquiv>
                    <Unicode>bei einer Operation“ ist frisch in Auf</Unicode>
                </TextEquiv>
            </TextLine>
            <TextLine id="tr_1_tl_110" custom="readingOrder {index:109;}">
                <Coords points="1212,3087 2072,3091 2072,3050 2016,3043 1212,3028"/>
                <Baseline points="1232,3065 1274,3071 1316,3074 1359,3072 1401,3073 1444,3072 1486,3071 1528,3073 1571,3076 1613,3077 1656,3077 1698,3077 1740,3078 1783,3080 1825,3080 1868,3080 1910,3080 1952,3083 1995,3083 2037,3083 2080,3086"/>
                <TextEquiv>
                    <Unicode>herantragen kann; ihm, der unerbittlich schar</Unicode>
                </TextEquiv>
            </TextLine>
            <TextLine id="tr_1_tl_111" custom="readingOrder {index:110;}">
                <Coords points="2098,3098 3287,3106 3247,3061 2098,3039"/>
                <Baseline points="2119,3080 2181,3080 2243,3080 2305,3080 2367,3083 2429,3086 2491,3086 2553,3086 2615,3086 2677,3087 2739,3089 2801,3089 2863,3091 2925,3089 2987,3093 3049,3095 3111,3098 3173,3098 3235,3101 3298,3098"/>
                <TextEquiv>
                    <Unicode>dieses umgebend, ist, stilgerecht, das vielfältige Lewandowskis</Unicode>
                </TextEquiv>
            </TextLine>
            <TextLine id="tr_1_tl_112" custom="readingOrder {index:111;}">
                <Coords points="311,3121 1016,3113 1093,3143 1186,3121 1186,3076 1097,3061 882,3087 767,3061 593,3084 311,3065"/>
                <Baseline points="331,3110 374,3104 417,3104 460,3107 504,3107 547,3107 590,3107 633,3105 677,3106 720,3107 763,3107 806,3109 850,3110 893,3110 936,3110 979,3111 1023,3113 1066,3113 1109,3113 1152,3113 1196,3113"/>
                <TextEquiv>
                    <Unicode>fassung und Wiedergabe. Zum Erlebnis</Unicode>
                </TextEquiv>
            </TextLine>
            <TextLine id="tr_1_tl_113" custom="readingOrder {index:112;}">
                <Coords points="1223,3121 3239,3165 3287,3110 1219,3087"/>
                <Baseline points="1244,3110 1346,3116 1449,3116 1551,3116 1654,3119 1756,3122 1859,3125 1961,3125 2064,3126 2166,3123 2269,3125 2372,3128 2474,3129 2577,3128 2679,3131 2782,3134 2884,3134 2987,3138 3089,3140 3192,3143 3295,3143"/>
                <TextEquiv>
                    <Unicode>sieht, muß derlei vorbehalten bleiben; wie Wirken des Großen allegorisiert. Andres von eine Vornehm</Unicode>
                </TextEquiv>
            </TextLine>
            <TextLine id="tr_1_tl_114" custom="readingOrder {index:113;}">
                <Coords points="311,3150 482,3176 1186,3165 1186,3121 311,3117"/>
                <Baseline points="331,3149 374,3149 417,3152 460,3152 504,3152 547,3150 590,3151 633,3152 677,3152 720,3152 763,3152 806,3152 850,3152 893,3154 936,3155 979,3155 1023,3156 1066,3157 1109,3156 1152,3157 1196,3155"/>
                <TextEquiv>
                    <Unicode>erwächst, weil aus wahrhaft Erlebten auf¬</Unicode>
                </TextEquiv>
            </TextLine>
            <TextLine id="tr_1_tl_115" custom="readingOrder {index:114;}">
                <Coords points="1216,3165 2064,3184 2064,3132 2012,3124 1909,3143 1216,3113"/>
                <Baseline points="1235,3155 1279,3158 1323,3161 1367,3158 1411,3161 1455,3158 1499,3161 1544,3161 1588,3164 1632,3164 1676,3164 1720,3164 1764,3166 1809,3166 1853,3166 1897,3168 1941,3169 1985,3169 2029,3169 2074,3172"/>
                <TextEquiv>
                    <Unicode>sehr steigert sich, aus den besondern Möglich</Unicode>
                </TextEquiv>
            </TextLine>
            <TextLine id="tr_1_tl_116" custom="readingOrder {index:115;}">
                <Coords points="2094,3176 2961,3184 2961,3139 2094,3128"/>
                <Baseline points="2116,3166 2158,3169 2201,3166 2244,3169 2287,3169 2330,3169 2372,3169 2415,3171 2458,3172 2501,3172 2544,3174 2586,3175 2629,3175 2672,3175 2715,3175 2758,3175 2800,3175 2843,3176 2886,3178 2929,3178 2972,3178"/>
                <TextEquiv>
                    <Unicode>Hofner ist durchaus nicht auf dieser Höhe. Die</Unicode>
                </TextEquiv>
            </TextLine>
            <TextLine id="tr_1_tl_117" custom="readingOrder {index:116;}">
                <Coords points="2987,3187 3032,3195 3043,3187 3061,3198 3087,3187 3135,3198 3198,3187 3254,3195 3280,3217 3299,3213 3295,3147 3250,3150 3232,3165 3217,3150 2984,3139"/>
                <Baseline points="3008,3181 3035,3181 3062,3182 3089,3183 3116,3185 3143,3187 3171,3187 3198,3188 3225,3190 3252,3190 3279,3190 3307,3187"/>
                <TextEquiv>
                    <Unicode>Bildnis der</Unicode>
                </TextEquiv>
            </TextLine>
            <TextLine id="tr_1_tl_118" custom="readingOrder {index:117;}">
                <Coords points="308,3210 1182,3213 1182,3161 1108,3154 308,3154"/>
                <Baseline points="328,3196 371,3193 414,3193 457,3193 501,3193 544,3193 587,3193 630,3195 674,3196 717,3196 760,3196 803,3196 847,3196 890,3196 933,3196 976,3197 1020,3199 1063,3198 1106,3197 1149,3199 1193,3196"/>
                <TextEquiv>
                    <Unicode>steigend, die polare Welt Charoux; Geist¬</Unicode>
                </TextEquiv>
            </TextLine>
            <TextLine id="tr_1_tl_119" custom="readingOrder {index:118;}">
                <Coords points="1212,3206 2064,3221 2064,3184 2020,3176 1212,3161"/>
                <Baseline points="1232,3202 1274,3202 1316,3202 1358,3202 1400,3202 1442,3202 1484,3202 1526,3202 1568,3204 1610,3205 1653,3206 1695,3208 1737,3208 1779,3209 1821,3211 1863,3208 1905,3211 1947,3211 1989,3214 2031,3211 2074,3211"/>
                <TextEquiv>
                    <Unicode>keiten des Künstlers, die ironisierende Ueber</Unicode>
                </TextEquiv>
            </TextLine>
            <TextLine id="tr_1_tl_120" custom="readingOrder {index:119;}">
                <Coords points="2094,3213 2457,3224 2487,3250 2620,3221 2961,3232 2961,3180 2094,3176"/>
                <Baseline points="2116,3208 2158,3211 2201,3214 2243,3211 2286,3213 2329,3214 2371,3216 2414,3217 2457,3217 2499,3217 2542,3217 2585,3218 2627,3220 2670,3220 2713,3220 2755,3220 2798,3220 2841,3220 2883,3220 2926,3223 2969,3220"/>
                <TextEquiv>
                    <Unicode>wundervoll anmutig zarte Terrakotta=Halb</Unicode>
                </TextEquiv>
            </TextLine>
            <TextLine id="tr_1_tl_121" custom="readingOrder {index:120;}">
                <Coords points="2995,3232 3065,3228 3110,3243 3139,3236 3262,3243 3273,3232 3295,3232 3295,3206 3265,3206 3254,3195 3143,3198 3084,3187 3065,3198 3039,3187 3032,3198 2995,3187"/>
                <Baseline points="3014,3226 3040,3228 3066,3229 3093,3231 3119,3232 3145,3232 3172,3232 3198,3232 3224,3232 3251,3231 3277,3229 3304,3232"/>
                <TextEquiv>
                    <Unicode>sich ihr Blond</Unicode>
                </TextEquiv>
            </TextLine>
            <TextLine id="tr_1_tl_122" custom="readingOrder {index:121;}">
                <Coords points="308,3243 623,3262 782,3239 864,3273 897,3247 1179,3254 1179,3213 1082,3198 308,3202"/>
                <Baseline points="328,3226 373,3235 418,3235 463,3235 508,3238 554,3235 599,3238 644,3238 689,3238 734,3238 780,3238 825,3239 870,3241 915,3241 960,3241 1006,3242 1051,3244 1096,3244 1141,3244 1187,3244"/>
                <TextEquiv>
                    <Unicode>mensch Gandhi und Machtmensch Stalin</Unicode>
                </TextEquiv>
            </TextLine>
            <TextLine id="tr_1_tl_123" custom="readingOrder {index:122;}">
                <Coords points="1201,3254 2068,3269 2068,3224 2024,3213 1201,3206"/>
                <Baseline points="1223,3244 1265,3247 1308,3247 1351,3247 1393,3247 1436,3247 1479,3247 1521,3249 1564,3250 1607,3250 1650,3252 1692,3253 1735,3253 1778,3254 1820,3255 1863,3254 1906,3256 1948,3257 1991,3259 2034,3259 2077,3256"/>
                <TextEquiv>
                    <Unicode>legenheit der Senders, das faustharte Ge¬</Unicode>
                </TextEquiv>
            </TextLine>
            <TextLine id="tr_1_tl_124" custom="readingOrder {index:123;}">
                <Coords points="2098,3269 2965,3273 2935,3232 2094,3213"/>
                <Baseline points="2113,3262 2158,3259 2203,3259 2248,3259 2293,3259 2339,3259 2384,3259 2429,3259 2474,3265 2519,3262 2565,3262 2610,3262 2655,3265 2700,3265 2745,3265 2791,3268 2836,3268 2881,3268 2926,3268 2972,3262"/>
                <TextEquiv>
                    <Unicode>figur der Hildegard Jone und zwei sicher an¬</Unicode>
                </TextEquiv>
            </TextLine>
            <TextLine id="tr_1_tl_125" custom="readingOrder {index:124;}">
                <Coords points="2998,3273 3028,3276 3039,3287 3050,3276 3143,3287 3284,3280 3284,3239 3098,3243 3069,3228 3061,3236 2998,3232"/>
                <Baseline points="3017,3271 3042,3271 3067,3271 3092,3271 3117,3272 3142,3273 3167,3275 3192,3277 3217,3276 3242,3274 3267,3274 3292,3274"/>
                <TextEquiv>
                    <Unicode>schimmern die</Unicode>
                </TextEquiv>
            </TextLine>
            <TextLine id="tr_1_tl_126" custom="readingOrder {index:125;}">
                <Coords points="308,3287 1175,3299 1175,3254 1045,3243 308,3243"/>
                <Baseline points="328,3280 370,3280 413,3280 456,3280 499,3282 542,3283 585,3283 627,3283 670,3283 713,3283 756,3283 799,3283 842,3283 885,3284 927,3286 970,3286 1013,3287 1056,3289 1099,3289 1142,3289 1185,3289"/>
                <TextEquiv>
                    <Unicode>überlebensgroß, lebensvoll, sind völlig an</Unicode>
                </TextEquiv>
            </TextLine>
            <TextLine id="tr_1_tl_127" custom="readingOrder {index:126;}">
                <Coords points="1201,3295 2057,3317 2057,3269 1942,3258 1201,3254"/>
                <Baseline points="1223,3289 1265,3289 1307,3292 1349,3290 1391,3289 1433,3289 1475,3291 1517,3292 1559,3292 1601,3293 1644,3295 1686,3295 1728,3295 1770,3295 1812,3295 1854,3298 1896,3298 1938,3301 1980,3301 2022,3301 2065,3304"/>
                <TextEquiv>
                    <Unicode>polter Hanaks. Hier ist der gelöste Schwung</Unicode>
                </TextEquiv>
            </TextLine>
            <TextLine id="tr_1_tl_128" custom="readingOrder {index:127;}">
                <Coords points="2094,3306 3295,3332 3262,3276 2094,3269"/>
                <Baseline points="2113,3301 2172,3302 2232,3304 2291,3304 2351,3307 2410,3307 2470,3307 2529,3307 2589,3307 2648,3310 2708,3310 2768,3310 2827,3313 2887,3313 2946,3311 3006,3313 3065,3317 3125,3319 3184,3319 3244,3322 3304,3319"/>
                <TextEquiv>
                    <Unicode>gepackte Mannesbilnisse stehen für das reise Geläufigen schr</Unicode>
                </TextEquiv>
            </TextLine>
            <TextLine id="tr_1_tl_129" custom="readingOrder {index:128;}">
                <Coords points="304,3332 2072,3354 2068,3317 1927,3302 304,3287"/>
                <Baseline points="325,3319 412,3325 500,3325 587,3325 675,3325 763,3325 850,3328 938,3330 1025,3331 1113,3331 1201,3331 1288,3333 1376,3334 1463,3334 1551,3335 1639,3337 1726,3340 1814,3340 1901,3343 1989,3346 2077,3343"/>
                <TextEquiv>
                    <Unicode>ihrer Idee aufgebaut, dort Sanftunt, hier bei Gur, dem in einer andern Art aus¬</Unicode>
                </TextEquiv>
            </TextLine>
            <TextLine id="tr_1_tl_130" custom="readingOrder {index:129;}">
                <Coords points="2094,3354 2835,3380 2961,3373 2958,3321 2090,3310"/>
                <Baseline points="2113,3343 2158,3346 2203,3349 2248,3349 2293,3349 2339,3349 2384,3352 2429,3349 2474,3352 2519,3352 2565,3352 2610,3355 2655,3352 2700,3355 2745,3355 2791,3355 2836,3358 2881,3358 2926,3358 2972,3358"/>
                <TextEquiv>
                    <Unicode>Werk Humplies. Der Aufbau in Jungwirth¬</Unicode>
                </TextEquiv>
            </TextLine>
            <TextLine id="tr_1_tl_131" custom="readingOrder {index:130;}">
                <Coords points="2995,3365 3084,3373 3117,3365 3143,3376 3198,3376 3224,3365 3239,3380 3254,3369 3287,3376 3287,3332 3236,3328 3228,3336 3217,3325 3184,3325 3128,3336 3091,3321 3072,3332 2995,3321"/>
                <Baseline points="3014,3358 3039,3360 3065,3361 3090,3362 3116,3363 3141,3363 3167,3363 3192,3363 3218,3365 3243,3366 3269,3366 3295,3366"/>
                <TextEquiv>
                    <Unicode>in Bildnis der</Unicode>
                </TextEquiv>
            </TextLine>
            <TextLine id="tr_1_tl_132" custom="readingOrder {index:131;}">
                <Coords points="311,3376 1179,3384 1175,3343 1097,3328 308,3332"/>
                <Baseline points="331,3363 373,3366 416,3366 459,3366 502,3366 545,3368 587,3369 630,3367 673,3368 716,3371 759,3370 801,3370 844,3372 887,3372 930,3372 973,3373 1015,3375 1058,3375 1101,3375 1144,3375 1187,3375"/>
                <TextEquiv>
                    <Unicode>Kraft in jeder Fiber, beide aus dem plastischen</Unicode>
                </TextEquiv>
            </TextLine>
            <TextLine id="tr_1_tl_133" custom="readingOrder {index:132;}">
                <Coords points="1208,3384 2969,3413 2965,3369 2809,3358 1208,3343"/>
                <Baseline points="1229,3375 1316,3378 1403,3378 1490,3377 1577,3378 1664,3381 1751,3384 1838,3384 1925,3386 2012,3390 2099,3388 2186,3387 2273,3390 2360,3391 2447,3392 2534,3393 2621,3396 2708,3396 2795,3397 2882,3401 2969,3402"/>
                <TextEquiv>
                    <Unicode>gezeichneten Bildnismaler, ist die beruhigt „Abt Hellmer, repräsentatives Gegenstück zum</Unicode>
                </TextEquiv>
            </TextLine>
            <TextLine id="tr_1_tl_134" custom="readingOrder {index:133;}">
                <Coords points="2984,3410 3013,3402 3065,3417 3084,3406 3110,3421 3128,3410 3169,3421 3195,3410 3221,3428 3280,3417 3280,3369 3236,3380 3221,3365 3198,3376 2984,3365"/>
                <Baseline points="3005,3396 3030,3401 3056,3405 3082,3407 3108,3408 3134,3408 3159,3408 3185,3408 3211,3408 3237,3408 3263,3408 3289,3408"/>
                <TextEquiv>
                    <Unicode>des ist auch in</Unicode>
                </TextEquiv>
            </TextLine>
            <TextLine id="tr_1_tl_135" custom="readingOrder {index:134;}">
                <Coords points="315,3425 3276,3469 3276,3417 3143,3406 315,3373"/>
                <Baseline points="334,3411 481,3412 629,3414 776,3411 924,3416 1072,3418 1219,3420 1367,3421 1514,3423 1662,3426 1810,3426 1957,3430 2105,3432 2252,3436 2400,3438 2548,3441 2695,3442 2843,3449 2990,3446 3138,3450 3286,3453"/>
                <TextEquiv>
                    <Unicode>Empfinden gesteigert. Von schöner Plastizi¬ Glätte; er bildet jedes Pünkichen getreu noch, Andrischen Kardinal, ist beachtenswert. Die Dr. Erika Tietz¬</Unicode>
                </TextEquiv>
            </TextLine>
            <TextLine id="tr_1_tl_136" custom="readingOrder {index:135;}">
                <Coords points="304,3462 1179,3473 1179,3428 1034,3413 971,3436 304,3421"/>
                <Baseline points="325,3450 368,3456 411,3456 454,3456 497,3456 540,3456 583,3456 626,3456 669,3458 712,3459 756,3459 799,3459 842,3459 885,3459 928,3459 971,3459 1014,3460 1057,3462 1100,3462 1143,3462 1187,3462"/>
                <TextEquiv>
                    <Unicode>tät ist Dachauers „Präsident Dr. Altmann“</Unicode>
                </TextEquiv>
            </TextLine>
            <TextLine id="tr_1_tl_137" custom="readingOrder {index:136;}">
                <Coords points="1201,3465 3269,3517 3265,3465 3206,3454 1201,3428"/>
                <Baseline points="1223,3462 1325,3464 1428,3465 1531,3465 1634,3468 1737,3471 1840,3471 1942,3471 2045,3472 2148,3474 2251,3480 2354,3480 2457,3483 2560,3484 2662,3488 2765,3489 2868,3489 2971,3489 3074,3493 3177,3495 3280,3498"/>
                <TextEquiv>
                    <Unicode>nie aber ist es ein leeres Aufbauen; es findet zwei Karlinly, Vater und Sohn, machen ein auringo</Unicode>
                </TextEquiv>
            </TextLine>
            <TextLine id="tr_1_tl_138" custom="readingOrder {index:137;}">
                <Coords points="300,3521 3280,3569 3280,3499 300,3462"/>
                <Baseline points="322,3498 470,3498 618,3501 766,3501 914,3504 1063,3506 1211,3507 1359,3504 1507,3507 1655,3513 1804,3516 1952,3516 2100,3516 2248,3520 2396,3522 2545,3525 2693,3531 2841,3533 2989,3534 3137,3540 3286,3540"/>
                <TextEquiv>
                    <Unicode>Als ein Hauch oft nur sind die Farben auf den sich im Bild der ganze Mensch sprechend ist ander den Rang streitig; so sehr wie das leid Klarheit, Größ¬</Unicode>
                </TextEquiv>
            </TextLine>
            <TextEquiv>
                <Unicode></Unicode>
            </TextEquiv>
        </TextRegion>
    </Page>
</PcGts>
