3392 4352
701 124 1435 202 droll unverdorbenen Kindergemus.
785 178 1546 231 Einmal — das Dirnchen gerät durch
695 213 1553 278 den verwegenen, aber nicht unamüsanten
694 271 1546 335 Einfall ihres Nachtlokal=Stimmungsdichters
688 322 1513 378 Lentel in ein ehrbarstes Bürgerhaus¬
698 372 1544 428 steht sie, das Köpfchen sehnsuchtsvoll auf
686 419 1544 472 eine Wäschekommode gebeugt, gespannt zit¬
683 473 1546 523 ternd, ein stummer Schatten spröder Hilf¬
698 512 1544 565 losigkeit, mit dem Rücken zum Publikum.
692 559 1547 615 Und dieses Publikum hält, ergriffen, den
686 603 904 683 Atman.
779 645 1544 709 Man nimmt die belanglos betriebsame,
688 704 1549 760 geschickt verlogene Komödie mit in Kauf:
688 754 1549 800 Dirnenrettung durch einen Parsifal aus
688 801 1544 855 Massachusetts. Halb Gartenlaube, halb
687 855 1545 915 „Paradies=Bar“. Mehr freche als flotte
688 898 1546 961 Arbeit, weniger aufdringlich, als unlogisch,
686 953 1544 1003 im Grunde aber auf eine Exaktkeit des
686 999 1547 1062 Miliens angewiesen, die von der dreimal
680 1054 1544 1112 gewechselten, salopp durchgepeitschten Regie
683 1104 1553 1148 nicht erbracht wurde. Den nominellen
686 1147 1544 1197 Schluß=Spielleiter Hans Wengraf muß man
683 1198 1546 1252 dabei loyal vermutlich freisprechen von so
683 1242 1544 1307 mancher kläglich provinziellen Nebende¬
686 1294 1544 1362 setzung und so reichlicher Schäbigkeit der
686 1344 848 1421 Details.
764 1382 1544 1444 Wengraf spielt übrigens jenen jungen
686 1440 1544 1505 Yankee mit den breiten und so budapeste¬
680 1496 1540 1548 risch voraussetzungslosen Schultern mit
683 1541 1546 1598 wirklich treuherzigem Charme, sehr männ¬
680 1590 1535 1648 lich und ohne die geringste Dosis allzugefäl¬
680 1639 990 1706 liger Innigkeit.
772 1683 1540 1745 Die auch nicht überaus glaubwürdige
680 1737 1546 1799 Gestalt eines Althietzinger Großpapa
680 1793 1544 1843 bringt Willi Thaller und mit ihm sattesten
687 1844 1544 1896 Patriarchenhumor auf die Bühne, eine
683 1892 1544 1955 Aureole verschmitzt herzensseligen Froh¬
686 1944 1541 1996 sinns, in der Lengels dick aufgetragenes
686 1987 1547 2042 Situationsschmalz aufleuchtet wie echter
680 2038 1546 2102 Lustspielzauber. Willi Thallers hochbetagtes
683 2091 1544 2150 Knabenlächeln ist volle Theatersonne, und
686 2133 1549 2188 ihr Glanz vergoldet, was an diesem Rüh¬
680 2189 1544 2232 rungssteich Talmi des Gefühls wie der
680 2234 1358 2291 Mache ist. Und es ist viel Talmi.
764 2283 1541 2338 Eine Episode Frau Karolyis hat be=
686 2336 1541 2391 sonders scharfen Schnitt, eine andere Frau
680 2383 1540 2438 Wilkes die äußerste, bravours burgtheater¬
677 2433 1546 2490 ketzerische Kärntnerstraßen=Echtheit. Für
685 2487 1540 2544 Herrn Eidlitz scheint es eher ein Kompli¬
673 2534 1543 2590 ment, wenn man ihm die Eignung zum
680 2583 1544 2644 Gigolo entschieden abspricht, und Herrn
678 2633 1540 2686 Ebners Oberkellner ist sehr lustig, aber,
683 2686 1502 2755 gelinde gesagt, nicht gerade großstädtisch.
770 2734 1544 2787 Ueberhaupt scheinen die Mitglieder
680 2783 1540 2841 des Burgtheaters Barbesuche nur auf ihren
682 2834 1337 2904 Provinztourneen zu absolvieren.
1501 2890 1705 2984 ne
1687 2965 1949 3085 Zeitung
1250 2989 1654 3092 Allgemeine
1622 3085 2505 3149 szene überaus, ja mitunter gefährlich sicher)
796 3093 1576 3158 Melchior Lengel hat eine unbedenk¬
1617 3126 2481 3200 spart mit ihnen, klüger, beherrschter, er¬
707 3158 1575 3204 liche, aber schmissige Hand. So manche
1620 3175 2476 3250 wachsener als ihr Autor. Besser gesagt, sie
704 3195 1577 3260 technische und atmosphärische Hilflosigkeit
1611 3221 2481 3290 weint sie, bisweilen erschütternd possier¬
716 3242 1579 3307 dieses Abends geht gewiß nicht auf sein
1617 3295 2132 3360 lich, ohne Glyzerinzauber.
713 3306 1577 3354 Konto. Eine einfallsreicher studierte Vor¬
718 3349 1581 3409 stellung hätte vermutlich den üblen Pro¬
1703 3342 2488 3411 Man sitzt da, geistvoll gaukelnde
712 3396 1582 3458 blemgeschmack dieses Nachtcaféschwänkchens
1624 3395 2487 3451 Schnitzler=Worte im Sinn, und sieht diesen
1624 3440 2492 3508 Bühnensteg der jüngsten Generation mit
709 3440 1579 3504 verwischt und seinen vorsichtig satirischen
719 3486 1576 3545 Witz herausgeputzt. Hätte etwa dem Ver¬
1624 3477 2487 3555 an. Zweifellos, auch die kleine Maria
716 3534 1580 3592 legenheitsschluß eines unabsichtlich fingier¬
1623 3534 2491 3602 kämpft für Illusionen. Aber sie lächelt sie
716 3585 1585 3642 ten Selbstmordversuches die Operetten¬
1623 3584 2486 3654 heroisch hinweg. Flüstert hart und hastig
709 3627 1585 3690 tragik abgestreift und der ganzen heuch¬
1623 3634 2486 3701 darüber hin. Blickt besonnen putzig und
716 3682 1583 3737 lerisch freiherzigen Lavendelpikanterie jenen
1625 3672 2491 3743 alltagssicher in die Unendlichkeit ihrer
725 3736 1579 3798 grotesken Anstrich gegeben, den sie jetzt nur
1629 3735 2514 3796 Wünsche. Sie schüttelt das siegessichere
1623 3769 2492 3838 Köpfchen. Aber sie schüttelt nicht Löckchen
719 3779 1050 3838 unfreiwillig hat.
808 3819 1581 3879 Gleichwohl ist es ein nicht uninter¬
1628 3820 2486 3890 sie schüttelt Gedanken. Wodurch rührt sie
724 3870 1581 3936 essanter, wenn auch mit reichlichen Zu¬
1624 3876 2484 3937 dann so sehr? Wenn nicht durch jene unbe¬
722 3927 1580 3978 mutungen garnierter Ausflug der „Kirchen¬
1638 3919 2350 4000 stimmbarste Gabe des Schweigen?
728 3971 1587 4035 maus" in die Gefilde, wo Schampus und
1716 3981 2493 4071 Trägt sie, noch oder schon wieder,
722 4009 1507 4081 unverstandene käufliche Tränen fließen.
1632 4035 2196 4124 Herz: Ja, aber nach innen.
804 4069 1586 4123 Tränen? Die kleine Kramer (bis zu der
1978 4091 2458 4161 Ludwig Ullmann
722 4126 1609 4182 „dichterisch überaus affektierten Schluß¬
