3436 4352
1472 119 1788 182 la vie sociale
717 132 1442 206 aliquant qui recueillaient des
1509 162 2234 230 Je ne vais pas chercher la part
727 165 1450 230 trésors dans ce naufrage. Celle
717 210 2188 273 curée était très vilaine, et je ne de responsabilité que nous y
714 243 2186 314 sais si un pays (je pense au mien avons, ni même celle de nos de¬
717 290 2188 359 aurait la force ou la patience de le voirs. Durant ces derniers quinze
1472 331 2191 396 ans, qu'on appelle la paix, et où
721 349 1156 411 supporter deux fois.
1481 372 2197 441 je me suis quelque peu promené
771 377 1442 435 Trois ans plus tard, les vien¬
723 418 2203 489 mois les plus légers avaient appris dans le monde, j'ai perdu le goût
721 463 2191 530 eux-mêmes les règles du jeu, les de trouver des solutions aux pro¬
723 504 2199 576 fois de la hausse et de la baisse, et blèmes, encore moins d'en propo¬
1476 550 2201 606 ser, ce qui n’est ni de mon rôle,
727 563 1446 619 faisaient des fortunes sur la dé¬
725 593 2203 660 faillance du franc. Le trottoir, vu ni de ma compétence. Mais quand
723 641 2201 706 des fauteuils jaunes, avait repris je vois dans ce pays l'agitation re¬
727 682 2204 745 un air prospère. Des spéculateurs, naître sous l'impulsion de la
723 723 2125 788 comme M. Castiglioni ou M. Bonouvelle Allemagne, quand
721 764 2201 831 sel, plongeant sans cesse dans ce comprends qu'à la douceur de
1485 803 2201 861 Vienne on essaye de substituer
723 823 1452 872 gouffre sans fond où tombaien¬
1491 849 2210 920 l'affreuse rigueur hitlérienne, je
721 862 1448 915 les monnaies d'Europe, en re¬
1480 896 2212 952 me sens de cœur avec ceux qui
721 909 1448 957 montaient après chaque Bourse
723 942 2208 991 avec des millions dans la main, luttent ici pour leur indépendance.
1478 981 2206 1041 Il ne s'agit même pas dans mon
721 991 1448 1046 La prospérité se voyait sur de bel¬
1481 1020 2210 1091 esprit des conséquences politiques
732 1035 1452 1095 les épaules, sur les bras endia¬
727 1069 2203 1130 mantes et sur les jambes soyeuses que présenterait une Autriche in¬
721 1112 2210 1173 des Viennoises. C'était l'époque corporée au Reich : il s'agit de
732 1156 2210 1217 où Arthur Schnitzler répondait à sauvegarder une unité morale, de
1491 1195 2206 1260 protéger des mœurs, des goûts
725 1221 1454 1268 M. Marcel Dunan qui lui deman¬
1485 1244 2210 1307 traditionnels. Les Autrichiens qui
730 1258 1457 1310 dait ce qu'étaient devenues ses hé¬
730 1281 2210 1346 roines : « Elles sont mortes ou suivent en ce moment la politi¬
727 1323 2216 1411 elles ont des bas de soie... » Les que du chancelier Dollfuss sont
738 1370 2210 1450 jeunes femmes, demi-bohèmes, ceux qui tiennent à leurs traits sé¬
727 1413 2212 1487 demi-bourgeoises, cœurs tendres culaires, à leurs heureuses habi¬
1485 1457 2208 1513 tudes. L'autre soir, à Schonbrunn
730 1478 1454 1530 et regards calins, qui avaien
1494 1504 2217 1567 pendant le discours d'un ministre
730 1522 1463 1580 animé les histoires d'amour de ce
1491 1548 2216 1602 qui nous accueillait, un orchestre
738 1561 1452 1617 écrivain, étaient, en effet, dispa
1496 1587 2216 1647 jouait en sourdine le Beau Danube
736 1606 1459 1658 rues dans la tourmente, ou s'em¬
732 1632 2217 1693 barquaient, brillamment parées, bleu. Cette musique servait de
738 1678 2216 1764 pour des voyages moins rêveurs... fond, si j'ose dire, aux propos
781 1721 2216 1784 Or, ces fortunes se défirent pres- d'indépendance qui se pronon¬
730 1760 2217 1827 que aussi vite qu'elles s'étaient çaient alors. Une valse pour ac¬
732 1803 2212 1870 faites. En 1926, le franc reprit sa compagner un discours ? Mais
738 1853 2217 1922 place et Vienne dut chercher son oui. J'ai beaucoup apprécié cette
736 1896 2216 1968 équilibre ailleurs que dans la allusion. Il ne faut pas craindre
736 1942 2221 1996 spéculation. Elle le cherche depuis les poncifs dans un domaine du
1500 1985 2216 2052 sentiment où ils sont une expres¬
736 1994 1470 2067 fors. Il est sûr qu'elle ne l'a pas
1494 2035 2043 2097 sion du cœur populaire...
736 2043 1045 2095 encore trouvé.
786 2052 1472 2130 Et pourtant, elle a repris des
1530 2078 2217 2136 Ce sont ces nuances-là que j'ai
734 2113 1468 2184 traits assez sereins, assez heureux
1496 2128 2219 2188 vues, que je vois surtout, plus que
732 2167 2212 2221 Je parle comme quelqu'un qui la les violences. D'abord, parce qu'i
732 2210 1467 2260 regarde après neuf ans d'absence
1496 2214 2227 2262 est difficile, je le répète, d'être un
740 2257 2227 2307 de ces fauteuils, où l'on ne voit témoin et que je ne le cherche
732 2301 2217 2355 assurément que les visages les guère. Et puis, parce que cela me
742 2344 2221 2398 plus engageants. La grâce de la plaît davantage d'aller saluer au
738 2377 1467 2437 rue est certaine et le désir d'oubli
1496 2387 2221 2441 Belvédère les reliques du prince
742 2431 2227 2481 le goût d'atteindre enfin une vie Eugène, d'aller boire du vin blanc
742 2480 2221 2524 sans tourment se remarquent sur sous la tonnelle, à Grinzing, ou
738 2522 2223 2569 chacun des êtres qui passent. A d'aller diner aux portes de Vienne
745 2563 2217 2615 m'observer que les promeneurs, à dans l'ancien château de Cobenzl
747 2610 2223 2658 m'apercevoir que ces sourires. Ici, la ville s'étend s vos yeux,
738 2643 2225 2699 comment penser que ce pays est mais des pelouses rustiques, des
738 2697 2225 2749 une fois encore à un tournant de champs de blé frissonnent avec
1496 2740 2229 2786 le soir, aux bords des terrasses.
742 2738 1467 2792 son destin, qu'un parti étranger
738 2783 2227 2829 s'efforce d'y installer la violence, L'endroit est bien agréable, et si
747 2827 2225 2877 que des bombes même éclatent à paisible ! Le style du château,
747 2868 2232 2915 et là ? Comment le croire, si je ne l'atmosphère même appartiennent
747 2913 2232 2963 lisais, encore une fois, les jour¬ au passé. On s'y dépasserait dans
738 2954 1212 3013 naux qui l'assurent ?
1502 2957 2221 3009 le temps si, soudain, Mlle Anna¬
1496 2996 2230 3052 bella et M. Jean Murat n’attes¬
796 3004 1472 3061 Quels temps injustes que les
742 3045 2227 3108 nôtres : jamais nous n’avons eu taient par leur présence le siècle
1502 3091 2227 3138 où nous sommes. Des Viennoises
751 3093 1465 3145 (je parle des peuples raisonna
745 3136 2227 3191 bles) autant le souci de vivre en se les désignent : l'attrait des ve¬
751 3175 2227 3238 paix et jamais ce ne fut aussi dif¬ dettes est de tous les pays. Un
745 3219 2236 3275 ficile. Cependant, les esprits ont autre soir, je suis retourné à
738 3264 2232 3314 fait leur plein de nouveautés : ils l'Opéra ; Mme Jeritza chantait
1502 3310 2221 3355 Boccace avec la même aisance
747 3312 1476 3366 en sont excédés. Ils reviennent
1506 3348 2229 3409 qu’elle chante Sieglinde ou la Belle
747 3362 1470 3415 d'instinct à leur passé, à tout ce
738 3394 2217 3463 qui dans leur passé témoigne pour Hélène. Et j'ai été revoir le Retour
745 3433 2227 3489 des heures heureuses. L'Ame de la des chasseurs, de Breughel : l'un
751 3478 2227 3537 Vienne d'autrefois, non point tant des tableaux les plus évocateurs
1494 3528 2230 3582 et les plus satisfaisants qu’il y ait
738 3532 1470 3580 celle du temps de Napoléon que
1500 3571 2225 3625 au monde. Mais ce n'est que le
742 3578 1467 3645 M. Ferdinand Bac vient de ressus
1496 3610 2230 3660 début d'un voyage où j’espère une
745 3623 1463 3675 citer en un ouvrage savoureux)
1502 3660 2230 3708 fois de plus mêler l'observation et
751 3665 1467 3712 que celle plus tardive des valse¬
1502 3697 2225 3768 l'agrément, les rencontres voulues
745 3697 1470 3762 de Strauss, comme on compren¬
1500 3744 1797 3818 et le hasard...
747 3753 1474 3803 ici que les Viennois s'efforcent
1862 3768 2197 3846 GERARD BAUER
738 3797 1472 3846 de la rejoindre ! Nous-mêmes, ne
732 3835 1470 3894 nous charme-t-elle point, n'y
747 3875 1480 3929 trouvons-nous pas une facilité, un
738 3929 1476 3970 sentiment oublieux, aisément ac¬
747 3967 1470 4017 cessible, et qui composent l'atmos¬
745 4007 1478 4067 phère dans laquelle nous souhai¬
747 4050 1476 4108 terions vivre ? Ce pays-ci qui a
747 4099 1480 4152 tant souffert et, on peut l'écrire,
751 4139 1383 4191 assez injustement souffert.
