3436 4352
1188 327 1627 405 box 44/5
155 342 1022 451 13. Miscellaneous
1365 695 2563 780 ANTHOLOGIE DU GROUPE MODERNE D'ART
2078 884 3079 969 jours, il est bon de rappeler que le truculent
2081 947 3085 1002 curé de Meudon portait le bonnet de Montpel-
980 892 1558 1028 Quelques mots
2079 1002 3080 1061 lier au même titre que Theophraste Renaudot,
2081 1050 3082 1132 grand gazetier de France et père du journa¬
1188 1025 1739 1140 de conclusion
2078 1101 2211 1164 lisme.
2126 1128 3080 1192 En Angleterre, Thomas Browne fut le pro¬
2078 1195 3079 1246 totype du médecin styliste et métaphysicien.
896 1201 1867 1264 En ouvrant cette enquête, nous n'avions évi¬
2093 1246 3085 1307 Quiques années plus tard, Goldsmith profitait
848 1255 1867 1313 demment ni l'intention, ni la prétention d'ins¬
2078 1297 3085 1364 de ses nombreux loisirs pour rédiger l'immor¬
848 1306 1867 1367 tituer un referendum destiné à établir de fa¬
2085 1355 3085 1406 tel « Vicaire de Wakefield ». Dans la cité du
857 1355 1864 1412 çon décisive l'existence et la nature des rap-
2078 1392 3085 1446 lys rouge, Dante se faisait inscrire sur les
854 1406 1869 1464 ports qui nous paraissent exister d'une part,
2081 1441 3080 1503 contrôle des médecins et apothécaires. Et plus
857 1450 1864 1513 entre les études médicales et la production
2084 1494 3085 1554 près de nous, sans parler des écrivains vivants,
848 1500 1864 1552 literaire, d'autre part, entre les troubles men¬
2081 1537 3082 1591 Arthur Schnitzler, — fils et frère de médecin,
854 1551 1864 1603 taux ou nerveur et la création poétique ou,
2087 1586 3086 1648 poète et médecin lui-même, l'une des gloires
854 1600 1869 1669 plus spécialement, telle ou telle expression de
2078 1639 3083 1703 incontestées de l'Autriche moderne, — préten¬
854 1651 1070 1706 la poisie.
2081 1683 3080 1740 dait que les relations humaines ont leurs ma¬
902 1695 1867 1761 Le seul intérêt des consultations de ce genre
2081 1737 3095 1794 ladies comme les êtres humains, consacrant
854 1748 1870 1804 est, nous semble-t-il, d'apporter des témoigna¬
2084 1785 3091 1840 ainsi l'importance des disciplines médicales
854 1792 1864 1854 ges, de confronter des opinions fondées sur
2087 1833 3094 1896 dans l'observation des cas psychologiques qui
853 1851 1864 1908 l'expérience personnelle et de projeter ainsi,
2087 1881 3094 1943 constituent la matière organique de la création
857 1899 1873 1954 par le jeu des oppositions, quelques clartés
2087 1934 2294 2014 littéraire.
854 1946 1873 2006 nouvelles sur les éléments d'un problème dis-
862 1993 1270 2060 cuté et discutable.
2126 2003 3088 2099 Cette énumération est forcément trop som¬
908 2042 1870 2099 Napoléon disait « Pourquoi et Comment
2084 2076 3085 2142 maire pour être démonstrative. A ceux qu'elle
860 2096 1870 2161 sont les questions les plus importantes que l'on
2084 2132 3088 2187 n'a pu convaincre de l'existence de certains
863 2144 1878 2205 puisse faire. Ces questions, nous les avons po¬
2090 2181 3089 2244 rapports entre la littérature et la médecine,
863 2194 1870 2247 sées à une vingtaine d'écrivains, de nationa¬
2087 2232 3079 2288 signalons simplement les deux derniers volu¬
863 2242 1878 2294 lités diverses, tous disciples d'Esculape et, à
2087 2285 3086 2342 mes du Docteur Cabanes dont les études ri¬
863 2294 1870 2350 des degrés différents, plus ou moins serviteurs
2084 2329 3091 2391 chement documentées permettent de consta¬
863 2341 1878 2391 des Muses. Voyons maintenant s'il est pos¬
2090 2381 3094 2444 ter qu'à toutes les époques, ceux qu'il appelle
860 2391 1879 2447 sible de dégager de leurs réponses quelques
2090 2427 3094 2478 « Les Evadés de la Médecine » où les « Méde¬
869 2441 1876 2507 notions générales susceptibles d'éclairer le dé¬
2090 2480 3091 2557 cins amateurs » ont pris plaisir à coqueter
860 2487 960 2553 bat.
2090 2518 2731 2599 avec Dame Littérature !! (2).
860 2690 1882 2740 « Art et Médecine ». Quoi qu'en pensent cer¬
2144 2692 3098 2783 En peut-on déduire que la pratique médicale
860 2738 1879 2787 tains esprits chagrins, ces mots ne hurlent pas
2096 2769 3100 2853 provoque irrésistiblement le prurit de l'écri¬
869 2787 1873 2844 du tout d'être accoupés ensemble. Ne les
2096 2831 2641 2892 ture ? Evidemment non !
863 2831 1879 2892 retrouvons-nous pas, chaque mois, inscrits en
2147 2871 3104 2931 Comme tous les docteurs en droit que nous
869 2880 1876 2940 lettres d'or sur la couverture d'une excellente
2093 2928 3100 2988 interrogions naguère (3), nos interlocuteurs
866 2937 1876 2986 revue rédigée par des médecins et dans laquelle
2099 2973 3100 3031 actuels s'accordent pour affirmer que la voca¬
869 2983 1879 3049 notre confrère, M. de Laromiquière, dirige la
2102 3023 3097 3092 tion, facteur premier de la création artisti¬
869 3034 1876 3095 rubrique très vivante qui est consacrée aux
2099 3070 3094 3140 que est généralement antérieure aux études
872 3085 1882 3135 médecins-littérateurs » ? Cette union de la
2096 3120 3091 3201 médicales et, en tous cas, toujours indépen¬
869 3129 1884 3186 littérature et de la médecine n'est d'ailleurs
2102 3165 2923 3231 dante de l'exercice de l'art de guérir.
866 3182 1881 3235 ni essentiellement contemporaine, ni spécifi¬
2152 3209 3104 3282 Ils ont raison. Le goût littéraire ne se dé¬
872 3229 1879 3291 quement française. On constate aisément que
2102 3271 3104 3328 veloppe pas artificiellement. On le trouve par¬
869 3283 1884 3358 le phénomène est général, dans l'espace et
2105 3324 3107 3385 fois chez des primaires, exempts de toute for¬
866 3333 1186 3391 dans le temps.
2102 3365 3108 3427 mation universitaire quelconque. Il peut aussi
917 3364 1887 3433 Sans prétendre à l'érudition du docteur
2102 3422 3110 3483 bien se rencontrer chez un docteur en droit
875 3439 1887 3489 Achille Chéreau qui se flattait d'avoir catalo-
2111 3467 3107 3545 que chez un ingénieur. Et, à cet égard, nous
875 3480 1879 3539 qué les œuvres de tous les médecins poètes de
869 3527 1161 3591 la France (1
1232 3533 1831 3579 et Dieu sait s'il y en a eu
866 3575 1885 3640 depuis les temps les plus reculés jusqu'à nos
2167 3624 3104 3690 (2) Docteur CABANES. Les évadés de la Méde¬
2111 3670 3104 3748 cine. Médecins amateurs. Deux volumes. Editions Al-
932 3673 1879 3754 Achille HERE. Le Parnasse médical Fran-
2105 3724 2563 3808 in Michel, Paris, 1932.
871 3751 1876 3812 çais ou dictionnaire des médecins poètes de la France
2167 3781 3119 3855 (3) Constant de Horion. Les lettres et le Droit.
878 3794 1885 3854 anciens et modernes, morts ou vivants, Ed. Delahaye,
2111 3836 2751 3927 Editions Anthologie. Liège, 1928.
878 3848 1261 3941 1871. In 1552 pp.
