3344 4320
454 171 1646 269 che an das in de la
454 241 1642 314 Gesellschaft, das künstlerische Leben der Kaiserstadt vor dem
136 227 402 318 om, 3. Mai.
2201 252 2285 325 Von
161 297 1642 363 durchgeführten Kriege. Es ist die Autobiographie der Schriftstellerin Hermine
2054 304 2446 395 Hermann Bahr.
129 346 1639 416 r den Marchese Hanel, die eben unter dem Titel „Die Geschichte meiner
1757 346 2844 437 24. April. Monarchisten gibt es auch heute noch, ihre
140 398 437 458 sen eines Tage¬
461 395 1642 465 Jugend“ im Leipziger Kohler= und Amelang=Verlag erscheint
147 423 2847 510 Konfinierungs= und wegen der zahlreichen Reminiscenzen an altösterreichische Zahl wächst, es fehlt ihnen nur überall der Monarch. Der letzte
461 472 2844 573 Persönlichkeiten auch in Wien auf großes Interesse stoßen wird. König, der es nicht bloß dem Namen nach war, sondern auch in
175 496 440 549 einen zweiten
1667 510 2844 583 seiner ganzen inneren und äußeren Haltung, ist Ludwig II. In
556 549 1646 601 Nach einer romantischen Kindheit im alten Prag, die im
133 514 437 622 onfinierung für
1667 562 2851 632 seiner strahlenden Gestalt scheint der Roi Soleil noch einmal
458 580 1635 646 Zeichen des Kampfes um die Freiheit und gegen Bevormundung
465 618 2858 695 stand, erringt Hermine Hanel, früh zur Waise geworden, ihre wiederzukehren, zur Vollendung fehlen dem Bayer nur Richelieu
465 660 2854 741 innere Selbständigkeit. Der angehenden Künstlerin gelingt es und Mazarin, die Statthalter seiner Macht. Bismarck, der an
1670 713 2858 769 Ludwig, schon als dieser noch Kronprinz war, „einen von seiner
447 727 1642 786 bald, den Anschluß an die Kunstkreise zuerst in München und
451 755 2847 838 dann in Wien zu finden. In Wien schloß Hermine Hanel sich Zukunft erfüllten Sinn“ erkennen zu dürfen meinte, hätte das
122 692 342 880 binnen
1674 797 2858 873 Format zum Erzieher so reiner Gaben gehabt, doch ihn riefen
458 818 1642 884 innig an Johann Chlumecky an, dem sie die kürzlich verstorben
458 856 2851 933 Tochter einigermaßen zu ersetzen verstand. Chlumecky gehörte andere Pflichten, auch war dem Preußen der Sinn der
465 894 2854 985 zu den treuen Paladinen des Kaisers, die bereits wußten, daß österreichisch=bayrischen Stammesart immer befremdlich, er
1667 936 2858 1010 witterte, daß ihr eingeboren ist, aller Führung zu widerstreben;
458 961 1642 1031 das Reich nach dem Tode ihres Herrn auseinanderfallen würde
1670 996 2854 1062 sie verneint gern und gar zur Anerkennung der Taten des
126 971 384 1090 prämiierte
468 1017 1642 1101 Schon im Jahre 1902 schrieb der alte Diplomat an seine jung
468 1034 2861 1128 Freundin: „In unserem teuren Vaterland geht es gar ver=Herrschers schickt sie sich nur zögernd an, meistens viel zu spät;
468 1087 2851 1170 worren zu und ich sehe nicht einen Lichtpunkt. Bisher ist gar die Wirklichkeit muß sich erst in Legende verwandeln. Das war
126 1083 440 1184 ten Hauses an
1674 1135 2861 1198 auch Ludwigs Schicksal als Sage lebt er heute noch im Volke
468 1153 1646 1216 nichts geschehen, um den Knoten zu entwirren, und die Gefahr
133 1167 444 1237 stgewerblerinnen
465 1181 2858 1272 daß es zu spät sein wird, wenn man sich an die Herkulesarbeit fort, doch den „Gebildeten“ fast eher unheimlich; Walter von
143 1219 440 1286 man die vieler
468 1233 2861 1314 wird machen wollen, ist sehr naheliegend. Die Lage unseres lieben Rummels Schrift: „Ludwig II., der König und sein Kabinetts¬
126 1268 440 1324 wurde man vor
1674 1275 2861 1342 ches" (Verlag Knorr & Hirth, München) beweist das wieder.
133 1300 1649 1373 wo man bequem, Oesterreich bekümmert mich tief. Ueberall zuckende Flammen
122 1331 2865 1422 ber die Lage des aufrührerische Bewegungen aus dem vulkanisch unterminierten Rummel schätzt sichtlich den Kabinettschef höher als den König
1684 1370 2868 1432 selbst, der nicht erst lange nach den schwankenden Begierden des
465 1394 1653 1460 Boden, eigentlich mitten in latenter Revolution, die nur nicht
1677 1415 2865 1481 Pöbels fragt, sondern auf die Stimme seines Gewissens hört.
468 1436 1656 1502 ausbricht, weil das Männlichergewehr eine zu deutliche Sprache
126 1432 444 1523 nswerte, begann
1680 1467 2865 1527 Der Kabinettschef schreibt einmal in irgendeiner Angelegenheit
468 1488 1649 1551 führt. Freilich ist's zu besorgen, daß auch die Armee in dies
136 1509 444 1576 in einer Krisen¬
1670 1509 2865 1579 an den ihm unterstehenden Beamten: „Wollen Sie Erhebungen
133 1530 1639 1614 unserer einstigen Bewegung hineingetragen wird — Symptome gibt es genug.
573 1562 2865 1646 Chlumecky sprach auch viel von der Kaiserin und dem pflegen!", aber der König ändert das ab und setzt dafür ein:
122 1607 444 1674 der schließen, de
1680 1600 2868 1677 „Pflegen Sie Erhebungen!" Der König hat doch ganz recht,
122 1628 1646 1715 ken und auch für Kronprinzen. Von Elisabeth sagte er ergriffen: „Ihre Schönhei¬
1677 1653 2865 1719 denn wer befehlen kann, muß nicht erst bitten. Daß der König
468 1680 1656 1750 der Zauber ihres Wesens, ihre melodische Stimme machten auf
133 1701 437 1778 Unser Hauptfach
472 1701 2865 1792 uns alle einen unauslöschlichen Eindruck. Elisabeth war ein sich von Gottes Gnaden fühlt, wird ihm verdacht, aber von
122 1750 444 1810 ttenstoffe, ferner
475 1750 2865 1838 Geschöpf aus einer höheren Welt. Als das furchtbare Unglück wessen Gnaden sonst soll er sich denn fühlen? Rummel nennt
119 1803 447 1869 obt werden unsere
475 1799 2865 1883 in jener verhängnisvollen Nacht in Mayerling geschehen war, den König einmal einen „ganz weltabgewandten, insichgekehrten,
119 1852 447 1918 batieren, die nach
1684 1845 2868 1911 idealistischen Schwärmer, eine ausgesprochene Künstlernatur,
468 1869 1656 1939 kam ich in meiner Eigenschaft als Minister zum Kaiser. Majestä
129 1901 447 1967 wurden. Nahezu
468 1890 2868 1984 empfing mich und meine Kollegen tief gebeugt und sprach, von einen Phantasten“, für Rummel sind also die Worte Künstler
1684 1943 2868 2009 und Phantast synonym. Bismarck, ein Kenner der Menschheit,
119 1950 451 2009 bereits abgekauft
479 1970 1667 2033 Schluchzen unterbrochen: „Meine Herren, ich bitte Sie, sprechen
112 1991 451 2068 Tätigkeit erlangten
479 1988 2872 2082 Sie dem Volke von der Größe der Kaiserin. Sie hat mich in hatte von dem König „den Eindruck eines geschäftlich klaren
140 2044 451 2110 ausgeschriebenen
468 2033 2865 2124 dieser entsetzlichen Zeit aufrecht erhalten. Ohne ihren Mut und Regenten von national deutscher Gesinnung, wenn auch mit
1684 2086 2872 2152 vorwiegender Sorge für die Erhaltung des föderativen Prinzips
115 2096 451 2152 sia Norbert Langen
479 2110 1663 2177 ihre Hilfe könnte ich das Schwere nicht ertragen.“ Und über
115 2149 451 2212 Mit den erhaltener
475 2135 2875 2226 Kronprinz Rudolf: „Rudolf war ein geistreicher, viel¬ der Reichsverfassung und der verfassungsmäßigen Privilegien
112 2194 451 2257 ein. Bei der inter
475 2180 2875 2274 versprechender Mensch mit großen Anlagen. Die Hoffnung des seines Landes". Briefe Bismarcks an den König schließen gern
115 2243 454 2306 bo die ganze kunst¬
475 2229 2875 2323 Reiches ist mit ihm geschwunden. Der Sohn der hochgesinnten „mit dem wiederholten Ausdruck meiner untertänigsten Dank¬
1680 2274 2875 2341 barkeit in tiefer Ehrfurcht Eurer Majestät alleruntertänigster
115 2288 461 2348 reinen Preis für
475 2306 1660 2369 Mutter war freigeistig, seine rasche Auffassung, sein Interesse
1680 2327 2875 2390 Diener“. Die beiden waren einander wert. Der König schrieb
115 2334 454 2407 perttausend Selbst¬
482 2351 1660 2418 für Naturwissenschaften, für jeden Fortschritt, sein persönliche
112 2390 458 2453 rfenen Stoff her¬
479 2369 2872 2470 Charme, der ihm die Herzen gewann, dies alles bestimmte ihn einmal an den Kanzler: „Mit imponierender Kraft und Energie
1687 2432 2875 2488 verfechten Sie das heute so vielfach mißverstandene Wesen der
119 2432 461 2498 werden. Aus dem
486 2453 1674 2522 zu einem seltenen Herrscher, unter dem seine Länder erblüht
1684 2467 2872 2536 Monarchie nach allen Seiten hin und mit unvergleichlichem
115 2484 454 2554 im Vorjahr aus¬
475 2491 1660 2561 wären. Es ist ein Jammer, daß er, früh verleitet und durch
1694 2516 2872 2589 Genie wenden Sie die Gefahren der ägyptischen Angelegenheit
108 2529 454 2603 rvor, der uns für
482 2543 1660 2610 falsche Ratgeber und Schmeichler irregeführt, sich dem Genuß
486 2564 2879 2673 leben hingab und in der unglücklichen Ehe mit Stephanie, die von den deutschen Landen ab. Für so gewaltiges Wirken zum
101 2582 458 2648 gen, die derzeit in
1687 2610 2879 2680 Frommen Deutschlands zolle ich Ihnen wie stets meine hohe
105 2641 423 2694 zuerkannt wurde.
486 2645 1576 2711 ihn nicht verstand, immer mehr den inneren Halt verlor.
1687 2659 2872 2725 Bewunderung und es beseelt mich vor allem der Eine Wunsch,
105 2680 458 2743 Möbelstoffentwürfe
576 2662 1663 2760 In anderen Kapiteln ihres hochinteressanten Werke
1691 2704 2879 2778 Sie wieder im vollen Besitze der körperlichen Gesundheit zu
126 2736 458 2795 eingeschickt haben
482 2739 1670 2802 zeichnet Hermine Hanel altösterreichische Profile. „Im Sommer“,
482 2746 2879 2851 so schreibt sie, „sah ich die Familie Strauß in Ischl wieder, wo wissen. Empfangen Sie, mein lieber Fürst, auch in diesen Zeilen
105 2781 468 2840 aufregend groß, sie
1694 2805 2879 2872 die Versicherung der Verehrung und des felsenfesten Ver¬
98 2823 461 2893 Park. Die einzelnen
489 2826 1674 2896 sie alljährlich in ihrer reizenden Villa die Wiener Gastlichkeit
493 2847 2875 2942 fortführte. Ich habe mich wiederholt mit Johann Strauß unter trauens." Mit Bismarck konnte sich der König verständigen,
98 2875 388 2938 Mark bezahlt.
1687 2900 2879 2973 aber mit seiner Umgebung, mit seinen eigenen Räten nicht, die
94 2921 458 2987 veniger. Hier ver¬
489 2928 1663 2994 halten. Er schenkte mir sein Bild mit seiner Unterschrift. De
1691 2949 2879 3015 nun behutsam insgeheim von „Cäsarenwahn" zu munkeln
94 2973 458 3040 fe. Aber auch ein
489 2973 1674 3043 siebzigjährige Künstler trug das dichte schwarzgefärbte Haar aus
486 3001 2882 3088 der Stirn gestrichen, seine dunklen großen Augen blitzten noch begannen. Aber wenn Cäsar wähnt, Cäsar zu sein, hat man dann
112 3019 458 3078 wurden auch aus
1694 3043 2882 3109 ein Recht, das einen Wahn zu nennen? Im Volke, das eine gute
94 3064 1670 3127 in drei Jahren sehr feurig im vergilbten Gesicht. Die graziöse biegsame Gestalt mit
1698 3092 2882 3155 Witterung für echt und unecht hat, ist der große König auch
91 3116 1670 3190 sor Josef Hofman der dünnen Taille war stets mit großer Sorgfalt gekleidet, sein
1694 3134 2879 3207 heute noch nicht vergessen. Wer ein klares Bild des so viel ver¬
489 3162 1663 3235 schmales Handgelenk umfaßte ein Armband; seine Erscheinun
1698 3179 2882 3249 leumdeten Königs erblicken will, findet es rein in Georg Jakob
98 3179 461 3270 telier stehen wohl
482 3211 1667 3274 war leicht feminin. Johann Strauß war von der selbstverständ¬
1698 3235 2872 3298 Wolfs schöner Schrift „König Ludwig II. und seine Welt
94 3260 461 3326 der beiden junger
489 3260 1667 3326 lichen Liebenswürdigkeit des kultivierten Oesterreichers un
1705 3277 2879 3347 (Verlag Franz Hanfstaengl in München). Der König erkannte
101 3305 458 3371 schiedene Stoffe, di
489 3302 1677 3371 empfänglich für Frauenreiz. Der Walzerkönig, der noch eifrig
1698 3333 2882 3396 Richard Wagner schon in einer Zeit, da die Musiker von Fach
108 3364 461 3424 auf einem langen
489 3347 1674 3420 komponierte und dessen Phantasie im Alter nicht erlahmte
1694 3378 2882 3448 für die „Zukunftsmusik" noch bloß ein hochmütiges Lächeln
105 3406 1670 3466 den Wänden stehen war sehr reizbar und litt an Schlaflosigkeit. Seine Frau und
98 3431 2886 3508 hen geschmackvollen Tochter blieben bis spät in der Nacht bei ihm, da er nicht allein hatten. Ging es nach dem Sinne des Königs, so hätten wir das
496 3483 2879 3567 sein wollte. Der Meister spielte gern Karten und man sah ihn Festspielhaus in München. Er durfte nach dem Tode Wagners
87 3497 461 3567 Silbersachen, Dosen
1701 3525 2879 3588 sagen: „Den Künstler, um den jetzt die ganze Welt trauert,
489 3543 1674 3609 oft in einem Kaffeehaus auf der Esplanade mit Alexander
105 3546 468 3616 einem entzückenden
1694 3571 2882 3637 habe ich zuerst erkannt, habe ich der Welt gerettet." Auch die
489 3595 1544 3679 Girardi, Josef Kainz und Alfred Grünfeld beim Tarock.
84 3599 468 3672 mlich zu einer Be¬
594 3620 2882 3703 Unter den vielen Dichtern, denen Hermine Hanel im Laufe keineswegs dem Geschmack jedermanns auf den ersten Blick ein¬
84 3640 468 3703 artige Bonbonnierer
87 3672 2882 3749 der englischen Firma ihres Lebens begegnet ist, war auch Artur Schnitzler. „Der leuchtenden Gaben des jungen Kainz erkannte der König sogleich,
91 3714 2882 3798 tons und elegante damals Achtunddreißigjährige“, so schreibt sie über ihn, „wohnte wenn ihn auch das Burschikose des Künstlers enttäuschte, der
80 3759 2889 3857 In einen prächtigen mit seiner Mutter in einem behaglichen Junggesellenheim, das ihm zunächst bloß ein „netter junger Mann“ schien. Eine Fahrt
489 3808 2879 3899 auf die schöne Votivkirche blickte. Er liebte seine Mutter innig nach Spanien, sein inneres Vaterland, plante der König; Kainz
1701 3857 2886 3920 sollte sich dort auf den „Don Carlos vorbereiten. Die Räte des
217 3871 1674 3948 für Gobelin= und spielte mit ihr, von der er seinen Musiksinnn geerbt hatte
84 3871 2886 3990 ve erinnern. Es gibt vierhändig. Schüchtern und zurückhaltend, kein Salonheld, gab Königs hatten Bedenken, der König mußte verzichten und sich
87 3958 2882 4035 erblumen für Schau= sich Schnitzler im Gespräch nicht unbefangen, sondern beobachtete mit einer Schweizer Reise begnügen. Der Paß des Königs
136 4000 2879 4091 auf Seide und sich und andere und machte seine heimlichen Studien. Sein lautete auf einen Marquis de Saverny, der für Kainz auf einen
1701 4049 2879 4116 Herrn Josef Didier. Auf dem Rütli wurde das Mißverständnis
73 4060 1611 4123 ung eines riesigen, Sinn fürs Menschliche ist viel stärker als für die Natur.
1698 4098 2882 4158 zwischen beiden zum erstenmal offenbar: der König meinte, wie
80 4102 1670 4186 Goldspitzen beenden kannte seine Beschränkung und gestand: „Es wäre mir unmöglich
314 4144 2879 4273 B. ein Märchen zu schreiben. Seine mittelgroße, zur Fülle neigende Dilettanten immer, die Macht der Dichtung durch Anleihen bei
