3436 4320
220 271 312 365 1.
296 1551 379 1626 ger¬
296 1606 379 1662 die
279 1648 382 1718 die
282 1698 371 1774 pter
268 1910 371 1980 Groß
268 1969 376 2030 Wirt¬
290 2013 376 2094 Ein¬
265 2153 371 2253 er
296 2237 382 2295 (15)
262 2306 374 2387 Wirt¬
273 2376 374 2449 Groß¬
276 2546 379 2638 Per¬
293 2627 374 2680 und
284 2674 379 2736 eld
282 2719 382 2775 in
296 2752 379 2825 auf
273 2811 371 2881 huen
296 2861 376 2911 ver¬
287 2903 385 2973 zial¬
268 3915 374 3985 fuh=
243 3968 382 4035 altsam
231 4021 371 4083 meri¬
237 4066 379 4127 zu ent¬
226 4113 379 4175 ackelzug.
368 268 1037 388 Miscellaneous
1219 282 1648 388 box 42/4
614 809 1280 881 Neue Freie Presse
2535 795 2627 901 3
1721 789 2150 881 11. November 1929
477 915 2719 1099 Politische Kundgebungen beim Jubiläum
1065 1129 2072 1252 der „Concordia
513 1227 2708 1330 Der wundervolle Saal der Akademie der Wissenschaften Notar Dr. Willig. Aus der Schriftsteller= und Musikwelt Doktor
1581 1311 2708 1386 Karl Schönherr, Siegfried Trebitsch, Dr. Kienzl, Oskar Straus,
424 1319 1551 1375 vereinigte eine erlesene Zuhörerschaft anläßlich des siebzig¬
1581 1355 2072 1428 Weinberger, Nilius, Meller
429 1361 1551 1425 jährigen Jubiläums der „Concordia". Die Ansprachen
1670 1375 2713 1456 Aus Theaterkreisen: Vom Burgtheater die Damen Devrient¬
429 1406 1551 1467 sowohl des Präsidenten Lipschütz als auch des Bundes¬
1581 1447 2711 1503 Reinhold, Lewinsky, Medelsky, Wilke, Wohlgemuth, die Herren
418 1450 1548 1512 präsidenten und des Bundeskanzlers fanden lebhaftesten
1581 1492 2716 1548 Arndt, Heine, Höbling, Moser, Reimers, Vertretungen des Ge¬
416 1500 1551 1553 Anklang. Auch Bürgermeister Seitz wurde herzlich applau¬
1590 1531 2719 1595 sangschores und des Orchesters des Operntheaters; Kommerzialrat
418 1548 1551 1606 diert, als er in dem Schlußteil seiner Rede betonte,
1584 1584 2711 1640 Direktor Geiringer vom Deutschen Volkstheater; die Damen
416 1590 1548 1645 der Umstand, daß er als Vertreter des Rathauses hier
1581 1629 2716 1684 Keller, Markus, Stuckering, die Herren Furreg, Kutschera,
416 1640 1551 1693 anwesend sei und seine aufrichtigen Glückwünsche dar¬
1590 1673 2716 1735 Homma, Schmöle und der artistische Sekretär Marfeld=Neu¬
424 1682 1539 1746 bringe, müsse gerade wegen der vorhandenen Gegensätz¬
1587 1718 2719 1774 mann, ferner Hofrat Thimig und Frau Emmy Förster. Von der
427 1735 1545 1785 um so mehr ins Gewicht fallen. Bürgermeister Seitz hat
1587 1757 2713 1821 bildenden Kunst: Die Professoren Ranzoni, Schimkowitz,
416 1779 1551 1829 neben den polemischen Stellen seiner Rede, auf die wir
1584 1802 2719 1857 Stemolak, Hofrat Dr. Schestag, Hofrat Leisching, Oberbaurat
418 1818 1539 1874 in unserem Leitartikel verweisen, in besonders erfreulichen
1587 1852 2716 1913 Hoffmann, Maler Hauser, Bildhauer Riedl, Sektionschef a. D.
413 1871 1553 1924 Weise hervorgehoben, man könne und müsse auch den
1590 1894 2716 1955 Dr. Dlabac, Ministerialrat Dr. Gustav Huber, Hofrat Jaksch,
416 1910 1548 1966 Andersdenkenden achten und Widerspruch in den politischen
1590 1938 2722 2002 Dr. Krükl, Regierungsrat Soeser, Professor Meithner, Regierungs¬
416 1963 1551 2016 Ideen bedinge noch nicht, daß der andere entweder ein
1587 1988 2722 2044 rat Keldorfer, Sektionschef Ingenieur Rotky, Kommerzialrat
410 2008 1551 2069 Dummkopf oder ein Schurke sei. Besonders starken Eindruck
1587 2036 2722 2089 Dr. Theodor Schmidt, der Präsident der Vereinigung der Tages¬
410 2058 1551 2111 machte es, als Bundeskanzler Schober hervorhob, wie
1598 2080 2725 2139 zeitungen Kommerzialrat Fliegel mit dem Vizepräsidenten
427 2100 1542 2161 sehr dieses Land durch den Frieden von Saint=Germain ge¬
1587 2125 2727 2178 Kommerzialrat Kutschera und Direktor Roth, Regierungsrat
410 2147 1553 2206 troffen sei und wie sehr das Volk sich schuldlos fühlen müsse
1587 2172 2727 2220 Professor Dr. Dörfler, Kommerzialrat Benno Lie, Frau Adele
413 2195 1542 2256 an dem Ausbruch des Krieges. In der Rede des Präsidenter
1587 2217 2722 2278 Strauß, Sektionschef a. D. Wilhelm Weckbecker und viele andere.
413 2242 1548 2301 Lipschutz war besonders sympathisch das Wort: Wir
1673 2259 2722 2323 Aus der Bank= und Industriewelt: Präsident Heinsheimer des
416 2290 1551 2345 wollen keine Schranken für die Preßfreiheit, aber wir wollen
1587 2309 2727 2376 Wiener Bankvereines, Präsident Kraßny=Krassien der Eskompte¬
413 2340 1542 2390 keine schrankenlose Presse. Ebenso auch, daß er es bedauerte
1587 2356 2719 2421 gesellschaft, Präsident Langer des Gremiums der Wiener Kauf¬
416 2387 1542 2440 daß die Exzesse einzelner Schädlinge dem ganzen Journalisten¬
1587 2404 2727 2462 mannschaft, Direktor Lechner der Creditanstalt, Direktor Prager der
410 2426 929 2510 stande zugeschoben würden.
1590 2446 2725 2499 Länderbank, Präsident Reif der Produktenbörse, Generaldirektor
508 2462 1551 2541 Die Wahl der neuen Ehrenmitglieder Arthur
1587 2496 2727 2549 Reismann der Internationalen Unfallversicherung, Direktor
413 2504 1548 2585 Schnitzler und Dr. Karl Schönherr hat einem längst¬
1592 2543 2727 2599 Oppenheim der Eskomptegesellschaft, Direktor Prager des „Kom¬
410 2568 1553 2635 empfundenen Wunsche entsprochen, der Schätzung, der Ver¬
1604 2594 2722 2649 paß“, Generaldirektor Dr. Schlesinger des „Phönix“, General¬
418 2613 1551 2669 ehrung gegenüber diesen Meistern des Schrifttums, deren
1606 2638 2733 2700 sekretär Dr. Schwarz der Ersten Oesterreichischen Sparkasse,
418 2660 1551 2716 Macht freilich seltsamerweise gerade an den Toren des
1601 2686 2730 2741 Generaldirektor des „Anker Dr. Schwoner, Direktor Dr. Sokal
413 2702 1553 2764 Burgtheaters zu enden scheint. Diese Erinnerung daran, daß
1598 2736 2725 2789 des Giro- und Kassenvereines, Präsident Arthur Stern des
418 2750 1559 2817 die „Concordia“ nicht nur ein Journalistenverein, sondern
1601 2769 2722 2842 Bundes der Filmindustriellen, Präsident Julius Stern der Börsen¬
413 2794 1545 2856 auch ein Schriftstellerverein ist, war höchst zeitgemäß
1592 2825 2727 2881 kammer, Handelskammerpräsident Tilgner, Direktor Turnauer
427 2853 1556 2903 ja es wäre vielleicht zu wünschen gewesen, daß dieses
1587 2872 2727 2939 vom Bankverein, Präsident Oberkurator Vinzl, Generaldirektor
418 2892 1548 2945 Moment in den Reden stärkere Betonung finde. So
1587 2923 2588 2990 Weißenstein der Ersten Unfall= und Schadenversicherung.
418 2934 1551 2998 hätte wohl mit einem Worte erwähnt werden können,
1670 2959 2727 3034 Die Feier wurde mit einem Vortrage des unter Leitung des
413 2978 1553 3037 welche geschichtliche Bedeutung das Wiener Feuilleton
1590 3012 2722 3079 Chormeisters Ferdinand Großmann vom Wiener Männergesang¬
404 3023 1551 3093 besitzt und welche erleuchteten Meister diese Gattung zu
1590 3065 2725 3121 verein gesungenen Chores „Oh, Schutzgeist alles Schönen“ aus der
410 3084 1548 3135 einer Höhe emporgehoben haben, die heute erst in ihrer
1587 3115 2722 3176 „Zauberflöte" eingeleitet. Hierauf begrüßte der Präsident des
413 3109 1548 3182 ganzen kulturhistorischen Wichtigkeit erkannt ist. Um so
1601 3160 2727 3215 Journalisten= und Schriftstellervereines „Concordia“, Leopold
407 3165 1551 3235 mehr hat es Genugtuung erweckt, daß der Präsident darauf
1592 3201 2725 3257 Lipschütz, die Festgäste und gab ein übersichtliches Bild der
1587 3252 2722 3310 Entwicklung des Pressewesens in den letzten siebzig Jahren. Er
1598 3302 1958 3377 sagte unter anderm:
404 3307 1559 3402 Auch Dein STRICHKLEID kauf bei IITHER
1804 3349 2527 3452 Die Rede des Präsidenten.
1679 3422 2725 3486 In der Schiller-Woche wurde die „Concordia“ gegründet,
418 3450 1551 3522 hinweisen konnte, die „Concordia“ werde imstande sein, ihre
1598 3475 2722 3539 ihren Namen entlieh sie den Schlußworten der „Glocke". Franz
416 3511 1556 3578 sozialpolitischen Leistungen, ihre Leistungen zugunsten der
1592 3525 2727 3572 Schuselka wurde ihr erster Präsident und im Vorstande saßen
410 3553 1551 3617 alternden Journalisten — ein Werk, dessen Grundstein
1598 3570 2730 3620 Heinrich Laube und der feurige Michael Etienne, der
410 3600 1545 3684 bekanntlich von Moriz Benedikt gelegt wurde — zu
1604 3609 2716 3667 spätere Herausgeber der „Neuen Freien Presse". Dieser Grün¬
1592 3650 2725 3715 dungstag der „Concordia" war zugleich der Geburtstag der
427 3662 586 3729 steigern.
513 3662 1551 3754 Im ganzen war die Empfindung während der Feier
1598 3695 2727 3756 modernen österreichischen Publizistik, von da an begann ihr Auf¬
418 3729 1545 3798 lebendig, daß schon durch die Anwesenheit des Bundes¬
1609 3743 2736 3801 stieg, ihr gewaltiger Aufschwung. Wir können uns in die früheren
683 3787 1545 3848 des Bundeskanzlers und des Bürgermeisters
1606 3790 2727 3848 Zustände kaum mehr hineindenken, denn wir haben Preß¬
416 3787 636 3857 präsidenten
413 3835 1548 3890 die große Bedeutung der „Concordia“ ins hellste Licht gesetzt
1615 3840 2730 3899 freiheit. Freilich, gerade die Preßfreiheit verlangt von uns
416 3876 1548 3938 worden ist. Der Bundespräsident Miklas hat durch den
1592 3882 2722 3946 das größte Taktgefühl und bürdet uns eine hohe Verantwortung
413 3924 1553 3982 Wunsch nach einem Zusammenklang der Herzen, durch seine
1592 3938 2730 3985 auf. Wir selbst sind für eine Presse ohne Schranken, aber wir
1604 3971 2730 4033 sind nicht für eine schrankenlose Presse. (Laute Zustimmung.)
413 3974 1545 4049 von einstimmigem Beifall begleitete Rede einen Grundton ge¬
1598 4021 2725 4074 Niemand bedauert es mehr als wir, wenn einer aus unseren
421 4021 1155 4097 geben, der nicht vergessen werden darf.
1598 4060 2725 4116 Reihen sich etwas zuschulden kommen läßt, denn wir haben es zu
678 4083 1308 4180 Der Verlauf der Feier.
1598 4111 2725 4169 büßen. Jede Verirrung, jede Ausschreitung wird dem ganzen
1604 4158 2719 4205 Stande angelastet. Wir haben ein malheuröses Meter. Wir
1012 4158 1263 4244 ne
