3392 4320
362 233 1022 344 Miscellaneous
1204 225 1633 338 box 42/4
387 611 1010 733 NY Herald Tribune
1249 884 1759 1024 BOOKS
1892 899 2542 1052 ABRAD
1633 2724 2117 2813 Books are a luxury
1923 2829 2700 2892 writer who has a real story-telling gift, can
223 2799 1848 2941 The Writer and His Daily Bread
1921 2886 2700 2941 even in these difficult times, by publishing
1914 2930 2702 2985 his books first in a newspaper or magazine
1923 2979 2696 3032 and then in book form, earn as much as
356 2965 866 3048 By ROY TEMPLE HOUSE
1062 2969 1852 3056 their livelihood in some other fashion, at
1916 3028 2696 3078 will suffice for modest needs. Since the in¬
1073 3042 1852 3090 that moment they will stop writing, except
231 3044 979 3123 Editor of the international book review
1916 3062 2696 3121 flation left him without means, and since
1075 3084 1844 3143 when they have something to say. Litera¬
364 3113 830 3181 quarterly "Books Abroad
1910 3115 2698 3167 his older works at present bring him little
1073 3129 1611 3191 ture will thus gain in quality.
1919 3171 2696 3220 or nothing, because very few persons buy
1135 3173 1338 3244 Sincerely,
1411 3175 1803 3250 LEON LEMONNIER.
227 3165 1004 3236 MY editorial capacity I receive a
1921 3206 2700 3258 books nowadays, he dare not get sick, and
289 3234 990 3285 great deal of European mail. Every
1101 3228 1848 3303 The disappearance of literature as a pro¬
1910 3254 2700 3319 must, like the undersigned, work on into
219 3278 992 3333 few days of late I have been learning
1069 3291 1852 3349 fession, then, and the relegation of the
1921 3305 2145 3372 his old age.
208 3331 1010 3388 by letter or from the foreign press that¬
1069 3331 1848 3388 literary man to the amateur class. The
202 3368 992 3426 another Continental publishing company
1955 3351 2696 3428 Much worse than the situation of the
1067 3376 1834 3428 enterprising author of "Quarantième Etage
212 3408 996 3471 has gone to the wall. An old German pub¬
1908 3424 2688 3481 novelist is that of the dramatist. It is very
1062 3424 1840 3487 and various other books which sell widely
208 3459 996 3509 lishing house writes: "Have you any sug¬
1923 3461 2700 3515 possible, even likely, that a Heinrich von
1060 3473 1848 3527 in a dozen countries no doubt experiences
212 3503 992 3566 gestions as to how the American sale of
1914 3505 2696 3558 Kleist would go to his destruction if he
1062 3511 1846 3574 little direct inconvenience from the situa¬
208 3550 990 3602 our books can be stimulated? Germans
1921 3560 2688 3612 were living today, especially since the the¬
1062 3566 1850 3627 tion, but he has given thought to it. He
208 3602 994 3645 have almost completely stopped buying
1910 3600 2702 3655 aters have gone to the devil again (wieder
1056 3602 1160 3673 says:
208 3643 992 3691 books." The head of some of the solidest
1914 3649 2694 3712 einmal nicht Gottes, sondern des Teufels
1101 3653 1848 3724 "The deplorable conditions under which
208 3685 990 3732 German firms remarks in a burst of confi¬
1914 3693 2657 3762 sind). It is just as serious with the poets.
1060 3722 1840 3772 certain writers are forced to live certainly
202 3730 992 3786 dence that for the first time since his child¬
1064 3768 1848 3823 react unfortunately on their literary pro¬
1959 3746 2690 3823 "This is how things are today. Since
206 3778 994 3839 hood he could not afford a summer vaca¬
1062 3807 1222 3871 duction.
1362 3807 1838 3878 Very few writers of reputa¬
1921 3811 2702 3865 they are steadily growing more desperate, it
208 3821 992 3888 tion this season. A mild deprivation com¬
1067 3823 1848 3912 tion are suffering serious distress. But
1910 3859 2690 3908 may be worse next month. Before the war
212 3867 992 3932 pared to the case of the French novelist
1060 3900 1848 3954 many authors of merit have no reputation.
1921 3910 2698 3967 probably 60 per cent of our population
212 3914 1000 3979 who died of starvation a year or two ago
1198 3946 1844 4001 A distinction must be made among
1921 3954 2681 4003 were able to buy books and go to the the¬
206 3958 996 4019 and that of the once famous Czech drama¬
1056 3991 1838 4064 the different European countries. A very
1904 4001 2692 4052 ater. Now not 5 per cent can do so. Who
215 4005 992 4074 tist who is subsisting on charity. Books are
1060 4031 1840 4092 important consideration is always the num¬
1912 4033 2637 4096 knows how it will be by another month
202 4060 992 4108 a luxury, and everybody in central Europe
1060 4090 1844 4137 ber of individuals who speak or read the
212 4094 992 4145 who has lived from the making or the
1959 4090 2588 4167 How can conditions be improved?
1067 4130 1815 4185 the authoritation
2997 2718 3315 2813 Drawing by Alan
2803 2827 3319 2888 The alert and brillant your
2771 2884 3301 2938 Mit fremden Federn" and
2760 2928 3317 2987 Lianora" is full of sympathy a
2764 2973 2930 3042 He says:
2809 3044 3317 3119 Economic crises always hi
2764 3106 3311 3163 particularly hard. He belongs
2764 3163 3319 3216 gory of luxuries, with champ
2768 3206 3315 3258 facturers, light ladies and bote
2775 3248 3299 3305 one has any money now for
2768 3299 3319 3349 categories. There is the add
2764 3337 3305 3394 culty that since the war we
2762 3388 3311 3444 tirely new literature, and some
2758 3428 3309 3477 distinguished personalities of pi
2768 3475 3323 3533 ture have been unable or unwill
2764 3523 3311 3572 themselves to the new conditi
2768 3568 3313 3631 as a result living in the direst
2764 3616 3311 3673 of them are literally starin
2768 3665 3315 3718 way to help them is with mone
2758 3708 3127 3776 money. Very truly.
3070 3736 3311 3825 ROBERT NI
2801 3819 3264 3900 W. E. Süskind, whose
2758 3892 3252 3944 masterpieces Tordis" and
2758 3922 3317 4005 made him famous, regards the
2762 3971 3003 4052 very serious:
2799 4043 3313 4122 "The economic situation of
2758 4100 3313 4161 Germany is extremly disquiet
