3392 4320
2073 136 2434 206 RREN STREET
2101 186 2404 267 YORK CITY
1976 615 2214 761 Guild
1737 798 2268 901 Mears Fun List
1760 937 2258 1031 Subscribers
1784 1068 2392 1138 The Players Guild, which own its
1770 1122 2395 1169 retty theater on Sutter street near
1763 1164 2392 1206 teiner, has nearly reached goal set
1758 1199 2392 1242 or it by Stanley Macher, who
1747 1239 2392 1284 as labored unceasingly for two
1746 1268 2399 1322 years to establish an art theater in
1749 1308 2387 1352 San Francisco. He wants a the¬
1754 1347 2390 1390 ter that will have a season entirely
1753 1390 2392 1434 subscribed for before the curtain
1751 1415 2394 1472 goes up on the first of the fifteen
1749 1458 2401 1505 plays be proposes to present in
1758 1493 1995 1551 thirty weeks.
1749 1540 2270 1608 More Than 2000 Have
1751 1592 2207 1648 Already Subscribed
1782 1634 2392 1695 As the matter now stands there
1754 1686 2397 1728 are considerably more than two
1751 1725 2404 1770 thousand subscribers, with 3000 set
1754 1765 2401 1814 as the limit possible. A committee
1754 1798 2399 1840 of prominent people is heading a
1751 1831 2399 1873 final drive for members, and invi¬
1751 1868 2394 1916 ing the present subscribers to select
1754 1908 2399 1963 their seats for the season. Its mem¬
1758 1944 2392 1988 bers are Mrs. Florence P. Kahn
1754 1981 2392 2023 Mrs. Fremont Older, Mrs. Frank P.
1760 2016 2394 2059 Deering, Mrs. Powers Symington,
1758 2051 2401 2098 Howard Speckels, Joseph O. Tobin,
1758 2091 2402 2150 James A. Bacigalupi and Joseph D.
1754 2132 1885 2178 Grant.
1787 2141 2399 2206 If the drive fills the list of sub¬
1758 2204 2404 2249 scribers the house will be sold out
1760 2240 2404 2293 for the entire thirty weeks before
1760 2277 2094 2333 the season begins.
1800 2286 2395 2357 In connection with the theater
1763 2345 2406 2394 Machewee will conduct a free train¬
1767 2385 2404 2436 ing school for young actors. They
1767 2423 2401 2469 will not appear at the regular per¬
1760 2462 2402 2510 formances, because only professional
1763 2500 2406 2542 actors will be used. But the young
1760 2538 2411 2599 players will be given opportunity at
1767 2575 2070 2636 special matinées.
1763 2610 2270 2692 Comprehensive List of
1772 2674 2129 2737 Dramas Chosen
1796 2714 2413 2772 Machewees list of dramatists on
1767 2761 2411 2812 whose works he will draw for the
1767 2808 2413 2847 plays to be acted during the season
1763 2840 2406 2883 is a comprehensive one, and in¬
1767 2876 2413 2918 cludes the names of the most fa¬
1770 2906 2413 2955 mous playrights of the world. The
1767 2949 2404 2990 season will open early in September
1763 2988 2408 3031 Among the authors who will be rep¬
1763 3024 2408 3068 resented are Oscar Wilde, Alexander
1772 3061 2416 3103 Sergegevitch Pushkin, the Russian
1772 3098 2406 3146 pot and favorite Catherine the
1770 3134 2413 3183 Great; Arthur Schnitzler of Vienna;
1770 3171 2404 3216 August Stringberg, strange Scandi¬
1772 3209 2406 3251 navian genius; Luigi Pirandello
1770 3246 2416 3289 founder of the school of Grotesques
1770 3284 2408 3328 in Italy; Sach Guitry, popular
1770 3321 2413 3362 actor and playwright of Paris;
1772 3355 2402 3397 the Brothers Quinter and Jacin¬
1770 3392 2404 3434 to Benavente, representing Spain
1770 3429 2422 3474 Franz Werfel, author of the wird
1775 3467 2411 3517 Goat Song," and Gerhart Haupt¬
1767 3503 2420 3551 mann, distinguished dramatist of
1768 3542 1944 3585 Germany
1812 3561 2416 3620 Modern authors, such as Robert
1775 3610 2413 3666 Emmet Sherwood, Noel Coward,
1772 3653 2415 3692 Alan Alexander Milne, W. Somerset
1772 3686 2420 3730 Maugham, Frederick Lonsdale and
1772 3723 2416 3784 Philip Barry are also included in the
1812 3775 2413 3838 There will also be occasional bal¬
1770 3836 2416 3882 les and an opera or two, if possible,
1779 3875 2296 3923 to give variety to the season.
1814 3883 2422 3955 The prospect is alluring to the
1775 3944 2413 3990 lover of fine things in the theater,
1770 3986 2416 4021 and the two productions of the
1770 4021 2404 4064 spring, Lonsdale's "On Approval
1779 4059 2416 4098 and Edwin Justus Mayer's "Children
1779 4096 2416 4138 of Darkness gave earnest of care
1775 4131 2380 4174 in casts and decorations. G. C. W.
