3392 4320
331 219 999 340 Miscellaneous
352 915 944 1027 HET
387 999 905 1072 96 WARREN STREET
425 1054 878 1157 NEW YORK CITY
617 1154 819 1237 WORLD
247 1266 1081 1362 READER, Gustave Aldous, 440 Florence Avenue,
169 1303 1079 1402 Newark, N. J., raises the question of repe¬
288 1381 775 1434 tition in an authors work:
201 1411 1084 1491 Maria Lontoon most recent effort to denter
169 1466 1084 1539 the persecuted Jew stirred up the annoyance and
164 1529 1088 1580 impatience of the critics at this recurrent topic in
172 1573 1081 1626 his works. Michael Gold's attempts to portray
164 1612 1081 1680 Jewish life in New York in a great epic also elicits
171 1662 1077 1717 such responses. Arthur Schnitzler, Viennese artist,
167 1705 1082 1770 probably issued the proper retort to those critics
167 1760 1075 1806 who hounded him for occasional repetition of motif,
164 1792 1077 1849 He declared in substance: A painter may paint the
167 1838 1072 1904 same face, the same landscape, as many as a hun¬
164 1881 1079 1945 dred times and the world admires him for his evi¬
167 1936 1081 1996 dent attempts to attain perfection; yet let an author
167 1969 1072 2033 repeat his theme or some aspect of it but once and
156 2025 1072 2101 he is immediately condemned as a one theme
169 2074 633 2135 author lacking originality.
204 2087 1075 2188 Michael Gold will yet write an eple that is not
160 2145 1082 2218 tepid, Ludwig Lewisohn will some day succeed in
160 2209 1075 2265 presenting his admirers with an artistically perfect
165 2259 1081 2320 work that will be a monument to Jedom, Bear
164 2293 590 2364 with them, you critics"
196 2316 1074 2394 Critical irritation is out of place in any instance
180 2384 1079 2441 whether the author repeats his theme or not.
160 2425 1074 2488 Literature is filled with examples of author who
156 2478 1072 2545 had only one viewpoint, and one setting, and yet
169 2519 1075 2576 wrote memorable books. The Wesser novels of
155 2563 1072 2627 Thomas Hardy look out over the same beath, and
155 2616 1077 2675 do not suffer for that. Selma Lagerlof returns again
156 2666 1072 2721 and again to the landlords and peasants of Dalecaria
164 2709 1070 2766 and why not? Dickens may write about his Lon¬
156 2737 1072 2803 don time without end. What we evidently object
160 2792 1065 2858 to is repetition of theme and setting without any
160 2839 1072 2897 new contribution by the author. Viewpoint may
149 2890 1066 2952 remain the same fact, few men have time for
160 2931 1075 2999 more than one well-considered attitude in their
160 2974 1072 3040 lives. But the author cannot stand still and retain
149 3013 1066 3093 our respect he must, in some form or other, show
149 3072 1070 3128 an increased ability to fuse his ideas and his ma¬
156 3121 1072 3187 terial, just as the silversmith imposes new patterns
158 3157 599 3221 upon his familiar metal.
190 3203 1070 3262 Let us not forget that many books of fiction are
164 3242 1068 3311 actually autobiography and that the growth in
153 3304 1068 3359 power corresponds to the authors personal growth,
156 3347 1061 3404 to his command of himself and his understanding
156 3388 1066 3443 of his relation to the universe. It's a canny author
155 3434 1068 3518 who does not betray mself in his own inventions.
1184 235 1609 340 box 42/4
1244 887 1466 971 Seite 16
1964 882 2153 985 Sonntag
2695 910 3155 992 Neues Wiener Journal
2400 1011 3182 1077 Plato will in den vier Elementen der
2409 1058 3180 1120 erkennen, dessen Wandlungen sie sind. Bal
1541 1040 2041 1164 Tagebuch.
2409 1109 3166 1159 nachspürend, hat auch dieses ahnungsvoll
1742 1136 1836 1209 Von
2403 1150 3162 1216 „La Recherche de L'Absolu. Der Held 9
2401 1198 3139 1267 lebt in glücklicher Ehe mit Joséphing¬
1589 1180 1989 1269 Hermann Bahr.
2410 1248 3077 1312 polnischer Edelmann in ein Gesy
1298 1232 2373 1315 16. Februar. „Latinité“, eine von Jacques Reynaud
2409 1298 3061 1370 Materie verstrickt. Auf der Suche
1191 1287 2378 1367 geleitete Zeitschrift, ehrt den sechzigsten Geburtstag André
2412 1344 3050 1397 geudet er Hab und Gut, er wird
1193 1346 2373 1406 Gides durch eine Enquete, zu der nicht bloß Franzosen,
2405 1383 3056 1463 noch mit dem Worte des Archime¬
1193 1390 2375 1456 sondern Dichter vieler Nationen eingeladen werden, ihre
2409 1427 2775 1506 ich hab's gefunden!"
1193 1442 2378 1504 Stimmen sollen den Rang Gides ergeben. Robert Curtius
1186 1500 2380 1559 eröffnet den Reigen, er meint: „Wie Nietzsche hat auch André
1184 1534 2378 1596 Gide einen neuen Menschen entdeckt, einen bisher unbekannten
1187 1575 2369 1648 Bezirk der Seele, darum wirkt er über Frankreich hinaus,
2435 1506 3064 1664 Unter den Dächer
1178 1632 2380 1694 während Maurras und Claudel bloß in ihrem Vaterland
1182 1687 2373 1753 gewürdigt werden.“ Emil Ludwig bedauert, Gides Werk nicht
1187 1733 2377 1792 genug zu kennen, auch Kurt Tucholsky weicht aus und seinem
2501 1760 2613 1827 Es w
1178 1778 2361 1847 Beispiele folgen Döblin, Walter Harich und Georg Hermann
2401 1802 2613 1877 festes in de
1182 1829 2366 1893 Zu Gide bekennen sich Fink, Ebermayer, Brod, Leip, Lampel,
2396 1861 2616 1923 daß die Ka¬
1182 1872 2364 1934 Klemperer, Klaus Mann und Heinrich Mann, Rychner, Betzner,
2391 1911 2604 1968 zuerst von
1182 1918 2359 1987 Zarek und Sternheim. Fink rühmt Gides Mut, einen neuen Tor
2396 1955 2602 2016 sich als dur
1171 1978 2364 2033 anzuschlagen, der Dichtung ein neues Gesicht zu geben, Max
2391 2009 2599 2064 von weiter
1170 2019 2361 2085 Brod schreibt der Aufrichtigkeit Gides seinen gewaltigen Einfluß
2385 2049 2595 2113 daher, daß
1175 2073 2357 2121 zu, Klemperer hinwieder preist Gide als treuen Bewahrer der
2382 2099 2595 2160 Teil des
1170 2113 2353 2170 klaren, stillen und hellen französischen Form. Kerr, so sehr er
2387 2149 2602 2211 werden in
1166 2158 2359 2229 den Schriftsteller Gide bewundert, verdächtigt ihn eines heim¬
2501 2197 2586 2249 Gra¬
1164 2208 2359 2270 lichen Protestantismus, Nicolas Welter wittert in Gide einen
2391 2231 2551 2307 nobloch,
1166 2254 2588 2323 Amoralisten. Arnold Zweig bekennt, daß für ihn Stendal, Konsul Pr.
1170 2300 2586 2371 Flaubert und Zola samt Gefolge Anatole France und Romain Industrielle
2385 2353 2560 2425 v. Ballin,
1168 2348 2353 2421 Rolland die Führer bleiben; mich wundert, daß in der Reihe
2387 2393 2508 2444 Knaffl,
1168 2396 2352 2469 Balzac fehlt. Auch mir wurde die Ehre zuteil, befragt zu werden:
2387 2428 2577 2501 Schule Hel¬
1166 2448 2350 2512 ich pries Gide als den Schöpfer der „Nouvelle Revue française,
2481 2465 2568 2528 Ein
1161 2494 2574 2577 dieser Brücke zwischen Frankreich und uns. Daß tschechische bestrittene
1171 2542 2572 2616 Schriftsteller die Bedeutung Gides geringer schätzen als wir, ist und Sold
1166 2590 2350 2652 seltsam: Masaryk nahm an der Feier Gides nicht teil. Die Reihe
2380 2609 2568 2673 herzlichen
1161 2641 2574 2721 der italienischen Sprecher eröffnet Lorenzo Gigli, der Leiter der anderen
1161 2696 2350 2746 „Illustrazione del Popolo de Turin“, der eifrige Verkünder
2375 2707 2560 2771 der gemü¬
1170 2734 2343 2800 Gobineaus, für ihn hat die französische Dichtung kein Geheimnis,
2375 2755 2568 2816 daran, da¬
1154 2775 2341 2840 der Geist Gides gilt ihm für ungesund und höchst gefährlich, er
2373 2803 2567 2865 an der Ku¬
1157 2837 2570 2901 verkennt nicht, daß auch in Gide noch die glorreiche französische durch eine
1161 2878 2339 2951 Tradition nachwirkt, die klassische, doch Gide scheint ihm ver¬
2375 2897 2560 2960 Maler St.
1154 2919 2581 2993 dächtig, um jeden Preis von sich reden zu machen, er vergleicht Seite, und
1154 2972 2576 3063 Gide mit Alkibiades, der in derselben Absicht seinem Hunde den Band" vo
1157 3027 2529 3100 Schweif abschnitt. Und so faßt Gigli sein Urteil dahin zusammen: nehmen.
1145 3070 2334 3134 „Ich bewundere Gide, aber keineswegs den Gidismus, ich sehe
2467 3086 2567 3146 Selb
1150 3125 2563 3200 in Gide eine unvergängliche Mode. Wer keinen Glauben hat, des große
1148 3168 2330 3228 kann kein Meister sein.“ Diesem Urteil stimmt auch Luigi Tonell
2361 3180 2556 3247 das einge¬
1145 3215 2330 3269 zu, er verwirft Gides „egocentrisme exaspéré, jenseits von Gut
2366 3231 2558 3292 die mit F.
1143 3272 2334 3327 und Böse. Auch Alberto Consiglio sieht in Gide nicht den
2366 3276 2560 3338 die Grote¬
1150 3315 2551 3395 Schöpfer einer neuen Menschenart, sondern nur den „liquidateur wundert.
1143 3358 2330 3427 de tout un monde. Er meint, daß der sechzigste Geburtstag
2366 3372 2556 3434 insbesonde
1141 3399 2560 3484 Claudels oder auch des Maurras im Ausland niemals das Echo im Morge
1148 3455 2334 3516 fände, wie der Gides. Claudel und Maurras gehorchen durchaus
2361 3470 2547 3546 sehen am
1139 3509 2330 3560 der strengen logischen Tradition Frankreichs. Die Bewunderer
1145 3553 2330 3617 Gides wollen uns von allen sittlichen Grenzen befreien. Gide
1136 3601 2321 3667 will zwei Gegensätze vereinen: Latein und Deutsch. Corrad¬
2353 3603 2568 3729 den
1138 3649 2323 3708 Pavolini, Dichter hohen Ranges, zugleich auch Forscher, nennt
1139 3704 2332 3759 Gide einen Polemiker, dem die schaffende Kraft fehlt. Sein
1143 3742 2329 3806 Einfluß, wofern er sich über einen engen Clan hinaus erstreckt,
1130 3790 2329 3843 kann nur verneinen und schwächen. Guido Stacchini, ein beliebter
2464 3802 2568 3868 In
1143 3836 2323 3895 Erzähler, sieht in Gide einen großen Schriftsteller, nicht so
2350 3855 2574 3918 argentinisch
1132 3877 2323 3941 lyrisch wie Gabriele d'Annunzio, doch tiefer als Oskar Wilde.
2352 3903 2572 3960 hat zahlrei
1134 3928 2318 3987 Der ehrliche Mann der neuen Zeiten muß erst noch geboren
2348 3948 2568 4010 mehr als
1134 3983 2551 4046 werden, ihn vorzubereiten ist die Pflicht der Gegenwart. Guido Regierung
1134 4024 2556 4092 Manacorda gilt als das Haupt eine neuen Mystik, er bekennt, abgereist.
1127 4070 2318 4138 daß ihm André Gide unausstehlich ist. Pietro Mignosi, Professor
2345 4085 2558 4143 zuschläge b
1280 4117 2318 4184 Universität von Palermo, um den sich die katholische
2345 4131 2487 4184 Beträge
