3344 4320
147 275 279 380 1.
326 273 1018 395 Miscellaneous
1191 302 1619 390 box 42/4
1208 1473 1513 1566 Wien, Montag
613 1569 1736 1663 tung und Weltanschauung, Männer der Feder, die uns die öffent¬
606 1616 1737 1710 liche Meinung machen, dann ist es zwar gewiß ehrenvoll und oft
611 1673 1729 1749 recht wirksam, in diesem Kreise zu Worte zu kommen, aber auch
613 1720 1737 1808 ein wenig gefährlich. Doch fürchten Sie nicht, daß ich
608 1759 1730 1835 Sie jetzt auf ein gefährliches Gebiet führe, auf das Glatteis ge¬
608 1818 1736 1893 wisser Fragen, die zu erörtern einem Berufeneren zukommt. Ich
608 1852 1736 1929 freue mich ja, unter den illustren Gästen auch den Herrn
612 1903 1736 1978 Bundeskanzler hier zu sehen, der sozusagen rastlos, wie
609 1946 1736 2021 immer, mitten aus der politischen Werkstatt kommt. Seine
602 1989 1727 2066 aktive Natur wird ihn gewiß dazu drängen, uns Interessantes
602 2048 1723 2111 aus seiner Werkstatt zu erzählen, obwohl ich ihm gern gegönnt
603 2088 1732 2162 hätte, diese sonntägliche Stunde als wohlverdiente Ruhepause zu
602 2141 1729 2221 genießen. Es steht Ihnen daher gewiß noch ein hoher Genuß
593 2179 709 2247 bevor.
675 2215 1716 2304 Ich selbst aber möchte mich heute auf einen herzlichen Glück¬
596 2282 1723 2355 wunsch beschränken zur Jubelfeier Ihrer Vereinigung. Sie feiern
598 2319 1720 2395 deren 70. Jahrbestand. Für das Leben des einzelnen Menschen
593 2362 1719 2441 bedeuten 70 Jahre außerordentlich viel. Mit dem Siebziger be¬
591 2425 1726 2495 ginnt das Greisenalter, das fast nur mehr in der Erinnerung an
591 2461 1715 2535 das Vergangene schwelgt. Sie aber als Vereinigung wollen
588 2507 1709 2584 nicht, wie Großvaterchen, nur Rückschau halten in eine lange
582 2544 1720 2620 bewegte Vergangenheit, sondern auch der Gegenwart leben, ihren
585 2598 1720 2683 drängenden Aufgaben gerecht werden und trotz der 70 Jahre jung
588 2641 1705 2727 sein, mit Jugendkraft an der Zukunft bauen. Dazu beglück¬
585 2697 1118 2763 wünsche ich Sie vom Herzen.
669 2741 1705 2816 Ihre Vereinigung, die auch durch ihr humanitäres
581 2788 1719 2859 Wirken besondere Anerkennung verdient, führt den sym¬
583 2837 1713 2906 pathischen Namen „Concordia". Concordia heißt zu deutsch
589 2884 1709 2950 Eintracht. Aber das lateinische Wort besagt eigentlich viel
579 2933 1712 3004 mehr: Zusammenklang der Herzen. Guten Klang
581 2979 1706 3049 gibt es aber nur, wenn sie im Rhythmus der Liebe schlagen. Das
585 3023 1705 3090 ist es gerade, was unserer Zeit not tut. Welche Ge¬
586 3067 1697 3146 fühle löst dieses Wort in uns aus, welche Verantwortung, welch
573 3115 1700 3196 hohe Aufgabe, welches Ziel stellt es jedem von uns! Nicht in
579 3166 1696 3245 letzter Linie sei Ihnen, meine Damen und Herren von der Feder,
571 3220 1695 3283 „Concordia“, ernste Mahnung, täglicher Appell an das Gewissen,
582 3259 1699 3328 sei Ihnen Methode und Ziel in Ihrem beruflichen Streben und
571 3309 1697 3386 Schaffen, im geistigen Ringen um Wahrheit und Recht, um alles
571 3349 1699 3428 Gute und Edle, auf daß Concordia nicht ein schöner Traum
568 3402 1695 3475 bleibe in deutschen Landen, sondern Wirklichkeit werde und
563 3445 1695 3521 daß daraus erwachse Glück und Wohlfahrt unseres Volkes,
563 3502 1702 3571 wahre Freiheit und wahrer Frieden unseres
565 3546 1695 3615 Vaterlandes. Dies sei mein Herzenswunsch, mein Angebinde zu
566 3581 1276 3671 Ihrer Jubelfeier (Stürmischer Beifall.)
715 3648 1549 3734 Die Rede des Bundeskanzlers.
641 3732 1690 3811 Bundeskanzler Schober (mit stürmischem Beifall be¬
559 3779 1682 3851 grüßt) sagte unter anderm: „Herr Bundespräsident ! Eure
566 3827 1669 3904 Exzellenzen! Hochverehrliche Festversammlung! Die „Concordia
563 3867 1687 3948 feiert ihren 70. Geburtstag, und die Bundesregierung hat es
558 3921 1683 3988 für ihre selbstverständliche Pflicht erachtet, die Glückwünsche der
561 3971 1687 4047 Bundesregierung dem jubilierenden Verein heute aufrichtig und
561 4011 1676 4091 herzlich hier abzustatten. Diese Glückwünsche gelten vor allem
552 4055 1683 4134 der charitativen Tätigkeit der „Concordia". Die
556 4113 1686 4186 Tränen, welche die „Concordia“ getrocknet hat, sind so viele, daß
565 4156 1662 4236 sie ein Ehrenbuch der Liebe ausfüllen könnten. Sie sind aus
1991 1507 2631 1582 Neue Freie Presse
1779 1597 2927 1670 lichen Aufstieg zu schaffen. Diesem Zwecke sollen das
1779 1653 2910 1723 Verfassungswerk und andere Vorlagen dienen. Sie
1782 1705 2900 1785 können nur die Grundlagen bilden für die Wiederherstel¬
1782 1746 2903 1826 lung des Friedens in diesem Lande, für den
1780 1796 2896 1872 Frieden, auf dessen Boden allein die Wirtschaft
1776 1839 2897 1908 wieder wird gedeihen können. Und da komme ich zur
1775 1899 2893 1963 „Concordia". Die „Concordia muß uns dabei helfen, diese
1780 1935 2896 2012 Vereinigung von Männern der Feder, die in ihren Reihen so
1779 1978 2897 2058 viele militante Kämpfer aller Geistesrichtungen zählt, und die
1772 2022 2889 2101 wir bitten, vor allem diese Militanz zu betätigen in der Wieder¬
1776 2071 2891 2145 herstellung des Friedens im Lande und in der Verbreitung der
1765 2125 2894 2199 Wahrheit über Oesterreich im Ausland. (Stürmischer Beifall.)
1846 2169 2893 2247 Oesterreich hat eine lange Geschichte und viele berühmte
1763 2216 2894 2294 Männer hat dieses Land geboren. Aber trotzdem kommt es heute
1772 2267 2891 2329 noch vor, daß man elf Jahre nach dem Weltkrieg in Kreisen des
1766 2315 2889 2388 Auslandes, von denen man es gar nicht vermuten sollte, noch
1772 2362 2890 2422 immer nicht weiß, daß Oesterreich=Ungarn beider zugrunde¬
1767 2417 2889 2474 gegangen ist. Es gibt sogar im angelsächsischen Territorium Leute,
1767 2455 2890 2524 die glauben, daß Wien die Hauptstadt der Czechoslowakei
1767 2508 2891 2570 und Budapest die Hauptstadt von Rum nien ist. Wie
1770 2548 2883 2620 soll erst dieses Ausland dann unser heutiges
1763 2600 2880 2678 Oesterreich verstehen, wie schwer wird es ihm, unsere
1760 2638 2871 2707 Verfassung zu begreifen. Da muß ich wieder an die „Concordia“
1765 2684 2886 2754 appellieren. Einer ihrer Paladine, der heute hier begrüßt wurde,
1766 2733 2881 2803 Herr Dr. Ehrlich, schließt seinen heutigen Artikel in einer
1757 2783 2887 2860 großen Wiener Zeitung mit den Worten: Durch Wahrheit zur
1760 2826 2880 2899 Freiheit. Auch die Bundesregierung bittet Sie, beizutragen, daß
1756 2876 2874 2940 wir durch Wahrheit zur Freiheit kommen, daß
1759 2917 2881 2987 dieses Land sich entwickle, daß hier jeder nach seiner
1762 2966 2880 3032 Fasson selig werden kann. (Lebhafter Beifall.) Wenn
1752 3012 2874 3080 die „Concordia“ in zehn Jahren ihren achtzigsten Geburtstag
1767 3060 2876 3113 feiert, möge es unter einem glücklicheren Stern sein, als der es
1753 3109 2874 3162 ist, unter dem das heutige Oesterreich lebt, es möge in einem
1766 3166 2874 3219 freien und unabhängigen Oesterreich sein, das
1762 3205 2870 3262 seinen Platz, den es verdient, wieder gefunden hat. (Stürmischer
1756 3236 1892 3308 Beifall.)
1915 3280 2710 3379 Die Rede des Bürgermeisters.
1818 3368 2857 3445 Bürgermeister Seitz (mit lebhaftem Beifall und Hände¬
1735 3412 2860 3483 klatschen begrüßt) sagte unter anderm: Werte Festgäste! Wir
1743 3465 2863 3525 sind also mitten in der großen Politik, wenn auch noch nicht in
1745 3519 2859 3571 der Parteipolitik. Vielleicht mag manches Mitglied der „Concordia“
1729 3564 2860 3625 bei der Feststellung des Bundeskanzlers, daß das Wiener und das
1737 3605 2860 3679 österreichische Volk an diesem Kriege nicht schuld sei, ein wenig
1730 3655 2853 3717 gezückt haben. Richtig ist, daß dieses Volk an dem Kriege un¬
1735 3708 2853 3767 schuldig ist. (Zustimmung.) Heute wird vielleicht manches anders
1737 3761 2853 3811 geschrieben werden als vor 15 bis 20 Jahren, nachdem man die
1735 3802 2849 3860 Erfahrungen der letzten 15 Jahre gemacht hat. Wir sind aus
1729 3855 2857 3914 einem Staate des Elends und der Verzweiflung in diesen elf
1735 3894 2850 3954 Jahren doch um ein gutes Stück vorwärts gekommen. Wenn wir
1729 3941 2853 4001 in diese Zeiten zurückschauen und dann die heutigen Verhältnisse
1723 3987 2847 4054 betrachten, so können wir sagen, sie sind dank der Verfassung
1723 4034 2844 4084 und dank dieser harten Arbeit ein gutes, ja mit Stolz sei es ge¬
1729 4084 2844 4160 sagt, ein gutes Stück nach vorwärts gekommen. (Lebhafter
1729 4124 1863 4187 Beifall.)
2189 4163 2831 4239 schwere, eine düstere Zeit in der wir
1805 4170 2089 4236 R 1
2936 2325 3017 2380 szeni
2930 2370 3023 2428 künst¬
2930 2415 3026 2475 wen
2926 2461 3026 2521 theat
2924 2508 3026 2588 kasse
2926 2676 3022 2786 Be¬
2917 2844 3017 2920 nist
2926 2910 3012 2967 bruch
2927 2952 3022 3014 führe
2919 3003 3004 3062 ihre
2919 3036 3026 3109 zie
2910 3096 3024 3149 einer
2911 3143 3010 3195 min
2920 3189 3019 3248 zieht
2911 3238 3014 3298 Halt
2909 3283 3007 3355 Ver¬
2904 3330 3010 3401 wür
2906 3462 3007 3558 Er
2887 3851 2966 3905 bu¬
2880 4166 2963 4227 hiel
