3344 4320
172 343 305 447 11.
358 334 1033 447 Miscellaneous
1211 340 1640 444 box 42/4
1702 826 2211 935 Neues Wiener Tagblatt
929 847 1246 941 Wien, Freitag
172 1024 2510 1137 Die Berühmtesten Gesterreichet.
542 1148 2096 1264 Das Ergebnis unseres Preisausschreibens.
222 1246 2528 1332 Das Preisausschreiben des „Neuen Wiener Tag=hohen Auszeichnung, die unsre Regierung jetzt schaffen
1353 1323 2522 1382 will und die ihnen nach dem Urteil eines weiten
151 1326 1323 1394 latts", jene 24 österreichische Bundesbürger, zwölf
1356 1370 2522 1427 Kreises ihrer Landsleute gebühren soll. Es ist ein
157 1379 1326 1436 sir die Gruppe der Kunst, zwölf für die Gruppe der
151 1415 2528 1477 Wissenschaft, aufzuzählen, die des Ehrenzeichens Urteil, geschöpft aus dem Empfinden der Masse, ge¬
1353 1459 2528 1524 fällt von der Volksstimme, aber es kann auch vor der
160 1474 1320 1530 ser Kunst und Wissenschaft am würdigsten erscheinen
1347 1513 2522 1590 Kritik der Sachverständigen auf jedem Gebiete, das hier
157 1524 1323 1587 sat eine außerordentlich starke Beteiligung in unserm
1356 1560 2066 1640 in Frage kam, in E en bestehen.
160 1575 574 1652 Leserkreis gefunden.
1442 1592 2531 1664 Im übrigen: nicht nur die Liste jener
231 1587 1323 1669 Wir veröffentlichen im nachstehenden das Ergebnis
1350 1646 2525 1720 24 Männer, deren Namen in den Zuschriften unsrer
157 1669 1323 1726 ser Stimmenzahlung, wobei die einzelnen Namen nach
1353 1696 2483 1758 Leser am häufigsten wiederkehren, ist interessant
154 1711 1329 1788 der Zahl der auf sie entfallenden Stimmen gereiht sind:
1350 1746 2531 1806 interessant ist auch, welche andern Persönlichkeiten eine
465 1785 1003 1877 Gruppe der Kunst.
1350 1797 2531 1859 mehr oder minder beträchtliche Stimmenanzahl auf sich
1344 1841 2525 1906 vereinigten, interessant, welche Namen überhaupt ge¬
222 1844 817 1930 Dr. Karl Schönherr,
1347 1894 1672 1968 nannt wurden.
228 1918 832 1974 Dr. Artur Schnitzler,
1436 1909 2525 2001 Da sei zunächst mitgeteilt, daß nicht weniger als
237 1960 861 2031 Dr. Anton Wildgans,
1338 1989 2525 2057 230 Künstler und 278 Wissenschaftler für die
228 2013 823 2069 Dr. Wilhelm Kienzl,
1344 2039 2531 2096 neue Auszeichnung vorgeschlagen wurden — ein Teil von
228 2054 921 2119 Professor Josef Hofmann,
1338 2081 2534 2143 ihnen allerdings mit Unrecht, da dieser von allem Anfang
222 2108 855 2164 Professor Anton Hanak,
1344 2131 2528 2202 an nach den Bedingungen unsres Preisausschreibens
225 2164 906 2223 Professor E. W. Korngold,
1338 2179 2528 2247 oder nach den Bestimmungen des Gesetzentwurfes bei
225 2202 696 2264 Hermann Bahr,
1341 2226 2531 2288 unsrer Zählung außer Betracht bleiben mußte. Unsre
225 2253 719 2312 Julius Bittner,
1344 2273 2534 2335 Preisfrage war nur auf Oesterreicher be¬
231 2300 844 2359 Karl Franz Ginzkey,
1344 2315 2531 2383 grenzt. Die zahlreichen Stimmen, die für den größten
231 2330 1196 2409 Professor Dr. Klemens Holzmeister,
1347 2371 2528 2427 lebenden Komponisten dramatischer und symphonischer
225 2404 1021 2475 Professor Arnold Schönberg.
1344 2421 2534 2483 Musik Richard Strauß, der in München, und
376 2448 1107 2549 Gruppe der Wissenschaft.
231 2534 1329 2614 Professor Dr. Julius Wagner=Jauregg,
228 2602 1098 2658 Professor Dr. Anton Eiselsberg,
231 2649 1119 2720 Professor Dr. Richard Wettstein,
231 2694 1074 2750 Professor Dr. Siegmund Freud,
228 2738 1222 2809 Sektionschef a. D. Dr. Wilhelm Exner,
231 2791 941 2853 Professor Dr. Hans Kelsen,
231 2836 1051 2895 Professor Dr. Eugen Steinach,
482 2892 1063 2966 Dr. Oswald Redlich,
228 2889 438 2951 Professor
231 2933 989 3001 Professor Dr. Hans Molisch,
234 2990 956 3043 Professor Dr. Adolf Lorenz,
231 3004 1131 3093 Professor Dr. Julius Hochenegg,
228 3075 1054 3132 Professor Dr. Julius Tandler.
234 3111 1329 3182 Natürlich sind in keiner der an uns gelangten Zu¬
1009 3173 1341 3238 Künstler und
154 3146 980 3253 schriften sämtliche der hier genannten
142 3226 1338 3280 Wissenschaftler aufgezählt. Infolgedessen mußte der
992 3271 1338 3336 werden, dessen
148 3277 962 3333 Preis jenem Einsender zugesprochen
148 3315 1338 3377 Vorschlag diesem Ergebnis am nächsten kommt. Die beste
1000 3368 1338 3431 die 18 Namen
139 3368 974 3425 Lösung stellten jene Vorschläge dar,
139 3413 1338 3472 der oben angeführten Liste verzeichnen. Da in mehreren
139 3466 1335 3522 Einsendungen diese Höchstzahl erreicht wurde, mußte das
142 3519 1341 3576 Los entscheiden. Der von uns ausgeschriebene Preis von
148 3573 551 3644 500 S entfiel auf
480 3608 1009 3694 Dr.-Ing. Hans Graber,
1400 3596 1835 3747 Gefahr!
521 3673 968 3750 9. Bezirk, Seegasse 23.
1400 3730 2483 3854 für die Gesundheit Ihrer Kinder!
240 3780 1258 3875 Aus den Vorschlägen unsrer Leser.
1560 3836 2480 3910 Die widerwärtigen Fliegen sind grosse Quäl¬
249 3869 1350 3943 Es war keine leichte Aufgabe, die wir unsern
1578 3892 2478 3960 geister im Dasein des Kindes. Durch Verun¬
148 3919 1347 3987 Lesern gestellt haben; aus der großen Schar der be¬
1572 3946 2486 4002 reinigung und Vergiftung der Nahrung rufen
151 3969 1350 4034 rühmten Oesterreicher, die berühmtesten zu erwählen,
1575 3990 2489 4040 die Fliegen ernste Krankheiten beim Kinde
151 4020 1347 4079 gerade jene zwölf Künstler und jene zwölf Wissen¬
1575 4037 2478 4106 hervor und werden so zu einer wahren Kin¬
160 4067 1347 4126 schaftler, die des neuen Ehrenzeichens für Kunst und
1572 4088 2211 4153 derplage. Zerstäuben Sie Flit!
151 4117 1350 4171 Wissenschaft am würdigsten erscheinen. Ueberblickt man
1578 4097 2480 4182 Flit tötet Fliegen, Motten, Gelsen, Wanzen,
148 4171 1326 4239 das — an der Spitze unseres Blattes veröffentlichte -
1566 4171 2486 4239 Flöhe, Küchenschaben, Ameisen, Holzwürmer
204 4206 1341 4259 rachnis unsres Preisausschreibens, so muß man
1578 4221 2469 4277 etc. samt Brut. Flit-Zerstäubung ist unschäd
2682 829 3070 935 15. August 30
2540 932 3330 1009 andern Theaterleitern: Dr. Beer, He
2546 1003 3303 1054 Schneiderhan. Von Opern= und
2546 1042 3333 1101 Marie Jeritza und Lotte Lehmann
2546 1098 3333 1151 Richard Mayr, Schmedes, Piccave¬
2546 1148 3321 1211 Bleibtreu und die Medelsky, die
2540 1190 3330 1243 Niese, Heine und Hartmann, Thaller
2546 1240 3333 1294 Roland und Else Wohlgemut, Klitse
2552 1288 3303 1359 Dirigenten Clemens Krauss und
2549 1317 3330 1394 Virtuosen Huberman, Kreisler,
2546 1385 3034 1459 und Moritz Rosenthal.
2640 1391 3333 1489 Wie gesagt, alle diese Namen
2563 1453 3306 1530 Stimmenzahlung beiseite gelassen
2554 1524 3321 1587 blieben dann noch immer an die
2554 1566 3336 1631 rühmtheiten, die richtiger
2560 1622 3336 1675 Lesern als Kandidaten für das neue
2557 1661 3333 1726 gestellt wurden. Nach den 24 „Siege
2552 1717 3333 1770 Liste von Dichtern und Musikern,
2552 1764 3333 1820 und Architekten, von Gelehrten aus
2554 1809 3309 1868 Wissenschaft, die der Auszeichnung
2554 1859 3309 1918 wurden. Für die Gruppe „Kun
2563 1909 3324 1965 geschlagen, nach dem Stimmende
2557 1957 3333 2028 Oskar Kokoschka, der Bildhauer Hell
2557 2004 3315 2060 Rudolf Hans Bartsch, der Komp
2560 2057 3321 2113 Alfred Roller, Hans Bitterlich, de
2563 2099 3315 2155 Dichter Emil Ertl, der Architek-
2560 2149 3315 2202 Medailleur Marschall, Felix Salten
2552 2196 3312 2250 Blümelhuber, der Maler Jehudo C
2560 2247 3315 2312 Erika Handel-Mazzetti, Max Me
2552 2285 3306 2365 Richard Beer=Hofmann, Ernst D
2560 2341 3268 2412 Paula Grogger, der Komponist
2560 2383 3312 2445 Berg, Architekt Oerley, der Ma¬
2554 2439 3315 2495 der Komponist Oberleithner, Richa
2554 2486 3306 2543 Müller, Rudolf Greinz, Mirko Je
2557 2540 3309 2611 Auch der Operettenkomponisten w.
2552 2584 3229 2646 Neben Lehar, den wir schon
2560 2623 3303 2685 Emmerich Kalman, gleichfalls ein
2560 2676 3315 2762 dann Oskar Straus, Edmund Eys
2560 2735 3055 2800 städten und Leo Ascher.
2649 2759 3309 2836 In der Gruppe der Wissen
2552 2824 3321 2886 den Siegern am nächsten der Ge¬
2560 2862 3300 2924 Nobelpreisträger Professor Dr. F
2563 2916 3300 2972 Individual psychologe Alfred Adler
2552 2966 3303 3016 Redlich. Besonderer Popularitäte
2552 3007 3303 3084 den Zuschriften hervorgeht, beg
2552 3055 3238 3114 medizinischen Koryphäen.
2552 3081 3303 3176 Anzahl von Stimmen wurden bed
2557 3146 3309 3206 Ernst Finger, der Röntgenolo
2552 3200 3215 3253 Bakteriologe Rudolf Krauß,
2560 3241 3297 3315 Chvostek, die Chirurgen Professor
2557 3289 3297 3345 Burkhard Breitner, der Otolog
2557 3333 3300 3410 Neumann, der Laryngolog Professe
2560 3380 3297 3437 mologen Professor Ernst Fu
2557 3434 3297 3493 Meller, ferner die Professoren Hal
2563 3475 3297 3555 Von Juristen begegnen wir an
2563 3522 3300 3570 Otmar Spann, Gleispach, Sperl
2554 3564 3297 3620 und Ehrenzweig. Der Altbundes
2557 3608 3297 3662 Hainisch wird ob seiner Betätig
2563 3647 3292 3712 schaftler, seine Mutter Mariann
2557 3697 3297 3756 würdigste Frauengestalt unsrer R
2560 3744 3289 3801 dienstvolle Vorkämpferin für die
2560 3786 3292 3845 bundeskanzler Dr. Seipel in seiner
2557 3830 3292 3901 fessor der Moraltheologie für die
2557 3881 3297 3943 geschlagen. Aus der Fülle der Nam
2557 3940 3300 3987 in den uns zugegangenen Listen¬
2560 3969 3289 4032 herausgegriffen: der Historiker D
2557 4014 3294 4091 Oberhummer, der Vater der Par
2560 4061 3297 4123 hove-Calergi, Professor Karl Bi¬
2560 4114 3286 4171 Reininger, die technischen Profe
2560 4159 3292 4212 Karl Hochenegg, Max Reithoffer
2554 4206 3297 4262 Ferstel, der Unterrichtsminister un
3001 4251 3244 4292 die Theol.
