3344 4320
228 267 980 390 Miscellaneous
1149 281 1581 390 box 42/4
832 801 1303 896 Neues Wiener Journal
1802 804 2083 903 4. Mai 1930
2603 797 2852 896 Nr. 13.053
102 808 302 910 Sonntag
112 885 495 976 chende Sonne über
1700 882 2891 973 Gestalt, das Gesicht mit dem weichen Mund und den schwer¬
137 962 485 1015 Nibelungenstromes
1704 966 2894 1015 mütigen Augen, die Bewegungen, alles behutsam zögernd, ver¬
116 1005 488 1064 leine mittelalterliche
1707 1012 2901 1071 schleiert, schüchtern, leicht feminin. Seiner Schwäche bewußt,
548 952 861 1103 WECHS
934 1001 1658 1110 Tagesgespan
116 1057 488 1113 en von den Höhen
1700 1057 2891 1106 beneidete er männlich zugreifende, willensstarke Naturen und
119 1099 488 1166 Sonne ins Unwirk¬
1693 1096 2894 1159 meinte lachend: „Ich möchte ein schneidiger, eleganter Herren¬
1040 1089 1177 1187 ist die
109 1145 488 1212 Montalwatsch auf.
1704 1152 2894 1219 reiter mit viel Muskelkraft und wenig Denkvermögen sein,
973 1163 1370 1250 wegen Auflassung
105 1194 495 1257 erhellen die Straßen
1700 1198 2814 1279 dem die Gunst schöner Frauen mehr lächelt als dem Dichter."
969 1229 1461 1321 des Strickwaren-Lagers
112 1240 488 1296 ber, schwarze Hügel
116 1293 488 1349 Eine Fähre nimmt
1563 1282 1672 1356 3.90
969 1289 1479 1380 Seidenbluse . . . . . .
105 1338 492 1398 m, der schwärzlich
1546 1345 1672 1416 12.80
976 1352 1437 1433 Golf-Jacke .....
109 1384 495 1440 nimmt eine immer
537 1377 892 1493 Einige Beispiele:
1897 1275 2712 1493 Vom Propeller gelöset.
1570 1405 1665 1489 1.90
976 1405 1535 1493 Badeanzug . . . . . . .
105 1437 492 1493 gute Namen klingen
105 1472 492 1542 gegen den der Wagen
1767 1447 2835 1556 Zwei Flugzeugpassagiere infolge eigener Unvorsichtigkeit
102 1517 488 1584 ne Mauer schneidet.
534 1489 1661 1595 GUMPENDORTER STRICHANTABRII
2188 1531 2420 1602 verunglückt.
98 1574 488 1637 raßenlaternen blitzen
980 1581 1665 1640 Wien, VII., Kaiserstraße 68
2339 1556 2856 1651 Berlin, 3. Mai. (Wolff.)
112 1619 495 1686 ßigter Fahrt dahin,
1809 1612 2894 1690 Durch eigene Unvorsichtigkeit kamen am heutigen Abend
980 1633 1661 1697 Wegen des Riesenandranges bitten wir
123 1665 488 1739 begrüßen die erste
980 1679 1665 1725 für Einkäufe den Vormittag zu wählen.
1714 1658 2894 1739 zwei Flugzeuggäste, und zwar Walter Bartelnes auf dem Flug¬
1707 1728 2898 1777 platz Chemnitz und eine Frau Hartnack auf dem Flugplatz
102 1732 485 1830 dem Wagen steigen
1707 1774 2901 1830 Tempelhof ums Leben. Im ersteren Fall sprang der Fluggast
102 1812 492 1872 r brave Renner in
1707 1823 2898 1869 nach Abschluß eines Rundfluges, als das Flugzeug bereits
98 1851 492 1918 hundert Landschaften
1711 1869 2901 1921 wieder vor dem Flughafengebäude anhielt, unvorsichtigerweise
541 1851 2898 1988 heen, Johann Sie beim Aussteigen nach vorn und wurde dabei von dem im Ver¬
98 1900 488 1981 nisse. Romantik des
1707 1956 2901 2009 lauf befindlichen Propeller getroffen und getötet. Im zweiten
1714 2006 2905 2058 Fall lief die genannte Dame, nachdem sie mit einem Schnell¬
1718 2051 2901 2108 flugzeug, von Dessau kommend, in Tempelhof gelandet war,
660 1946 878 2150 und
1005 1949 1272 2150 .
1338 1942 1602 2150 über.
1707 2100 2898 2153 anstatt hinten um die Maschine herum zu gehen, nach vorn und
1711 2146 2908 2199 kam infolge ihrer Unachtsamkeit in den Bereich des leerlaufenden
537 2118 1658 2220 Interessante Begegnungen im Wien der
91 2072 334 2252 Molige
899 2192 1303 2266 Vorkriegszeit.
1714 2192 2677 2269 Propellers. Sie wurde getroffen und war sofort tot.
1050 2252 1156 2322 Von
608 2343 1697 2417 Ein in vieler Beziehung bemerkenswertes Memoirenbuch
91 2360 274 2448 ten sind.
506 2374 1697 2466 führt uns in das Wien der Vorkriegszeit, in die gute alte
2125 2308 2483 2487 Tagebuch.
137 2413 457 2501 Rom, 3. Mai.
506 2452 1697 2508 Gesellschaft, das künstlerische Leben der Kaiserstadt vor dem
2255 2469 2350 2550 Von
88 2483 1700 2557 rzlich durchgeführten Kriege. Es ist die Autobiographie der Schriftstellerin Hermine
95 2536 485 2596 über den Marches
2093 2522 2511 2603 Hermann Bahr.
513 2547 1697 2606 Hanel, die eben unter dem Titel „Die Geschichte meiner
84 2582 485 2645 s Leben eines Tage¬
1805 2561 2898 2645 24. April. Monarchisten gibt es auch heute noch, ihre
516 2599 1697 2655 Jugend“ im Leipziger Kohler- und Amelang=Verlag erscheint
91 2634 2898 2701 der Konfinierungs= und wegen der zahlreichen Reminiscenzen an altösterreichische Zahl wächst, es fehlt ihnen nur überall der Monarch. Der letzte
1711 2684 2901 2743 König, der es nicht bloß dem Namen nach war, sondern auch in
95 2687 1686 2747 über einen zweiten Persönlichkeiten auch in Wien auf großes Interesse stoßen wird
91 2726 492 2803 die Konfinierung für
1714 2733 2905 2789 seiner ganzen inneren und äußeren Haltung, ist Ludwig II. In
604 2743 1693 2799 Nach einer romantischen Kindheit im alten Prag, die im
1721 2789 2901 2845 seiner strahlenden Gestalt scheint der Roi Soleil noch einmal
502 2764 1682 2845 Zeichen des Kampfes um die Freiheit und gegen Bevormundung
513 2828 2898 2891 stand, erringt Hermine Hanel, früh zur Waise geworden, ihre wiederzukehren, zur Vollendung fehlen dem Bayer nur Richelieu
509 2880 2898 2933 innere Selbständigkeit. Der angehenden Künstlerin gelingt es und Mazarin, die Statthalter seiner Macht. Bismarck, der an
506 2926 2898 2982 bald, den Anschluß an die Kunstkreise zuerst in München und Ludwig, schon als dieser noch Kronprinz war, „einen von seiner
1721 2979 2894 3031 Zukunft erfüllten Sinn“ erkennen zu dürfen meinte, hätte das
506 2979 1690 3042 dann in Wien zu finden. In Wien schloß Hermine Hanel sich
81 2866 397 3066 lerinnen
1721 3021 2894 3084 Format zum Erzieher so reiner Gaben gehabt, doch ihn riefen
509 3024 1690 3084 innig an Johann Chlumecky an, dem sie die kürzlich verstorbene
509 3073 2898 3126 Tochter einigermaßen zu ersetzen verstand. Chlumecky gehörte andere Pflichten, auch war dem Preußen der Sinn der
1707 3126 2901 3175 österreichisch=bayrischen Stammesart immer befremdlich, er
509 3123 1686 3186 zu den treuen Paladinen des Kaisers, die bereits wußten, das
502 3161 2898 3224 das Reich nach dem Tode ihres Herrn auseinanderfallen würde, witterte, daß ihr eingeboren ist, aller Führung zu widerstreben;
77 3168 432 3277 und der prämiierte
1711 3221 2901 3274 sie verneint gern und gar zur Anerkennung der Taten des
506 3217 1686 3284 Schon im Jahre 1902 schrieb der alte Diplomat an seine jung¬
509 3267 2894 3323 Freundin: „In unserem teuren Vaterland geht es gar ver¬ Herrschers schickt sie sich nur zögernd an, meistens viel zu spät,
77 3295 485 3376 leganten Hauses am
509 3312 2898 3372 worren zu und ich sehe nicht einen Lichtpunkt. Bisher ist gar die Wirklichkeit muß sich erst in Legende verwandeln. Das war
1711 3361 2901 3421 auch Ludwigs Schicksal als Sage lebt er heute noch im Volke
95 3365 1690 3421 Kunstgewerblerinnen nichts geschehen, um den Knoten zu entwirren, und die Gefahr,
105 3407 2898 3467 Ehe man die vielen daß es zu spät sein wird, wenn man sich an die Herkulesarbeit fort, doch den „Gebildeten“ fast eher unheimlich; Walter von
81 3439 2891 3520 te, wurde man von wird machen wollen, ist sehr naheliegend. Die Lage unseres lieben Rummels Schrift: „Ludwig II., der König und sein Kabinetts¬
1707 3505 2898 3562 ches" (Verlag Knorr & Hirth, München) beweist das wieder.
77 3509 1679 3569 rückt, wo man bequem, Oesterreich bekümmert mich tief. Ueberall zuckende Flammen
74 3551 2891 3621 tag über die Lage des aufrührerische Bewegungen aus dem vulkanisch unterminierten Rummel schätzt sichtlich den Kabinettschef höher als den König
1711 3604 2891 3657 selbst, der nicht erst lange nach den schwankenden Begierden des
495 3611 1679 3664 Boden, eigentlich mitten in latenter Revolution, die nur nich
1711 3646 2894 3716 Pöbels fragt, sondern auf die Stimme seines Gewissens hört.
77 3621 1690 3716 neidenswerte, begann ausbricht, weil das Mannlichergewehr eine zu deutliche Sprache
1707 3695 2901 3755 Der Kabinettschef schreibt einmal in irgendeiner Angelegenheit
509 3702 1682 3762 führt. Freilich ist's zu besorgen, daß auch die Armee in diese
70 3706 478 3758 leben in einer Krisen¬
1707 3748 2898 3797 an den ihm unterstehenden Beamten: „Wollen Sie Erhebungen
70 3748 1668 3818 Viele unserer einstigen Bewegung hineingetragen wird — Symptome gibt es genug,
1711 3790 2894 3853 pflegen!", aber der König ändert das ab und setzt dafür ein:
611 3794 1682 3850 Chlumecky sprach auch viel von der Kaiserin und den
88 3801 481 3864 wieder schließen, da
1711 3829 2891 3888 „Pflegen Sie Erhebungen!" Der König hat doch ganz recht,
502 3829 1679 3895 Kronprinzen. Von Elisabeth sagte er ergriffen: „Ihre Schönheit
70 3850 481 3909 halten und auch für
1707 3885 2887 3941 denn wer befehlen kann, muß nicht erst bitten. Daß der König
499 3892 1675 3941 der Zauber ihres Wesens, ihre melodische Stimme machten au
74 3895 474 3966 war. Unser Hauptfach
499 3923 2891 3987 uns alle einen unauslöschlichen Eindruck. Elisabeth war ein sich von Gottes Gnaden fühlt, wird ihm verdacht, aber von
63 3941 474 4008 awattenstoffe, ferner
499 3973 2884 4032 Geschöpf aus einer höheren Welt. Als das furchtbare Unglück wessen Gnaden sonst soll er sich denn fühlen? Rummel nennt
67 3994 478 4050 belobt werden unsere
1707 4018 2891 4082 den König einmal einen „ganz weltabgewandten, insichgekehrten,
74 4029 1679 4092 entabatieren, die nach in jener verhängnisvollen Nacht in Mayerling geschehen war
1707 4071 2887 4127 idealistischen Schwärmer, eine ausgesprochene Künstlernatur,
499 4074 1682 4134 kam ich in meiner Eigenschaft als Minister zum Kaiser. Majestät
63 4092 474 4155 führt wurden. Nahezu
1707 4117 2891 4173 einen Phantasten“, für Rummel sind also die Worte Künstler
502 4127 1679 4180 empfing mich und meine Kollegen tief gebeugt und sprach, vor
74 4134 478 4190 s bereits abgekauft
1700 4155 2891 4222 und Phantast synonym. Bismarck, ein Kenner der Menschheit,
