3392 4320
175 278 308 354 1.
337 278 1022 390 Miscellaneous
1187 284 1624 387 box 42/4
1948 1297 2299 1402 KE
476 1369 1607 1439 HERAUSGEBER FRANZ GOLDSTEIN
215 1356 2854 1578 R E F E R
208 1627 400 1756 en
450 1607 2811 1842 n memoriam Hugo von Hofmannsthal
215 1786 443 1865 inen Namen
1356 1789 1942 1892 von Hans Rosenkranz.
218 1852 447 1902 ser hat
744 1849 1369 1948 „Er geht wie den kein Walten
208 1885 443 1942 anzösischen
1746 1875 2838 1951 Mir ist einmal erzählt worden, wie vor etwa achtund¬
734 1915 1247 1968 Vom Rücken her bedroht.
215 1932 437 1984 hen Gesell¬
1660 1905 2848 1988 dreissig Jahren das Sprechzimmer des damals schon berühmten
744 1961 1297 2021 Er lächelt, wenn die Falten
218 1965 447 2021 lich in den
1667 1971 2838 2027 Wiener Arztes Arthur Schnitzler ein Knabe, ein Schüler
731 2001 1306 2067 Des Lebens flüstern: Tod“.
218 2008 437 2064 zu stellen.
1657 2021 2844 2074 betrat, mit der Bitte, eine Dichtung vorlesen zu dürfen. Uno
218 2051 437 2110 ischen Ver¬
1660 2057 2851 2110 mir wurde berichtet, wie Schnitzler mit einem leichten Grauen
536 2067 2848 2173 Er hat in seiner Jugend viel vom Tod geschrieben, Hugo vor so viel junger Vollendung „Den Tod des Tizian lesen
212 2094 440 2156 ropas, im
463 2110 1634 2183 von Hofmannsthal, den sie jetzt in Rodaun bei Wien zu Grab¬
1664 2133 1779 2196 hörte.
470 2163 1591 2216 trugen. — „Trunken von Gedichten“ begann er vor sieben
222 2147 437 2223 als ersten
1776 2143 2616 2229 „Die aber wie der Meister sind, die gehen.
460 2206 1624 2269 oder achtundreissig Jahren, den schmalen Pfad zur Meister
215 2206 430 2269 500 Exem
1773 2176 2729 2266 Und Schönheit wird und Sinn, wohin sie sehen“.
463 2242 840 2299 schaft zu schreiten.
215 2246 433 2305 hre ver¬
1743 2223 2841 2315 Ich stelle mir Schnitzler vor in jener Stunde, da der
539 2242 2841 2362 Früh war er am Ziel, und anders ist er gestorben, als er Knabe, der sich Loris nannte, vor ihm sass und ihm zum ersten
208 2285 440 2345 er Gedichte
456 2309 1637 2385 geträumt. Nicht lächelnd hat er den Tod empfangen, als die
218 2325 433 2385 genheitsge¬
1667 2335 2844 2395 Male und als ersten Menschen diese Verse sagte, die aus dem
228 2375 2811 2431 von Der Falten des Lebens ihm flüsternd seinen Namen nannten, nicht Gehör von Generationen nicht mehr verschwinden werden.
463 2411 1637 2454 in sanften Dahingehen ist er verlöscht, sondern der schrille
222 2401 433 2461 mache
1740 2414 2838 2467 Das alte Oesterreich stirbt, und eines der letzten, reinsten
208 2441 427 2497 Ar der Aus
453 2438 2841 2510 Schmerz der Trauer machte den plötzlichen Tod dessen zum und rührendsten Geschenke, die es uns gab, waren die Ge¬
202 2494 2844 2550 derlebnisse Drama, der ein Leben lang vergeblich das Drama geliebt und dichte Hofmannsthals. Sie konnten nur entstehen im erlesenen
466 2514 754 2577 umworben hat.
208 2530 437 2580 Dialekt, eine
1664 2534 2841 2590 Kreisen einer Gesellschaft, die übernational war zu einer Zeit,
529 2534 1634 2613 Hugo von Hofmannsthal liebte das Theater, aber das The¬
212 2567 433 2620 pathischen
1654 2580 2844 2633 als Grenzen in Europa noch innerliche Angelegenheiten waren,
463 2593 1637 2653 ter liebte nicht ihn. Die früheren, die unvergesslichen Dramen
202 2610 430 2663 che Würdi¬
1660 2616 2841 2669 in einer Gesellschaft, die satt war von der Kultur des Abend¬
460 2643 1634 2692 seiner Jugend waren lyrische Dialoge, die schönsten, die klin¬
205 2646 433 2702 neigentlich
1660 2653 2841 2709 landes, und die in ihrem „tötlich wachen Blut“ zuerst das
463 2682 2835 2752 gendsten der deutschen Sprache, Dramen waren es nicht grosse Sterben spürte. Dieser Gruppe von Menschen erlauch¬
225 2686 440 2739 Unter den
189 2719 1627 2778 in Huldigun¬ Spätere, immer leidenschaftlichere Bemühungen um das Thea¬
1657 2739 2841 2818 testen Repräsentanten trägt man nun zu Grabe. Das alte
453 2762 1641 2815 ter bedurften zu dramatischer Wirksamkeit immer noch einer
192 2768 430 2825 Maupassant
1660 2775 2014 2844 Oesterreich stirbt.
453 2798 1631 2854 Komponente: der des Musikers, des Regisseurs oder eines Ur¬
1730 2795 2841 2874 Oft ist sie uns schon fern die Barocknähe Hofmannsthals.
202 2815 1641 2894 isch erlesen bildes. „Elektra“ ist kein spielbares Drama; Richard Strauss
1660 2831 2841 2904 Die Lieder seiner jungen Jahre mit ihrer tiefen, giftsüssen Me¬
185 2861 430 2940 en Bekannt¬
453 2878 2841 2950 hat es erst zum dramatischen Leben erweckt und es fähig der lancholie sind als Lebensklänge nicht mehr die unsern. Doch
450 2917 2848 2997 Bühne gemacht. „Jedermann", das melancholische Spiel vom manches Wort hat seine Gültigkeit bewahrt wie am ersten
192 2927 430 2987 berühmten
456 2960 2838 3030 Sterben des reichen Mannes, hätte niemals so gewaltige Wir-Tag, und es zeugt für die tiefe Verbundenheit aller dichteri¬
195 2973 430 3020 zum Autor¬
453 3000 2841 3093 kung geübt, wenn nicht Max Reinhardt sie ihm erschaffen schen Menschen mit dem Werke Hofmannsthals, dass man so
185 3007 423 3069 eide Büche
456 3043 562 3106 hätte
185 3053 367 3106 gebunden
1654 3056 2583 3132 oft in Büchern unserer Tage dieses Motto findet:
526 3063 1637 3136 Diese vergebliche und in ihrer wahrhaften Leidenschaft
208 3086 423 3142 bekanntlich
453 3106 1631 3175 beinahe tragische Bemühung um das Theater ist es gewesen
179 3126 423 3185 Ibstverlages
1803 3112 2682 3205 „Merkt auf, merkt auf! Die Zeit ist sonderbar
453 3165 1634 3215 die auf der Mittagshöhe des Lebens den grössten Lyriker, um
189 3175 427 3228 eigenen Bü¬
1813 3175 2570 3255 Und sonderbare Kinder hat sie: uns“.
456 3205 1627 3255 den wir trauern, in den Schatten gedrängt und es verhinder
185 3212 430 3268 schriften im
450 3245 1634 3301 hat, dass Hugo von Hofmannsthal den späteren Altern seines
205 3255 433 3311 rein wirt¬
1730 3212 2838 3314 Er war ein Dichter — für die Erben, für jene Menschen,
453 3278 2831 3367 Lebens denselben Glanz der Verse verlich wie seinen jungen die am Ende reicher, langer Entwicklungen im Herbst der
192 3284 423 3354 henkt. Die
453 3321 599 3374 Jahren.
189 3334 420 3393 t's heisst
1654 3334 2841 3390 Generationen stehen. Zu tief verstrickt, zu blutverbunden mit
513 3350 2841 3433 In schmalen Bändchen steht das Werk dieses Lebens dem eigenen Geschick den Erben, zu schöpferisch dagegen in
198 3370 427 3423 einigen Be¬
189 3403 1631 3463 die verschie¬ gesammelt: der prosaischen Schriften sind es vier; der Ge¬
1654 3423 2828 3476 der Anlage, schuf er sein Schicksal zu Bild, Symbol und Werk.
453 3446 2835 3516 dichte und kleinen Dramen gar nur eins; daneben spricht das Sein Lied vom „Vorfrühling“ wird nicht vergehen, so lange
189 3453 423 3506 immensamm¬
450 3483 2838 3562 Werben um die Bühne aus zahlreichen Titeln. Ich kann mir künstlerische Menschen so den Frühling fühlen. Er stand nicht
192 3499 423 3549 is skeptisch
447 3522 1627 3579 nicht helfen; wenn ich in dieser Stunde der Trauer erwäge
185 3539 420 3595 her Lebens¬
1710 3542 2835 3592 wie Rilke — in der Fülle der Gnade. Aber dem schmalen
450 3569 2835 3635 was bleibend dauern wird in der deutschen Sprache vom Werk goldenen Reif, der ihm zuerteilt war, hat er in grossem
192 3579 423 3628 on der fun¬
185 3608 1624 3658 et hat kürz¬ Hugo von Hofmannsthals, dann festigt sich in mir der merk¬
1657 3615 2835 3678 Ringen um Form Wort und Klang bleibenden Werkes entzau¬
453 3651 1631 3701 würdige Glaube, dass das ganze Werk dieses Mannes in
195 3658 423 3714 rauen und
1657 3655 2831 3714 bert. Es klingt sein Wort unvergesslich in unserem Ohr, es
456 3691 2838 3780 wesentlichen vollendet war in den ersten Jahren seines dritten wirkt sein Klang in unserer Seele, sein Werk ist wohlbewahrt
205 3701 420 3751 sehr mat
447 3724 668 3784 Jahrzehnts.
1631 3734 2027 3797 in unseren Herzen.
232 3737 420 3787 Neumann
185 3777 413 3833 e mit seine
182 3817 413 3866 rke mensch
179 3833 2838 3919 ernard Gras-Buch das fast unbewusste und ungewollte Selbstporträt eines ausprägt, dem sich auch der neu Hinzugekommene nach
182 3900 420 3949 te Buch is
447 3896 2831 3962 idealen Verlegers und das Abbild der nichts weniger als kurzer Zeit nicht entziehen kann. In dieses Haus schneit nach
179 3939 417 3992 und Donner
440 3936 2828 4002 idealen literarischen Zustände, er führt den Wahn des Kol- einiger Zeit ein junger Verwandter herein, eine Art Proviant-
450 3976 2835 4062 lektivs auf das glänzendste ad absurdum. Diese Ausfüh¬ offizier der französischen Handelsmarine. Während die das
182 3986 1091 4078 men könnte,
2051 4025 2282 4081 ter der
