3392 4320
352 259 1020 356 Miscellaneous
1211 266 1633 355 box 42/4
1114 1187 1623 1275 Prinzip behaftet. Wenn
903 1242 1620 1332 den Young=Plan besteht, wenn er
607 1298 1619 1385 purumenten ratifiziert wird, dann wird zwischen
488 1334 1327 1418 Frankreich und Deutschland alles möglich.
479 1434 1629 1510 vollendeten „Tod des Tizian". Hörte in mit dieser merk¬
487 1483 1582 1549 würdigen Stimme Hofmannsthals, die ist beim Vortre¬
495 1527 1566 1604 seiner Dichtungen ihren wahren Klang benam, die warm;
482 1576 1614 1659 wie Blut, das eben aus einer Wunde ans Licht sickert, die
478 1627 1613 1697 weich und zärtlich schmiegsam war, wie purpurner Samt,
474 1669 1603 1736 die alle Worte mit einem goldfarbenen Schimmer zu über¬
475 1709 1603 1789 hauchen und sie plastisch zu wölben schien. Er las uns den
475 1780 1603 1831 „Tor und der Tod“; las uns die „Frau am Fenster", die
475 1799 1600 1879 „Hochzeit der Sobeide", den „Abenteurer und die Sän¬
475 1859 1600 1929 gerin. Arthur Schnitzler schrieb damals der „Anatol“. Wir
477 1894 1594 1967 hörten Szene für Szene nacheinander, so wie sie fertig waren.
475 1935 1587 2018 Zur ersten Buchhausgabe gab Hofmannsthal jenen Prolog
468 1979 1600 2060 der seither ebenso berühmt geworden ist, wie der „Anatol¬
481 2027 1593 2108 Zyklus. Damals, und Jahre nachher noch, haben wir,
468 2085 1587 2155 Schnitzler und ich, auf Waldspaziergängen Verse von Hof¬
471 2125 1593 2203 mannsthal rezitiert. Wie manche Leute draußen im Freien
468 2160 1593 2237 Lieder singen, haben wir Hofmannsthalsche Verse gesprochen.
468 2206 1589 2293 Sie waren uns Musik. Sie sind Musik: der Andrea des
464 2251 1590 2339 Sechzehnjährigen: „Ich liebe Schurken, ich kann sie verstehen
531 2310 1589 2370 Und niemand mag ich lieber um mich sehen — Gleich¬
467 2339 1593 2417 wie mein Aug' den wilden Panther späht — Weil niemals
471 2390 1582 2485 sich der nächste Sprung verrät. — So haß ich die, die ihre
459 2437 1579 2486 Triebe zähmen — Und sich gemeiner Ehrlichkeit bequemen.
465 2483 1583 2559 Ein Sechzehnjähriger! Und gleich darauf: „Oh, gold'ne
464 2522 1005 2591 Lügen, werden ohne Grund,
1076 2536 1582 2603 Ein Trieb der Kunst in
449 2585 1583 2654 unbewußtem Mund, — Oh, weise Lügen, mühevoll gewebt,
522 2623 1580 2695 Wo eins das a dre stützt und hält und hebt!“ Dann
454 2659 1579 2745 der Tor des Achtzehnjährigen: „Wie nah sind meiner Seele
451 2712 1554 2771 die gerückt. — Die dort auf ferner Halde einsam wohnen -
457 2752 1580 2825 Und denen Güter, mit der Hand gepflückt. — Die gute
449 2797 1574 2877 Mattigkeit der Glieder lohnen. — Sie können sich mit ein¬
449 2850 1572 2924 fachen Worten — Was nötig zum Lachen und Weinen, sagen,
505 2903 1566 2957 Müssen nicht an sieben vernagelte Pforten — Mit blutigen
451 2937 1567 3008 Fingern schlagen. Der Tod, vom Achtzehnjährigen gestaltet,
459 2996 1507 3047 spricht: „Steh auf! Wirf dies ererbte Grau'n von dir!
451 3031 1274 3094 Ich bin nicht schauerlich, bin kein Gerippe
1388 3041 1567 3103 Aus des
447 3074 1563 3149 Dionysos, der Venus Sippe. — Ein großer Gott der Seele
455 3117 1559 3192 steht vor dir!“ All die Gedichte. „Der tiefe Brunnen weiß
442 3173 1570 3246 es wohl." Oder: „Es läuft der Frühlingswind durch kahle
437 3202 630 3265 Alleen
535 3260 1567 3326 Hier, am Seeufer, in meiner kleinen Stube, habe ich
439 3292 1559 3376 kein einziges Buch von Hofmannsthal zur Hand. Aber ich
448 3346 1557 3409 sage mir viele, viele Verse des Dichters vor. Viele Seiten
432 3392 1560 3468 lang, die meinem Hirn eingeprägt sind für immer. Ob ich
434 3438 1564 3519 das zu seinem Andenken tue, als eine Art Trauerfeier, oder
2289 1115 2781 1218 auf die Gemüter aus, die
1683 1169 2781 1270 „... geruhe Wirkungen hervorgebracht hat. Der Unfall
1656 1215 2778 1320 des „Graf Zeppelin war ein schlagender Beweis
1659 1282 2777 1368 dafür, daß sich doch etwas gewandelt hat. Ich werde mich
1663 1328 2771 1407 auf der internationalen Regierungskonferenz mit allen
1643 1368 2781 1460 Kräften bemühen, den Frieden herbeizuführen, allerdings
1690 1478 2774 1563 es einer Verzweiflung, die irgendwo Halt sucht, weiß ich
1666 1534 2764 1600 nicht. „Es weht herüber wie feuchter Atem stürzender Ge¬
1652 1570 2764 1637 wässer... heißt es in seinem „Oedipus“-Drama. Ach ja, es
1652 1613 2599 1677 weht herüber wie leiser Atem vergangener Jugend.
1740 1675 2765 1755 Er war... Es fällt schwer, von einem teuern Menschen
1653 1725 2764 1802 zu sagen: er war, von dem man gestern noch sagen durfte,
1649 1769 2767 1845 von dem man immer noch denkt: er ist! In seinem Wesen
1645 1809 2758 1884 haben mancherlei starke Elemente gewaltet. Die Dominante
1645 1863 2758 1935 aber klang vom achtzehnten Jahrhundert her und war öster¬
1639 1899 2762 1981 reichisches Barock. Sein Verhältnis zum Heute: so intensiv
1649 1945 2761 2025 teilnehmend, so verständnisvoll, so lebendig, so funkelnd in
1637 1997 2758 2071 Gedanken, Einfällen und so verschwenderisch in hingestreuter
1637 2031 2754 2124 Anregung es immer war, er brachte es kaum jemals fertig,
1639 2078 2751 2155 dieses Heute poetisch zu fassen, schaffend zu formen. Manch¬
1639 2135 2757 2204 mal glaubte man, der Achtzehnjährige hätte ein prophetisches
1637 2173 2751 2254 Selbstbekenntnis in die Verse gelegt: „Ich hab' mich so vom
1634 2214 2748 2296 Wirklichen verloren. — Daß ich die Sonne sah aus toten
1633 2260 2732 2330 Augen — Und nicht mehr hörte, als durch tote Ohren.
1634 2303 2747 2383 Aber vielleicht hat er nie versucht, diese Gegenwart zu ge¬
1639 2352 2745 2432 stalten, hat das vielleicht nie gewollt. Was er inbrünstig
1630 2404 2742 2480 ersehnt, worum er blutig gerungen hat, das war die große
1637 2443 2739 2510 Wirkung auf dem Theater. Seine frühen Einakter, Meister¬
1627 2496 2729 2569 werke der Dichtkunst, sind bühnenmäßig nur Anfänge ge¬
1629 2535 2738 2601 wesen. „Das gerettete Venedig ebenso wie „Oedipus und
1624 2576 2744 2658 die Sphinx“, dann „Christinas Heimreise", zuletzt „Der
1629 2623 2738 2704 Turm, sind wertvoll, sind köstlich wie Juwelen seltenster
1620 2665 2738 2751 Art, die nur bei seltensten Gelegenheiten hervorgeholt und
1624 2727 2737 2795 getragen werden. Sie bleiben dem Buch näher, bleiben ihm
1622 2767 2734 2841 verwandter als dem Podium. „Der Schwierige“, dieses
1620 2802 2725 2885 wunderbare Filigran=Monument eines österreichischen Kava¬
1629 2847 2731 2934 liers, kann heute nur ein einziger deutscher Schauspieler zu
1614 2900 2729 2976 wirksamer, tief menschlicher Lebendigkeit wecken. Das „mit
1622 2941 2725 3007 einfachen Worten, was nötig zum Lachen und Weinen
1623 2983 2721 3081 sagen ist Hofmannsthal erst im „Jedermann" gelungen
1616 3043 2296 3090 und dann im „Großen Welttheater“
1703 3080 2721 3156 Das Spiel vom „Jedermann" schrieb er, bevor er zur
1609 3133 2712 3199 Oper abschwenkte, oder ganz am Anfang dieser merkwürdigen,
1610 3190 2695 3245 im Wesentlichen barocken Schwenkung. Das „Welttheater
1613 3227 2712 3302 viele Jahre später und gab damit den Beweis, wie wenig
1613 3273 2712 3339 verbraucht, wie unverwüstlich seine dichterische Substanz ge¬
1616 3316 2715 3386 blieben war. „Elektra“ jedoch, dieser erste, wirkliche und
1616 3373 2611 3432 große Bühnenerfolg führte ihn mit Richard Strauß
1616 3424 2626 3494 sammen. Das war sein Glück und das war zugleich
1603 3451 1846 3521 Verhängnis.
3200 1105 3338 1164 y
2830 1116 3312 1204 siegten an der Kette hält,
2825 1182 3315 1242 bunden wie der Besiegte.
2821 1224 3310 1295 Frankreich annehmen soll,
2818 1277 3320 1344 wollen einen französischen
2815 1314 3329 1388 der auf den alten französi
2815 1358 3325 1430 Wirfordern, daß di
2815 1401 3331 1468 Föderation unsere
2898 1503 3333 1576 Wie jeder Götterlieblin
2815 1553 3319 1619 immer und in seinen am
2810 1600 3325 1663 Tragik umschattet. Fast ein
2818 1643 3335 1713 seines Genies zu einer Höhe
2805 1693 3322 1748 glücklich, die andere nur
2804 1733 3322 1798 Dasein erklimmen. Er stand
2804 1782 3328 1849 Sonne des Erfolges, bezaul
2802 1828 3332 1896 mutig, göttlich sorglos, schäu¬
2807 1872 3322 1932 erschöpflich in der Kraft sei¬
2802 1926 3323 1995 noch wurde einem manchma
2797 1964 3326 2042 Dennoch mag ihm selbst sch
2804 2008 3328 2081 worden sein. Das Schicksal
2791 2050 3325 2128 lassen. Darüber hinaus gabe
2802 2103 3319 2176 Später dann, je mehr sein
2792 2148 3328 2221 begann der Kampf gegen
2808 2193 3329 2264 schwärzer traten die Schatten
2804 2234 3328 2303 schlossen ihn dunkler und du
2804 2296 3326 2356 schaft mit dem Grillparzerse
2792 2342 3322 2400 außen hin nicht deutlich. Der
2788 2379 3328 2447 war zu stürmisch, war zu ste
2790 2423 3323 2488 bissige Bitterkeit oder Gries
2785 2466 3319 2538 Gespräch der hinreißende Ge¬
2784 2515 3322 2576 Er blieb unter allen Dichter
2779 2558 3302 2632 Einzige, der wirklich regen
2787 2605 3319 2674 Arbeiten eines anderen nah¬
2778 2661 3320 2724 auch mit einem großen Juge
2778 2698 3319 2762 nicht zu verschmerzen imstand
2778 2749 3319 2807 Kränkung ins Kränken. Er
2782 2790 3325 2861 für vergessen. Er wurde gelie¬
2772 2844 3308 2898 Er vibrierte von Kraft des
2775 2881 3295 2953 kräftet. Er wurde schuldlos
2775 2925 3300 2991 seinem trübsinnigen Jammer
2768 2977 3315 3033 thal machte wirkliche, gewitter
2768 3021 3319 3083 ihr frühzeitig. Diese grüblerise
2775 3066 3312 3132 störte seine Gesundheit. Es ko
2768 3113 3300 3169 schwindende Gesundheit diese
2771 3157 3295 3226 Jetzt, da er dem Sohne, der
2755 3203 3315 3265 nachgestürzt ist, braucht keine
2765 3252 3313 3318 thal nie vergessen wird. Sein
2769 3288 3313 3361 selbst, sagen das ganz alle
2762 3343 3313 3411 Nekrologe. Aber die Hofmann
2749 3395 3315 3458 wissen, daß sein so sehr erfül¬
2768 3434 3298 3498 sein nur ein Torso geblieben
2749 3485 3293 3568 selbst noch nicht erreicht hatte
