3344 4320
1199 1039 1684 1123 Books are a luxury
1477 1146 2263 1226 writer who has a real story telling gift, can
162 1160 1411 1269 riter and His Daily Bread
1478 1210 2258 1266 even in these difficult times, by publishing
1472 1252 2258 1313 his books first in a newspaper or magazine
1478 1304 2257 1353 and then in book form, earn as much as
162 1294 422 1369 PLE HOUSE
623 1305 1411 1374 their livelihood in some other fashion, at
1483 1347 2260 1396 will suffice for modest needs. Since the in¬
625 1360 1405 1408 that moment they will stop writing, except
159 1339 542 1431 ational book review
1475 1391 2260 1444 flation left him without means, and since
625 1402 1405 1462 when they have something to say. Litera¬
167 1420 405 1489 poks Abroad
1481 1439 2258 1487 his older works at present bring him little
628 1448 1170 1506 ture will thus gain in quality.
1478 1486 2257 1539 or nothing, because very few persons buy
698 1489 892 1542 Sincerely,
970 1484 1363 1553 LEON LEMONNIER.
167 1489 558 1559 capacity I receive a
1472 1536 2258 1586 books nowadays, he dare not get sick, and
167 1542 551 1600 uropan mail. Every
659 1540 1406 1621 The disappearance of literature as a pro¬
1473 1575 2254 1646 must, like the undersigned, work on into
168 1587 553 1645 I have been learning
620 1604 1414 1663 fession, then, and the relegation of the
1477 1617 1702 1681 his old age.
168 1632 565 1679 foreign press that
626 1648 1408 1707 literary man to the amateur class. The
170 1671 545 1730 publishing company
1517 1662 2260 1744 Much worse than the situation of the
621 1695 1400 1755 enterprising author of "Quarantième Etage
165 1716 554 1779 An old German pub¬
1472 1741 2249 1793 novelist is that of the dramatist. It is very
617 1744 1399 1800 and various other books which sell widely
182 1769 551 1827 Have you any sug¬
1470 1786 2254 1833 possible, even likely, that a Heinrich von
620 1785 1399 1843 in a dozen countries no doubt experiences
159 1810 551 1871 he American sale of
1481 1830 2251 1881 Kleist would go to his destruction if he
620 1830 1402 1891 little direct inconvenience from the situa¬
162 1860 554 1916 timulated? Germans
1480 1886 2243 1933 were living today, especially since the the¬
621 1878 1408 1955 tion, but he has given thought to it. He
162 1900 551 1966 tely stopped buying
617 1922 720 1992 says:
1466 1927 2247 1969 aters have gone to the devil again (wieder
168 1945 556 2009 some of the solidest
1475 1969 2254 2017 einmal nicht Gottes, sondern des Teufels
654 1986 1402 2043 "The deplorable conditions under which
153 1994 556 2057 s in a burst of confi¬
1466 2017 2223 2089 sind). It is just as serious with the poets.
620 2037 1394 2101 certain writers are forced to live certainly
159 2040 551 2103 time since his child¬
620 2089 1397 2138 react unfortunately on their literary pro¬
150 2085 548 2145 ord a summer vaca¬
1501 2089 2252 2151 "This is how things are today. Since
620 2121 1402 2174 duction.... Very few writers of reputa¬
153 2134 551 2193 hild deprivation com¬
1472 2137 2258 2190 they are steadily growing more desperate, it
620 2165 1397 2229 tion are suffering serious distress. But
176 2179 556 2233 the French novelist
1466 2184 2254 2237 may be worse next month. Before the war
617 2224 1397 2274 many authors of merit have no reputation.
153 2223 548 2283 na year or two ago
1467 2237 2254 2288 probably 60 per cent of our population
642 2261 1400 2330 A distinction must be made among
156 2268 544 2328 famous Czech drama¬
1466 2279 2251 2327 were able to buy books and go to the the¬
620 2311 1399 2375 the different European countries. A very
156 2316 548 2378 en charity. Books are
1472 2325 2251 2377 ater. Now not 5 per cent can do so. Who
611 2358 1397 2422 important consideration is always the num¬
154 2364 548 2423 in central Europe
1466 2363 2196 2419 knows how it will be by another month?
618 2405 1399 2470 ber of individuals who speak or read the
170 2408 542 2473 the making or the
1511 2441 2251 2495 "How can conditions be improved? The
615 2444 1399 2518 language of the author. The situation is
170 2453 550 2531 living narrowly at
1462 2494 2244 2543 only thing I can suggest is to kill off every¬
615 2501 1402 2550 relatively very favorable for writers in
1459 2528 2252 2585 body who favors our dragging our burden
611 2545 1392 2603 English, where success means fortune.
150 2557 539 2623 siderable correspon¬
1462 2578 1975 2643 of political debt any longer.
615 2589 1392 2643 When Germany was in a less miserable
146 2617 542 2676 have received from
1582 2626 1818 2693 Your friend,
606 2643 1399 2694 situation than she is today the life of the
150 2660 539 2726 interesting comment,
1762 2660 2198 2744 GUSTAV FRENSSEN.
614 2684 1396 2741 German artist was fairly comfortable, too,
168 2710 540 2766 with a name which
612 2737 1392 2793 when he had crossed the threshold of
1487 2741 2238 2807 The wisest and kindest of living Austrian
150 2752 542 2816 roblem is less serious
607 2771 1391 2832 fame. French writers, who are so fortunate
1462 2793 2240 2860 writers has concrete suggestions. Dr. Ar¬
142 2799 542 2860 some other countries,
612 2824 1386 2883 as to be read not only by the 50,000,000
1452 2835 1874 2908 thur Schnitzler writes:
134 2847 539 2906 Authors couch is no
609 2867 1391 2936 Europeans whose language is French but
1634 2895 2241 2951 "The shortest and simplest means
140 2892 537 2951 houghtful author of
609 2922 1382 2973 in foreign countries, are also relatively
1456 2942 2238 2990 of helping the situation is by direct aid to
165 2937 533 3011 and of several books
601 2969 1386 3026 favored. But the situation is deplorable for
1453 2978 2240 3036 the needy writers. More important and in
173 2986 542 3048 perplexities of the
601 3006 1388 3075 the languages which are not widely used,
1450 3034 2238 3087 a higher sense would, of course, be a reform
139 3042 536 3092 te me a little while
603 3053 1226 3115 like Dutch, Czech, Finnish, etc.
1453 3081 2232 3123 of the copyright law, or at least a care¬
721 3098 1075 3171 With best regards,
1456 3126 2238 3174 ful observance of the existing law, which,
1020 3140 1339 3204 LUGDURTAIN.
143 3138 526 3208 probably not twenty
1453 3173 2232 3229 as you know, is not now the case. It is
143 3194 526 3257 the sale of their
629 3207 1389 3271 But it is from Germany and Austria that
1459 3219 2226 3274 unfortunately true that spiritual property
137 3240 530 3300 of them pull through
601 3260 1382 3314 the most touching letters come. Old Gustav
1452 3258 2235 3319 has never been put on the same plane
134 3286 280 3347 nalism.
438 3288 533 3346 I do
603 3302 1382 3364 Fressen, known to two generations of
1447 3313 2240 3358 before the law as material property, and
143 3336 533 3391 the situation. There
603 3352 1383 3411 Americans for his "Jörn Uhland
1450 3358 2229 3412 so it is constantly happening that direct
143 3381 526 3437 public to by books
606 3388 1377 3450 Hilligente, writes bravely, if a little
1453 3400 2226 3459 infractions of existing law are not ade¬
165 3422 523 3486 them. If the state
601 3444 1285 3514 caustically, from his Holstein village:
1447 3439 2224 3501 quately punished or not at all, so that the
146 3472 528 3529 certain writers, their
1444 3497 2226 3543 most disgraceful offenders against the regu¬
632 3498 1380 3573 "There are in Germany a considerable
146 3518 519 3581 fer, for they will be¬
1441 3539 2230 3590 lations concerning spiritual property are
598 3554 1374 3607 number of writers of reputation but with¬
146 3565 526 3627 the government and
1441 3585 2233 3638 allowed to go free, not merely unpunished,
598 3602 1374 3669 out merit. They have gained their reputa¬
165 3615 519 3668 toward low propa-
1450 3629 2229 3682 but even as highly respected citizens. But
600 3645 1378 3704 tion through the kindness of friends, critics
134 3657 523 3718 tion is for imagina¬
1450 3674 2227 3730 these things cannot be changed overnight,
598 3693 1378 3761 and periodical, not through their works.
134 3702 525 3763 ready the case with
1441 3727 2226 3778 and even if they were changed there will
597 3743 1372 3803 Some of these writers are having a very
134 3747 525 3819 be a profession and
1441 3769 2226 3825 always remain a certain number of writers
592 3791 1377 3839 hard time in these trying days, but I am
151 3794 522 3858 The reason why so
1450 3822 2223 3859 who would have difficulty in earning a
595 3835 1380 3905 inclined to think that it is just as well
134 3844 525 3898 are published is pre¬
1445 3863 2095 3917 living, if they were paid respectably.
595 3874 925 3940 that they should.
128 3891 526 3953 hors expect material
1567 3900 1744 3973 Cordially,
156 3933 530 4001 moment they earn
618 3931 1382 4023 "The story writer of real merit, the
1698 3948 2180 4009 "ARTHUR SCHNITZLER.
2685 642 3045 780 -
2758 730 2866 787 .
2565 1068 2972 1131 Drawing by Alan Dunn
2361 1140 3101 1216 The alert and brillant young author of
2338 1213 3107 1263 Mit fremden Federn" and "Die Pest von
2325 1252 3106 1318 Lianora" is full of sympathy and good will.
2328 1302 2494 1361 He says:
2371 1366 3110 1453 Economic crises always it the writer
2332 1438 3110 1505 particularly hard. He belongs in the cate¬
2327 1481 3103 1534 gory of luxuries, with champagne manu¬
2328 1534 3109 1581 facturers, light ladies and hotel porters. No
2332 1579 3106 1634 one has any money now for any of these
2325 1626 3099 1684 categories. There is the additional diffi¬
2332 1671 3101 1719 culty that since the war we have an en¬
2325 1718 3106 1765 tirely new literature, and some of the most
2319 1768 3101 1811 distinguished personalities of pre-war litera¬
2327 1807 3099 1872 ture have been unable or unwilling to adapt
2324 1850 3099 1906 themselves to the new conditions, and are
2318 1895 3099 1964 as a result living in the direst need. Some
2325 1944 3090 2006 of them are literally starving. The only
2325 1998 3104 2053 way to help them is with money and more
2322 2031 2684 2101 money. Very truly,
2629 2076 3062 2156 ROBERT NEUMANN.
2355 2168 3098 2233 W. E. Süskind, whose psychological
2321 2216 3103 2283 masterpieces “Tordis, and Jugend have
2322 2265 3090 2324 made him famous, regards the problem as
2328 2307 2562 2378 very serious:
2361 2361 3101 2462 "The economic situation of writers in
2313 2441 3099 2495 Germany is extremly disquieting, and the
2316 2481 3095 2547 future is full of perplexity. I am not think¬
2313 2529 3093 2595 in simply of the general depression. Bad
2314 2576 3085 2642 as that is, another circumstance is largely
2316 2618 3087 2690 responsible for the fact that important
2314 2674 3085 2732 writers are in want today and the produc¬
2319 2718 3085 2771 tion of a really first class literature is be¬
2314 2761 3095 2830 coming more and more difficult. The point
2319 2813 3084 2872 at which the writer makes his living is
2307 2861 3085 2920 steadily changing. In the majority of cases
2313 2903 3096 2964 it is no longer the book, but the periodical,
2308 2950 3087 3015 and there the vicious law obtains, imposed
2310 2998 3087 3056 by the publishers, that the writer must
2302 3043 3081 3104 keep in mind that puzzling monster, the
2307 3093 3089 3152 popular taste. It follows inevitably that the
2305 3137 3084 3205 artistic and spiritual standard of the pro¬
2307 3185 3089 3240 duction is lowered, and I maintain that
2302 3227 3084 3289 there is today no first class writer in Ger¬
2302 3275 3081 3330 many who is economically able to write
2300 3314 3082 3380 entirely unhampered, just as his talent
2300 3369 3081 3422 prompts him. The economic enslavement
2300 3417 3079 3481 of the writer is no longer a prospect to be
2304 3453 2670 3515 feared. It is a fact.
2406 3497 2754 3560 With best wishes,
2691 3534 3037 3624 W. E. SUSKIND."
2330 3621 3081 3696 Readers who may be inclined to offer
2296 3671 3075 3727 financial assistance to German or Austrian
2299 3726 3075 3775 writers who are in financial straits may
2290 3772 3078 3821 make contacts with the Schutzverband
2293 3817 3075 3877 Deutscher Schriftsteller, Berlin W. 50,
2297 3863 3076 3925 Nürnbergerstrasse 8, or with the Schutz¬
2293 3911 3075 3962 verband Deutscher Schriftsteller in Oester¬
2283 3950 2774 4009 reich, Wien, Annagasse 5.
