3392 4320
657 77 3194 215 de de de der Mann die
657 157 1842 234 geworden, die Söhne wuchsen im Dogma des Unglaubens auf
1865 192 3047 272 Bouteron mitgeteilt. Balzac zu heiraten gehörte ja Mut, er
641 202 1842 288 das sie dann bei der ersten Gelegenheit verleugneten, sie kehrten
1861 237 3178 317 verbrachte sein Leben in einer durchaus imaginären Welt, neben baute
650 253 1842 320 um, wohin? — ja das wußten sie selber nicht. Suchen hat für
1865 282 3037 365 der ihn, wenn er aus ihr erwachte, die Wirklichkeit durch ihr
3063 308 3217 368 oder vor
657 301 1839 368 frische Jugend weitaus mehr Reiz als der schönste Fund. In
1858 333 3037 413 Blässe gespenstisch erschrecken mußte. Madame Hanska wa-
644 352 1839 429 dieser Geistesluft wuchs Reinhard Johannes Sorge zunächst
3072 356 3213 420 Zirkusse
1858 391 3213 468 offenbar nicht bloß von einer unvergleichlichen opferfreudigen zum P.
647 404 1833 461 auf, Richard Dehmel erkannte die Begabung des zuversichtlichen
1861 429 3047 506 Güte, sondern überdies auch eine noch geniale Schauspielerin,
3072 449 3220 513 stellt ha
644 445 1836 513 Jünglings, dem er aber, selbst in den geistigen Wirrnissen
1861 481 3213 554 nicht als ob sie dem Geliebten vorgetäuscht hätte, was er sehen nur da¬
638 497 3044 606 jener übergehenden Zeit befangen, nicht raten, geschweige denn wollte, sondern sie besaß überdies die Kraft, sich selbst immer
3066 541 3194 609 Bühne
641 545 1833 618 helfen konnte. Sorge trug ja von Jugend auf eine schwer¬
1855 577 3217 650 wieder in das, was Balzac sehen wollte, durchaus zu ver¬ naturge
638 593 1836 657 Last. Er war der Sohn eines wohlhabenden Berliners, dessen
1855 628 3207 695 wandeln. Balzac, in den schöpferischen Augenblicken von einer der Vo
641 634 1842 698 Ahnen aus der Provence stammten; ein solches Erbe zu ver¬
1858 673 3044 746 erstaunlichen Kraft, wird, sobald der schaffende Furor ihn ver¬
3063 689 3191 750 stehen,
641 686 3037 785 dauen kostet ausdauernde Geduld. Sorge meint, zunächst sich läßt, ein wehrloses, hilfloses, krankes Kind, er quält dann seine
3063 740 3204 798 in das
631 740 1833 798 aus Büchern Rat und Trost holen zu können, so gerät ge¬
1855 762 3217 843 Umgebung. Seine Frau sagt einmal: „Ich kenne ihn seit sieb¬ orcheste
631 769 1829 846 legentlich Willibrord Verkades „Unruhe zu Gott“ in seine Hand
1858 814 3040 887 zehn Jahren und jeder Tag zeigt mir Züge von ihm, die ich
3063 833 3194 894 stellten
631 830 1833 894 darin meint er sein eigenes Wesen bestätigt zu finden und ver¬
1858 868 3034 929 nicht ahnte. Die Polen begeistern sich für ihn, sie huldiger
3066 881 3185 945 Zirkus
634 871 1826 942 gißt dabei nur, daß der Beuroner in seiner Unruhe ja keines
1855 907 3037 980 ihm, schon weil er Franzose ist und weil sie Deutschland und
3060 929 3210 987 in. Sa¬
631 926 1829 987 wegs behaglich verweilen wollte, sondern durch sie den Heimweg
1855 955 3037 1025 Oesterreich hassen. Nach Paris heimgekehrt, hat Balzac sogleich
3063 974 3178 1038 einige
641 977 1829 1048 zur Ruhe in Gott fand. Die Freunde Sorges irren auch
1852 1003 3207 1076 wieder Anfälle seines Herzleidens, er muß noch erleben, daß eingefü¬
634 1025 1833 1086 wenn sie seine Bekehrung mit der Paul Claudels vergleichen.
1855 1048 3172 1131 sein alter Diener François irrsinnig wird. Balzac weiß, daß nicht,
631 1067 1820 1141 Claudel bekehrte sich, achtzehn Jahre alt, als er einst „zufällig
1845 1105 3204 1195 es ans Ende geht. Viktor Hugo hat ihm den Abschiedsgruß heizung
631 1108 2291 1233 in eine heilige Messe geriet. „In einem Augenblick war mein der Nation überbracht.
631 1157 1833 1233 Herz berührt und ich glaubte, erzählt er selbst. Für ihn ge¬
622 1211 1829 1278 nügte, daß er aus seiner Trägheit, seiner Selbstvergessenheit er¬
622 1249 1829 1323 wachte, denn er hatte doch auch, als er sich seines Glaubens un¬
628 1298 1829 1374 bewußt war, die katholische Luft Frankreichs, des „liebsten
1852 1217 3037 1390 Ein Nierenmittel aus dem Gehirn.
3053 1294 3207 1390 sind sie
628 1346 1829 1429 Kindes der Kirche“, von Jugend auf eingesogen; eine leise Be¬
3053 1374 3201 1432 aus all
1849 1384 3201 1506 Entdeckung eines neuen Hirnhormons. — Wichtige Forschungen wie der
622 1394 1813 1467 rührung ließ ihn sich auf sich besinnen und zu sich erwachen
2121 1438 2758 1506 an einem Berliner Krankenhaus.
622 1435 1820 1519 Der arme Sorge aber, dem solche Hilfe fehlt, irrt immer weiter
3047 1467 3188 1531 kunden
622 1493 1826 1570 überall anklopfend, aber weder Rainer Maria Rilke, der ihn
1941 1483 2986 1560 Seit dem berühmten „Zuckerstich" Claude Bernards
3047 1515 3204 1579 Auto
622 1547 1823 1621 mächtig anzieht, noch der Kreis um Stephan George, in seiner
1839 1531 3197 1631 ein Stich ins Gehirn, der Erscheinungen der Zuckerkrankheit von der
1842 1589 2047 1650 hervorruft
622 1586 1820 1663 hohen Form gesichert, noch Karl Muth und der Kreis und das
2159 1599 3037 1666 hat sich die Forschung wiederholt mit dem
615 1640 1817 1727 von Muth begründete „Hochland“ konnten ihn helfen. Er
1842 1640 3028 1714 Phänomen beschäftigt, daß Einstiche in bestimmte Gehirnteil¬
3050 1666 3169 1733 ist es
612 1688 1813 1765 war weder zum Denker noch zum Dichter vorbestimmt, er stark
1842 1698 3028 1791 eine explosiv eintretende Förderung der Nierentätigkeit zu¬
3047 1720 3191 1797 einmal
1842 1736 2086 1813 Folge haben.
625 1730 1807 1807 den Heldentod fürs Vaterland am 1. August 1916. Ein Gebet
3047 1775 3181 1833 haben
622 1778 1817 1861 das man in seiner Brieftasche fand, schließt mit den Worten:
1938 1759 3015 1884 Vor Jahren machte der Direktor der Inneren Abteilun
3053 1823 3185 1874 gewerb
615 1845 3021 1922 „Gib mir, Vater der Gnade, wie du willst, und sei im voraus am Augustehospital in Berlin Professor Schlayer ein merk
3050 1874 3188 1932 für die
615 1887 3185 1970 gepriesen wegen deiner Anordnungen. Gib mir die Gnade, im würdiges Experiment. Er durchschnitt an Versuchstieren alle werke
615 1935 1813 1999 rechten Sinn zu bitten, im rechten Sinn zu empfangen, im
1836 1938 3185 2028 Nerven, welche die Nieren mit dem Rückenmark und dem Gehirn direktor
622 1977 1810 2047 rechten Sinn auszuteilen. Wenn du willst, wird mein Leben da¬
1833 1990 3018 2066 verbinden, und führte dann jenen Stich ins Gehirn aus. Wär¬
3047 2015 3191 2070 andere
606 2012 1807 2102 verborgene eines gerechten Mannes werden, willst du anders
1833 2038 3185 2121 die Theorie, daß bei dem Wasserstich ins Gehirn Nervenreize Bestim¬
615 2066 3172 2175 so kannst du — nemals ich, o Herr — aus mir einen Heiligen eine Rolle spielen, richtig, dann dürfte an den also entnerten dritte,
612 2124 3021 2201 machen. Nur um eine Gnade bitte ich: Lieber sterben, als Nieren die Reaktion nicht eintreten. Ist doch gewissermaßen die
3050 2159 3188 2220 falls a¬
618 2166 1807 2249 sündigen! Hier bin ich, Herr!“ In der Literaturgeschichte
1833 2182 3185 2259 Telephonverbindung zwischen Gehirn und Nieren durch Durch¬ Nur de
618 2217 1804 2287 schwankt das Bild Sorges, er wird gelegentlich in die Nähe
1829 2230 3185 2316 schneidung der Drähte gestört. Es kam aber anders. Auch in den den sei¬
612 2265 3178 2355 Strindbergs überhoben oder gar an Handel=Mazettis entnerten Nieren trat die gewaltige Funktionssteigerung nach sind von
606 2303 1797 2393 hoher Kunst gemessen, was ganz töricht ist: Unsere groß
1826 2326 3024 2403 dem Hirnstich ein. Sohin liegt hier keine Nervensache vor,
3050 2348 3175 2412 suchtest
609 2355 1797 2444 Dichterin muß nicht erst suchen, sie teilt uns einen Hauch ihre
1833 2374 3165 2457 sondern ein noch unbekanntes chemisches Agens. Vorerst Ver- ebenso
602 2409 1522 2493 eigenen Vollendung mit und wir sind geborgen.
1823 2432 3175 2509 mutung: durch den Einstich in das Gehirn wird eine Schleuse brillier
711 2467 3178 2557 10. Januar. Der Nobelpreis für Thomas Mann er geöffnet und aus dem Gehirn sprudelt ein Saft ins Blut, der ebenso
1820 2528 3012 2595 zu den Nieren gelangt und da die eindrucksvolle Wasseraus¬
599 2505 1804 2598 Deutschland und wir Oesterreicher freuen uns dieser Ehrung
3037 2547 3169 2605 zwische
1823 2573 3012 2640 scheidung bewirkt. Das Gehirn sondert also ein Nierenmittel ab¬
599 2576 1791 2653 neidlos mit, aber insgeheim fragt sich unsereiner gelegentlich
3050 2595 3169 2653 Herren
1823 2614 2284 2698 Das Gehirn eine Drüse!
599 2621 1797 2694 doch, ob denn in Schweden niemand bemerkt, daß es noch
3028 2640 3172 2698 deutun
599 2669 1788 2739 immer, wenn auch bloß in aller Stille, sozusagen verschämt
1922 2650 3172 2749 Neuestens hat nun an der Abteilung des Professors daß die
596 2714 1794 2797 Oesterreicher gibt. Da Hofmannsthal uns vor der Zeit erlosch
1823 2698 3169 2810 Schlayer Dr. J. Olivet den experimentellen Nachweis dafür er¬ang
596 2768 1797 2848 wäre für den Nobelpreis jetzt Artur Schnitzler an der Reihe.
1817 2768 3012 2842 bracht. Aus sinnreichen und schlagenden Experimenten folgt die
596 2810 1788 2890 Ihm selber kam sicherlich der Gedanke daran noch gar nicht
1817 2819 3012 2890 Tatsache, daß das Gehirn ein Medikament absondert, welches an
599 2861 3015 2947 für sich zu werben oder auch nur sich zu melden ist ganz un¬ Wirksamkeit alle bisher bekannten harntreibenden Mittel weit
593 2912 1788 2979 österreichisch, wir verzichten eher auf unser gutes Recht, un
1820 2919 3169 2999 in den Schatten stellt. An der ersten Gruppe der Versuchstiere theater
596 2960 1788 3028 nur ja nicht eitel zu scheinen. Schweden aber meinen vielleicht
1817 2970 3146 3050 wurde mit dem Stich ins Gehirn eine mächtige Harnflut hervor- noch
596 3008 1788 3076 daß Oesterreich ja längst zu Deutschland gehört. Es gibt
1820 3015 3165 3095 gerufen. In dem Blut dieser Tiere mußte also reichlich jener gesproch
596 3050 1784 3127 Deutsche, die derselben Meinung sind. Mein neuer Roman heiß
1820 3066 2996 3133 Saft enthalten sein, den das Gehirn auf den Einstich hin ab
3021 3092 3149 3149 Umbau
596 3117 1784 3175 „Oesterreich in Ewigkeit", so sollte man meinen, daß allein
1813 3111 3146 3201 gesondert hatte. Die Probe aufs Exempel: das Blut dieser Tiere letzten
593 3156 3152 3236 dieser Titel schon meinen unerschütterlichen Glauben an Oester= wurde abgezapft, eingedickt und anderen völlig normalen und zum
589 3201 1788 3274 reich offenbart, vielleicht sogar aufdringlicher, als guter Ge¬
1813 3210 3149 3297 gesunden Tieren eingespritzt. Die Wirkung der Injektion ist ver¬ Volksst
593 3249 1784 3325 schmack erlaubt. Man denke sich nun meine Verwunderung
1804 3261 2989 3335 blüffend. Bereits in den ersten zehn Minuten steigt die Nieren
3018 3281 3133 3338 locken
586 3297 1788 3364 wenn ich in allerhand durchaus nicht böswilligen, sondern eher
1807 3303 2992 3402 tätigkeit um das Vier= bis Zwanzigfache, manchmal sogar noch
3024 3329 3152 3383 stattun
586 3351 1970 3406 unverdient anerkennenden Kritiken immer wieder lese, daß ich darüber.
3008 3377 3149 3441 Aussta
596 3393 1788 3460 für einen „Anschluß Oesterreichs an Bayern werbe und auf ihn
1913 3390 3149 3486 Das Rätsel des Hirnstiches klärt sich dahin: der Stich ins sich, di
586 3444 1775 3515 hoffe! Das österreichische Innviertel ist bayrischen Stammes
1813 3447 3130 3518 Gehirn bewirkt da eine Ausschüttung des harntreibenden Hirn¬ haben
583 3489 1778 3563 ja dieser streckt sich über Salzburg und Oberösterreich noch fas
1801 3498 3152 3585 hormons ins Blut. Das Blut solcher Tiere ist dank seines Ge¬ Freiha,
596 3543 1775 3604 bis in die Wachau vor. Wir Oberösterreicher sind Mostschädel
1804 3550 3136 3620 haltes an dem neuentdeckten Hirnhormon imstande, auch in Böhm
577 3579 1781 3652 doch in der Wachau löst dann den Most allmählich der Wein
1804 3604 3152 3668 normalen Tieren eine verblüffende Steigerung der Wasser¬ Anhän
577 3643 1781 3700 ab und mit dem Trank wechselt auch die Rasse, sie fühlt sich
1807 3649 2989 3713 ausscheidung, also der Nierenfunktion in kürzester Zeit geradezu
586 3684 1775 3752 hier leise vom Osten angehaucht. Schon der alte Metternick
1807 3691 2989 3752 explosiv zu erzeugen. Neuestens gelang es den Berliner
3012 3700 3143 3771 freilich
586 3732 1784 3796 sagte, daß in der Taborstraße bereits der Balkan beginnt. Mein
1810 3739 2979 3819 Forschern, dieses neue Hirnhormon nicht nur im Blut, sonder
3002 3761 3136 3819 Periph
586 3784 2688 3844 Roman spielt in einer österreichischen Kleinstadt, die sich noch auch in den Nierenausscheidungen nachzuweisen.
2996 3806 3133 3867 das se
583 3832 1781 3889 wehrt, entwurzelt zu werden, doch die Morgenluft des fernen
1900 3835 2979 3912 Als Quelle des neuen Hirnhormons muß das Zwischenhirn
3005 3854 3136 3915 Jahre
583 3880 2137 3947 Ostens zuweilen in allen Gliedern spürt. Davor erschrickt die angesehen werden.
3002 3902 3133 3963 oberös¬
589 3925 1775 3982 Fürstin meines Romans und dieser Schreck mag flüchtigen
1900 3902 3130 3998 Das Nierenmittel aus dem Gehirn dürfte für die Zukunft den
573 3989 2973 4082 Lesern in alle Glieder fahren. Lesen ist eine Kunst, die heute eine sehr ersehnte Bereicherung des Arzneischatzes werden. Zwar
3002 3989 3127 4069 Enkel.
