3392 4320
353 265 1033 395 Miscellaneous
1214 278 1651 401 box 42/4
486 829 715 903 Seite 16
1246 839 1441 923 Sonntag
2004 835 2483 942 Neues Wiener Journal
2878 864 3076 958 26. Jan
447 897 1667 1000 komplizierter Toiletteartikel, Flakons und Schächtelchen in ein
2878 949 3072 1026 ist an Mi
453 971 1667 1046 chemisches Laboratorium umgewandelt, wird es ebenfalls ge¬
1777 952 2457 1101 Wetterharte
2875 1017 3069 1078 hervorruf
456 1023 1654 1088 meldet. Ist die zum Waschen kommende Wäsche stärker gebraucht
2872 1065 3056 1123 zu wenig
453 1075 1651 1133 als dies normalerweise bei besseren Hotelgästen der Fall zu sei¬
2205 1059 2745 1175 Menschen
2878 1110 3072 1175 teil Queck
447 1110 1661 1191 pflegt, waschen am Ende gar Gäste aus Sparsamkeitsgründen
1894 1123 2606 1233 fürchten keinen Regen, keinen Sturm
2878 1156 3072 1224 Sollte
453 1162 1664 1243 Strümpfe und Taschentücher in ihrem Zimmer — das Bureau
1998 1204 2528 1269 keine Anstrengung, denn sie
2872 1201 3059 1266 Mengen
453 1204 1654 1285 nimmt es zur Kenntnis! Und noch weniger bleibt es ihm ver¬
2865 1253 3063 1311 der Niere
447 1250 1658 1334 borgen, wenn der Passagier schon am zweiten Tag zu fragen
1836 1233 2684 1350 verwenden ständig
2865 1298 3056 1360 haushalte
450 1311 1651 1376 anfängt, ob seine telegraphische Geldanweisung noch nicht ge¬
1768 1318 2739 1405 zur Pflege und zur Stählung ihres Körpers den viel¬
2865 1347 3059 1424 dessen sich
447 1347 1648 1434 kommen ist. Aber auch für die wirklich noblen Hotelgäste gibt es
2318 1379 2402 1424 ter
447 1392 1651 1470 ein untrügliches, wenn auch vielleicht nicht aus so vielen Zügen
444 1447 1648 1522 zusammengesetztes Signalement. Man weiß aus alter Erfahrung
450 1496 1648 1564 daß die wohlhabendsten und vornehmsten Gäste in der Regel die
440 1541 1651 1625 bescheidensten sind. Sie verlangen nicht, daß die Hausordnung
450 1590 1648 1671 ihretwegen umgestürzt wird, sondern sie richten sich nach ihr.
440 1635 1645 1722 Das Beschwerdebuch wird am häufigsten von den Hochstaplern,
2927 1667 3027 1748 Wo
444 1684 1645 1761 die von ihrem „bestimmten Auftreten leben, verlangt. Und nur
444 1732 1641 1807 die Zechpreller werden sofort unangenehm, wenn sie von einen
1739 1654 2749 1823 FRANZ BRANNTWEIN
440 1781 1467 1868 kleinen Liftjungen nicht devot genug gegrüßt werden.
2030 1790 2490 1878 mit Menthol.
554 1829 1638 1913 So, und nun sind Sie ungefähr darüber aufgeklärt, welch
1761 1842 2742 1923 Kräftigt durch tägliche Einreibungen (Massagen)
2966 1832 3063 1920 Wä
1764 1897 2736 1962 Muskeln und Sehnen, erhöht Elastizität und Ausdauer,
447 1865 1638 1988 schwere Kunst es ist, ein Gast zu sein, an dem ein großes Hote
2862 1897 3056 1972 der Brei
1768 1939 2745 1998 erfüllt mit verjüngender Frische. Ebenso wertvoll zur
447 1939 913 2020 sein Wohlgefallen hat.
2855 1952 3040 2020 brechend,
1998 1975 2512 2049 Mund- und Haarpflege.
2859 2007 3050 2072 am Ran¬
1826 2017 2684 2124 Ueberall erhältlich.
2862 2049 3040 2114 letzten H
2865 2101 3050 2166 denen sig
1771 2078 2736 2185 Wertlose Nachahmungen sind energisch zurück¬
868 2036 1221 2211 Tagebuch.
2159 2143 2354 2195 zuweisen.
2868 2150 3050 2214 wohlgem
2868 2198 3021 2257 sie auch
997 2202 1094 2266 Von
1658 2227 3040 2305 selten geworden ist, man liest nicht mehr, nan sticht bloß auf drei Sch
881 2221 1204 2321 Hermann Bahr.
1651 2282 3034 2354 jeder Seite einen oder den anderen Satz heraus, spießt ihn auf gern be¬
537 2302 3027 2396 8. Januar. Konversionen, einst von großer Seltenheit, und meint nun, nach diesen paar Brocken urteilen zu dürfen. Fünfhau
437 2357 3034 2448 werden in der Gegenwart fast Mode, wofern man einen so Aber meine Romane sind hochmütig, sie wollen Wort für Wort Gardero
431 2393 2658 2490 weltlichen Namen für Erscheinungen von so hohem Ernst ge¬ nachdenklich gelesen sein, oder aber lieber gar nicht.
2855 2431 3030 2496 den Ma¬
427 2441 1632 2525 brauchen darf. Diese Wendung ist nicht so seltsam, als sie zu¬
2859 2486 3030 2545 ein, die
1755 2454 2839 2548 14. Januar. Die „Pologne littéraire“, die in Warschau
434 2496 1628 2567 nächst scheint: Jugend will stets von der Tradition los und
2855 2532 3027 2603 hördlich
1658 2512 2836 2600 erscheint, bringt im letzten Heft Briefe der Madame Hanska
437 2545 2836 2645 Unglaube war im Bürgertum allmählich eine feste Tradition der Gattin Balzacs, an ihre Tochter Anna, von Marce
2862 2584 3011 2645 wollen.
427 2596 1628 2668 geworden, die Söhne wuchsen im Dogma des Unglaubens auf
1658 2629 2839 2700 Bouteron mitgeteilt. Balzac zu heiraten gehörte ja Mut, er
431 2645 1628 2707 das sie dann bei der ersten Gelegenheit verleugneten, sie kehrten
1651 2635 3027 2752 verbrachte sein Leben in einer durchaus imaginären Welt, neben baute
431 2684 1628 2758 um, wohin? — ja das wußten sie selber nicht. Suchen hat für
1648 2726 3021 2784 der ihn, wenn er aus ihr erwachte, die Wirklichkeit durch ihre oder von
440 2736 1625 2810 frische Jugend weitaus mehr Reiz als der schönste Fund. In
1651 2771 3017 2836 Blässe gespenstisch erschrecken mußte. Madame Hanska war Zirkusse
431 2784 3030 2901 dieser Geistesluft wuchs Reinhard Johannes Sorge zunächst offenbar nicht bloß von einer unvergleichlichen opferfreudigen zum Pe¬
424 2836 2836 2946 auf, Richard Dehmel erkannte die Begabung des zuversichtlichen Güte, sondern überdies auch eine noch geniale Schauspielerin,
2859 2881 3021 2940 stellt ha¬
431 2885 1625 2953 Jünglings, dem er aber, selbst in den geistigen Wirrnissen
1651 2923 3017 2998 nicht als ob sie dem Geliebten vorgetäuscht hätte, was er sehen nur da¬
431 2930 1628 3008 jener übergehenden Zeit befangen, nicht raten, geschweige denn
1648 2966 3004 3030 wollte, sondern sie besaß überdies die Kraft, sich selbs immer Bühne
427 2985 1622 3050 helfen konnte. Sorge trug ja von Jugend auf eine schwer¬
1645 3014 3021 3076 wieder in das, was Balzac sehen wollte, durchaus zu ver¬ naturge
427 3024 1616 3102 Last. Er war der Sohn eines wohlhabenden Berliners, dessen
1645 3059 3011 3131 wandeln. Balzac, in den schöpferischen Augenblicken von einer der Vo¬
424 3072 1616 3144 Ahnen aus der Provence stammten; ein solches Erbe zu ver
1641 3114 2982 3179 erstaunlichen Kraft, wird, sobald der schaffende Furor ihn ver¬ stehen,
424 3124 1619 3199 dauen kostet ausdauernde Geduld. Sorge meint, zunächst sich
1645 3160 2995 3218 läßt, ein wehrloses, hilfloses, krankes Kind, er quält dann seine in das
421 3176 1619 3238 aus Büchern Rat und Trost holen zu können, so gerät ge¬
1641 3205 3004 3270 Umgebung. Seine Frau sagt einmal: „Ich kenne ihn it sieb¬ Orcheste
421 3215 1616 3296 legentlich Willibrord Verkades „Unruhe zu Gott“ in seine Hand
1645 3263 2833 3322 zehn Jahren und jeder Tag zeigt mir Züge von ihm, die ich
2862 3263 2998 3322 stellten
414 3263 1616 3344 darin meint er sein eigenes Wesen bestätigt zu finden und ver¬
1645 3312 2988 3367 nicht ahnte. Die Polen begeistern sich für ihn, sie huldigen Zirkus
414 3322 3008 3429 gißt dabei nur, daß der Beuroner in seiner Unruhe ja keines ihm, schon weil er Franzose ist und weil sie Deutschland und im Sac
418 3364 1616 3435 wegs behaglich verweilen wollte, sondern durch sie den Heimweg
1635 3403 2978 3461 Oesterreich hassen. Nach Paris heimgekehrt, hat Balzac sogleich einige
418 3409 2998 3529 zur Ruhe in Gott fand. Die Freunde Sorges irren auch, wieder Anfälle seines Herzleidens, er muß noch erleben, daß eingefü¬
418 3458 1612 3539 wenn sie seine Bekehrung mit der Paul Claudels vergleichen
1641 3496 2956 3564 sein alter Diener François irrsinnig wird. Balzac weiß, daß nicht,
414 3513 1599 3594 Claudel bekehrte sich, achtzehn Jahre alt, als er einst zufällig
1632 3548 2830 3626 es ans Ende geht. Viktor Hugo hat ihm den Abschiedsgruß
2855 3548 2998 3626 heizung
414 3561 2069 3652 in eine heilige Messe geriet. „In einem Augenblick war mein der Nation überbracht.
414 3607 1612 3678 Herz berührt und ich glaubte, erzählt er selbst. Für ihn ge¬
411 3658 1612 3723 nügte, daß er aus seiner Trägheit, seiner Selbstvergessenheit er¬
414 3704 1616 3772 wachte, denn er hatte doch auch, als er sich seines Glaubens un¬
405 3684 2820 3843 bruck van de aange der Sonntag, den ein Merenmittel aus dem Gehirn.
2843 3726 3001 3823 sind sie
408 3791 1606 3862 Kindes der Kirche“, von Jugend auf eingesogen; eine leise Be¬
2843 3807 2991 3862 aus all
1632 3827 2991 3937 Entdeckung eines neuen Hirnhormons. — Wichtige Forschungen wie der
411 3849 1599 3911 rührung ließ ihn sich auf sich besinnen und zu sich erwachen
1900 3885 2548 3950 an einem Berliner Krankenhaus.
405 3888 1616 3959 Der arme Sorge aber, dem solche Hilfe fehlt, irrt immer weiter,
2833 3901 2978 3956 kunden
1732 3930 2781 3992 Seit dem berühmten „Zuckerstich" Claude Bernards
411 3937 1609 4005 überall anklopfend, aber weder Rainer Maria Rilke, der ihn
2833 3950 2978 4011 Auto
1628 3972 2985 4060 ein Stich ins Gehirn, der Erscheinungen der Zuckerkrankheit von der
405 3992 1603 4050 mächtig anzieht, noch der Kreis um Stephan George, in seiner
1625 4037 2820 4095 hervorruft — hat sich die Forschung wiederholt mit dem
405 4031 1603 4108 hohen Form gesichert, noch Karl Muth und der Kreis und das
1628 4082 2813 4150 Phänomen beschäftigt, daß Einstiche in bestimmte Gehirnteil¬
408 4079 1603 4144 von Muth begründete „Hochland“ konnten ihm helfen. Er
2843 4105 2943 4170 ist es
398 4125 2807 4193 war weder zum Denker noch zum Dichter vorbestimmt, er starb eine explosiv eintretende Förderung der Nierentätigkeit zu¬
2830 4160 2972 4215 einmal
