3392 4320
571 115 1290 183 in Frage kam, in Ehren bestehen.
678 156 1744 218 Im übrigen: nicht nur die Liste jener
209 136 538 236 das Ergebnis
579 207 1748 263 21 Männer, deren Namen in den Zuschriften unsrer
209 214 546 277 ten Namen nach
579 261 1680 318 Leser am häufigsten wiederkehren, ist interessant
220 259 532 335 en gereiht sind
577 306 1750 357 interessant ist auch, welche andern Persönlichkeiten eine
573 351 1752 411 mehr oder minder beträchtliche Stimmenanzahl auf sich
573 403 1737 462 vereinigten, interessant, welche Namen überhaupt ge¬
573 456 889 513 nannt wurden.
655 495 1746 550 Da sei zunächst mitgeteilt, daß nicht weniger als
557 544 1750 600 230 Künstler und 278 Wissenschaftler für die
557 591 1748 649 neue Auszeichnung vorgeschlagen wurden — ein Teil von
557 639 1748 694 ihnen allerdings mit Unrecht, da dieser von allem Anfang
559 684 1744 754 an nach den Bedingungen unsres Preisausschreibens
557 735 1748 782 oder nach den Bestimmungen des Gesetzentwurfes bei
559 776 1748 842 unsrer Zählung außer Betracht bleiben mußte. Unsre
565 830 1748 887 Preisfrage war nur auf Oesterreicher be¬
563 871 1711 928 grenzt. Die zahlreichen Stimmen, die für den größte
559 926 1737 976 lebenden Komponisten dramatischer und symphonischen
557 973 1748 1033 Musik Richard Strauß, der in München, und
364 1066 540 1173 uregg,
353 1641 542 1742 gten Zu¬
341 1723 546 1783 tler und
314 1772 550 1840 mußte der
310 1813 548 1881 den dessen
302 1863 548 1933 it. Die beste
308 1916 542 1976 18 Namen
322 1963 546 2023 mehreren
304 2013 544 2066 mußte das
361 2060 540 2117 reis von
600 2152 1033 2294 Gefahr!
604 2294 1701 2407 für die Gesundheit Ihrer Kinder!
281 2327 456 2436 Leser.
768 2380 1692 2460 Die widerwärtigen Fliegen sind grosse Quäl¬
263 2405 550 2489 wir unsern
774 2452 1696 2520 geister im Dasein des Kindes. Durch Verun¬
265 2469 544 2538 char der be¬
780 2499 1696 2559 reinigung und Vergiftung der Nahrung rufen
255 2518 540 2586 zu erwählen,
776 2549 1692 2600 die Fliegen ernste Krankheiten beim Kinde
203 2567 540 2637 zwölf Wissen¬
776 2592 1692 2666 hervor und werden so zu einer wahren Kin¬
193 2614 546 2678 für Kunst und
780 2643 1419 2692 derplage. Zerstäuben Sie Flit!
129 2666 548 2734 n. Ueberblickt man
776 2674 1698 2750 Flit tötet Fliegen, Motten, Gelsen, Wanzen,
129 2711 513 2783 veröffentlichte¬
782 2736 1694 2793 Flöhe, Küchenschaben, Ameisen, Holzwürmer
298 2760 546 2824 muß man
780 2783 1696 2857 etc. samt Brut. Flit-Zerstäubung ist unschäd¬
175 2805 538 2863 die Aufgabe
780 2830 1600 2892 lich für den Menschen und fleckt nicht.
125 2853 550 2927 Kunst und Wissen¬
789 2853 1692 2927 Verwechseln Sie Flit nicht mit anderen In¬
146 2902 540 2972 entfallen sind, ge¬
774 2927 1692 2984 sektenvertilgungsmitteln. Verlangen Sie aus¬
131 2937 544 3007 des geistigen
776 2972 1703 3023 drücklich Flit in der plombierten gelben
119 2994 544 3066 en ist unwert jener
776 3013 1692 3081 Kanne mit schwarzem Band und dem Sol¬
780 3064 928 3136 daten.
119 3099 544 3171 sich ging hinaus...
156 3150 546 3214 Er ist mir nach¬
131 3196 540 3280 gesehen, daß ich viel
390 3331 552 3440 schrieb
123 3333 353 3424 ankreich!"
117 3401 548 3479 sensationell“ kehrte
129 3452 524 3514 ingen radikal vor!
967 3422 1561 3532 tötet schneller
123 3508 546 3569 ander sollten ihre
146 3549 544 3619 austragen!“ Die
563 3551 1756 3631 die für den größten lebenden Operettenkomponisten Franz
189 3592 536 3660 an die Gleich
573 3621 1756 3680 Lehar, der in Komorn geboren ist, abgegeben
140 3637 546 3705 für Menschenrechte
567 3668 1758 3730 wurden, offenbar, weil sie beide in Wien ihre Heimat
125 3693 540 3758 Côte d'Azur hatten
123 3717 1758 3797 vermocht: ein Neger gefunden haben, konnten nicht berücksichtigt werden.
573 3758 1750 3824 Das künftige Ehrenzeichen ist ihnen ja wahrscheinlich
123 3785 546 3857 ne Antibes. Ein
119 3810 1752 3890 ner Jazzkapelle, in trotzdem sicher, wenn auch nicht in der Gruppe der zwölf
111 3857 1758 3941 uen gefunden mit österreichischen, so doch in der Gruppe der zwölf aus¬
113 3912 1766 3978 dar ihm ein schwerer ländischen Künstler, denen es verliehen werden soll. Von
111 3947 1758 4040 über den Schädel ge= andern ausländischen Künstlern oder Wissen¬
117 3999 1756 4079 „Respekt vor weißen schaftlern begegnet man in den Zuschriften Peter
573 4046 1762 4110 Behrens, Noorden, Wassermann, Wenckebach und Werfel.
302 4066 546 4126 Das Ganze
111 4066 238 4130 Klan.
573 4095 1760 4159 Auch hier ein entschuldbarer Irrtum, weil diese Männer
117 4112 540 4161 Verwaltungsgebietes
1774 138 2943 193 rühmtheiten, die richtigerweise von unser
1783 185 2949 240 Lesern als Kandidaten für das neue Ehrenzeichen auf¬
1776 234 2955 288 gestellt wurden. Nach den 21 „Siegern“ noch eine lange
1783 283 2962 335 Liste von Dichtern und Musikern, Malern, Bildhauern
1783 333 2955 380 und Architekten, von Gelehrten aus allen Fächern der
1785 376 2959 440 Wissenschaft, die der Auszeichnung für würdig erachtet
1774 421 2947 485 wurden. Für die Gruppe „Kunst" erscheinen vor¬
1774 470 2964 526 geschlagen, nach dem Stimmenverhältnis geordnet:
1781 520 2959 577 Oskar Kokoschka, der Bildhauer Hellmer, Stefan Zweig,
1783 567 2953 626 Rudolf Hans Bartsch, der Komponist Josef Marx,
1776 616 2955 676 Alfred Roller, Hans Bitterlich, der Maler Goltz, der
1785 661 2955 713 Dichter Emil Ertl, der Architekt Adolf Loos, der
1783 713 2953 772 Medailleur Marschall, Felix Salten, der Stahlschneider
1776 762 2959 815 Blümelhuber, der Maler Jehudo Epstein, die Dichterin
1781 807 2955 861 Erika Handel=Mazzetti, Max Mell, Luigi Kasimir,
1774 848 2955 910 Richard Beer=Hofmann, Ernst Decsey, die Dichterin
1774 893 2959 957 Paula Grogger, der Komponist des „Wozzeck“ Allan
1783 943 2962 1004 Berg, Architekt Oerley, der Maler Rudolf Jettmar,
1774 998 2959 1052 der Komponist Oberleithner, Richard Schaukal, Hans
1774 1049 2959 1109 Müller, Rudolf Greinz, Mirko Jelusich, Josef Krenek.
1776 1093 2959 1144 Auch der Operettenkomponisten wurde nicht vergessen.
1776 1142 2962 1203 Neben Lehar, den wir schon erwähnten, wird auch
1776 1185 2957 1247 Emmerich Kalman, gleichfalls ein Ungar, vorgeschlagen
1774 1236 2955 1294 dann Oskar Straus, Edmund Eysler, Bruno Granich¬
1774 1279 2269 1341 städten und Leo Ascher.
1869 1306 2962 1388 In der Gruppe der Wissenschaftler kommt
1768 1380 2968 1438 den Siegern am nächsten der Grazer Chemiker, der
1776 1417 2962 1477 Nobelpreisträger Professor Dr. Fritz Pregl, dann der
1776 1477 2966 1528 Individualpsychologe Alfred Adler und Professor Josef
1768 1522 2959 1579 Redlich. Besonderer Popularität erfreuen sich, wie aus
1768 1569 2957 1618 den Zuschriften hervorgeht, begreiflicherweise unsre
1768 1612 2968 1668 medizinischen Koryphäen. Mit einer stattlichen
1768 1661 2962 1717 Anzahl von Stimmen wurden bedacht der Dermatolog
1776 1713 2962 1770 Ernst Finger, der Röntgenolog Holzknecht, der
1768 1754 2968 1809 Bakteriologe Rudolf Krauß, Norbert Ortner und
1768 1799 2962 1855 Chvostek, die Chirurgen Professor Julius Schnitzler und
1770 1846 2966 1902 Burkhard Breitner, der Otolog Professor Heinrich
1770 1894 2962 1949 Neumann, der Laryngolog Professor Hajek, die Ophthal¬
1768 1943 2968 1990 mologen Professor Ernst Fuchs und Professor
1768 1988 2968 2037 Meller, ferner die Professoren Halban, Moll und Pötzl.
1781 2029 2962 2080 Von Juristen begegnen wir am öftesten den Namen
1774 2078 2964 2132 Otmar Spann, Gleispach, Sperl, Schwind, Menzel
1768 2122 2968 2175 und Ehrenzweig. Der Altbundespräsident Dr. Michael
1774 2161 2959 2220 Hainisch wird ob seiner Betätigung als Volkswirt¬
1774 2214 2964 2269 schaftler, seine Mutter Marianne Hainisch, die ehr¬
1768 2253 2968 2321 würdigste Frauengestalt unsrer Republik, als die ver¬
1776 2302 2966 2362 dienstvolle Vorkämpferin für die Frauenrechte, und Alt¬
1770 2349 2962 2405 bundeskanzler Dr. Seipel in seiner Eigenschaft als Pro¬
1783 2401 2955 2458 fessor der Moraltheologie für das Ehrenzeichen vor¬
1783 2444 2962 2504 geschlagen. Aus der Fülle der Namen, die immer wieder
1774 2491 2964 2547 in den uns zugegangenen Listen auftauchen, seien noch
1768 2538 2968 2600 herausgegriffen: der Historiker Dopsch, der Geograph
1770 2586 2959 2637 Oberhummer, der Vater der Paneuropaidee Couden¬
1776 2629 2959 2686 hove-Calergi, Professor Karl Bühler, der Philosoph
1768 2678 2962 2738 Reininger, die technischen Professoren Mache, Becke,
1770 2717 2966 2781 Karl Hochenegg, Max Reithoffer, Saliger, Architekt
1776 2771 2959 2828 Ferstel, der Unterrichtsminister und Professor für Ge¬
1776 2816 2962 2881 schichte Josef Srbik, die Theologen Professor Innitzer
1776 2863 2966 2925 (Minister für soziale Verwaltung) und Professor
1770 2908 2933 2976 Nivard Schlögl, die Professoren Wegscheider, Rittle
1772 2957 2824 3027 (Innsbruck) und der Segelflieger Kurt Kronfeld.
1875 2994 2962 3062 Das Preisausschreiben des „Neuen Wiener Tag¬
1776 3052 2966 3113 blattes“ hat in seinen Ergebnissen den Beweis geliefert,
1781 3097 2966 3165 wie stark das Interesse für künstlerische und wissenschaft¬
1781 3148 2974 3208 liche Persönlichkeiten und ihre Leistungen in den
1781 3189 2966 3259 weitesten Kreisen unsres Volkes wurzelt und welche
1781 3243 2972 3315 Dankbarkeit und Anerkennung ihnen entgegengebracht
1783 3292 2968 3362 wird. Aus allen Schichten stammen die Zuschriften, die
1781 3344 2966 3403 uns zugekommen sind: der Universitätsprofessor wie der
1785 3393 2974 3456 Gymnasiast, der begüterte Schloßherr, der Beamte, der
1785 3440 2974 3498 Kaufmann, der Angestellte, die Leute aus Wien, aus
1781 3495 2974 3551 der Großstadt, wo Kunst und Wissenschaft ihre natürliche
1785 3539 2980 3598 Pflegestätte gefunden haben, wie aus dem entlegenen
1797 3590 2976 3645 Gebirgsdorf, das von aller Welt und aller modernen
1789 3633 2976 3695 Kultur abgeschlossen zu sein scheint, haben uns ihre
1791 3674 2976 3740 Vorschläge eingesendet. Bezeichnend für die Popularität
1789 3732 2976 3787 der hervorragenden Künstler und Wissenschaftler unsres
1789 3777 2972 3838 Landes, und bezeichnend für das richtige Urteils¬
1789 3820 2974 3884 vermögen der großen Masse, daß weitaus die über¬
1795 3871 2974 3935 wiegende Mehrzahl der Zuschriften zumindest zwölf bis
1791 3921 2970 3984 vierzehn jener Namen anführt, die schließlich als die be¬
1795 3970 2976 4050 rühmtesten Oesterreicher aus der Stimmenzahlung
1797 4023 2251 4099 hervorgegangen sind.
2146 4114 2955 4181 ankommt nach Wien
