3392 4320
2650 328 2837 427 Nr. 224
1929 328 2298 430 15. August 30
941 338 1452 437 Neues Wiener Tagblatt
169 342 487 423 Wien, Freitag
1777 427 2979 501 andern Theaterleitern: Dr. Beer, Herterich, Jarno und
1787 501 2972 555 Schneiderhan. Von Opern= und Schauspielkräften:
1784 545 2982 599 Marie Jeritza und Lotte Lehmann, die Mildenburg,
156 531 1760 653 Miesten Oesterreicher
1777 592 2979 640 Richard Mayr, Schmedes, Piccaver und Sleza, die
1784 636 2982 691 Bleibtreu und die Medelsky, die Schratt und Hansi
146 653 1337 768 bnis unseres Preisausschreibens.
1787 687 2979 738 Niese, Heine und Hartmann, Thaller und Treßler, Ida
1784 731 2986 789 Roland und Else Wohlgemut, Klitsch und Moissi. Die
159 748 2881 839 uen Wiener Tag=hohen Auszeichnung, die unsre Regierung jetzt schaffen Dirigenten Clemens Krauss und Franz Schalk,
159 823 1764 880 desbürger, zwölf will und die ihnen nach dem Urteil eines weiter
1797 812 2979 900 Virtuosen Huberman, Kreisler, Rosé, Emil Sauer
589 880 2278 931 Kreises ihrer Landsleute gebühren soll. Es ist ein und Moritz Rosenthal,
159 873 565 941 für die Gruppe der
592 907 1774 975 Urteil, geschöpft aus dem Empfinden der Masse, ge¬
1889 900 2986 985 Wie gesagt, alle diese Namen mußten bei der
162 927 565 982 des Ehrenzeichens
599 965 1764 1026 fällt von der Volksstimme, aber es kann auch vor der
1801 965 2975 1029 Stimmenzahlung beiseite gelassen werden. Aber es
156 968 559 1039 digsten erscheinen
586 1015 1767 1093 Kritik der Sachverständigen auf jedem Gebiete, das hier
1794 1012 2979 1083 blieben dann noch immer an vierhundert Be¬
159 1022 562 1104 iligung in unserm
589 1056 1307 1141 in Frage kam, in Ehren bestehen.
1794 1063 2982 1124 rühmtheiten, die richtigerweise von unsern
680 1080 1770 1161 Im übrigen: nicht nur die Liste jener
1797 1114 2979 1178 Lesern als Kandidaten für das neue Ehrenzeichen auf¬
156 1097 565 1188 den das Ergebnis
586 1144 1770 1219 24 Männer, deren Namen in den Zuschriften unsrer
1797 1154 2979 1225 gestellt wurden. Nach den 24 „Siegern“ noch eine lange
149 1175 559 1239 zelnen Namen nach
596 1195 1726 1259 Leser am häufigsten wiederkehren, ist interessant
1801 1205 2982 1273 Liste von Dichtern und Musikern, Malern, Bildhauern
152 1215 562 1296 mmen gereiht sind
589 1239 1774 1310 interessant ist auch, welche andern Persönlichkeiten eine
1801 1259 2989 1320 und Architekten, von Gelehrten aus allen Fächern der
589 1300 1774 1361 mehr oder minder beträchtliche Stimmenanzahl auf sich
142 1276 247 1364 st.
1797 1303 2986 1368 Wissenschaft, die der Auszeichnung für würdig erachtet
589 1347 1760 1408 vereinigten, interessant, welche Namen überhaupt ge
1794 1357 2982 1422 wurden. Für die Gruppe „Kunst" erscheinen vor¬
589 1405 924 1476 nannt wurden.
1801 1398 2982 1466 geschlagen, nach dem Stimmenverhältnis geordnet:
680 1415 1767 1506 Da sei zunächst mitgeteilt, daß nicht weniger als
1801 1445 2982 1510 Oskar Kokoschka, der Bildhauer Hellmer, Stefan Zweig,
579 1466 1781 1560 230 Künstler und 218 Wissenschaftler für die
1801 1500 2982 1557 Rudolf Hans Bartsch, der Komponist Josef Marx,
589 1533 1774 1598 neue Auszeichnung vorgeschlagen wurden — ein Teil von
1801 1540 2982 1604 Alfred Roller, Hans Bitterlich, der Maler Goltz, der
589 1581 1774 1652 ihnen allerdings mit Unrecht, da dieser von allem Anfang
1804 1594 2986 1652 Dichter Emil Ertl, der Architekt Adolf Loos, der
589 1642 1777 1696 an nach den Bedingungen unsres Preisausschreibens
1801 1638 2982 1703 Medailleur Marschall, Felix Salten, der Stahlschneider
582 1682 1777 1743 oder nach den Bestimmungen des Gesetzentwurfes bei
1804 1692 2986 1747 Blümelhuber, der Maler Jehudo Epstein, die Dichterin
589 1726 1774 1787 unsrer Zählung außer Betracht bleiben mußte. Unsre
1808 1737 2989 1797 Erika Handel=Mazzetti, Max Mell, Luigi Kasimir,
589 1781 1774 1848 Preisfrage war nur auf Oesterreicher be¬
1797 1787 2996 1848 Richard Beer=Hofmann, Ernst Decsey, die Dichterin
589 1821 1743 1889 grenzt. Die zahlreichen Stimmen, die für den größte
1804 1835 2989 1896 Paula Grogger, der Komponist des „Wozzeck“ Allan
139 1838 440 1933 zmeister,
586 1872 1777 1929 lebenden Komponisten dramatischer und symphonischer
1811 1875 2992 1943 Berg, Architekt Oerley, der Maler Rudolf Jettmar,
142 1906 267 1980 serg.
579 1919 1781 1987 Musik Richard Strauß, der in München, und
1801 1933 2986 1994 der Komponist Oberleithner, Richard Schaukal, Hans
1797 1970 2999 2041 Müller, Rudolf Greinz, Mirko Jelusich, Josef Krenek.
142 1957 345 2061 schaft.
1797 2028 2996 2089 Auch der Operettenkomponisten wurde nicht vergessen.
156 2045 575 2133 ner-Jauregg,
1804 2078 3002 2136 Neben Lehar, den wir schon erwähnten, wird auch
142 2102 335 2166 berg,
1804 2122 3002 2183 Emmerich Kalman, gleichfalls ein Ungar, vorgeschlagen
135 2149 355 2231 ttstein,
1801 2173 2989 2268 dann Oskar Straus, Edmund Eysler, Bruno Granich¬
139 2200 318 2265 Freud,
1801 2224 2298 2302 städten und Leo Ascher.
139 2237 460 2325 elm Exner,
1899 2244 2996 2332 In der Gruppe der Wissenschaftler kommt
1791 2295 2999 2376 den Siegern am nächsten der Grazer Chemiker, der
149 2319 294 2403 nach,
1801 2366 2999 2420 Nobelpreisträger Professor Dr. Fritz Pregl, dann der
142 2393 311 2461 dlich,
1801 2403 2999 2471 Individualpsychologe Alfred Adler und Professor Josef
1801 2458 2999 2518 Redlich. Besonderer Popularität erfreuen sich, wie aus
1797 2508 2999 2562 den Zuschriften hervorgeht, begreiflicherweise unsre
135 2512 372 2613 henegg,
1797 2542 2999 2606 medizinischen Koryphäen. Mit einer stattlichen
152 2586 291 2647 dler.
1797 2600 3006 2654 Anzahl von Stimmen wurden bedacht der Dermatolog
156 2620 586 2708 uns gelangten Zu¬
1804 2647 3002 2705 Ernst Finger, der Röntgenolog Holzknecht, der
132 2681 589 2745 ten Künstler und
1801 2684 2999 2752 Bakteriologe Rudolf Krauß, Norbert Ortner und
135 2725 592 2803 hedessen mußte der
1801 2738 2999 2799 Chvostek, die Chirurgen Professor Julius Schnitzler und
135 2772 582 2840 hen werden, dessen
1804 2782 3002 2843 Burkhard Breitner, der Otolog Professor Heinrich
139 2826 586 2884 sten kommt. Die beste
1801 2830 3006 2898 Neumann, der Laryngolog Professor Hajek, die Ophthal¬
139 2877 582 2931 dar, die 18 Namen
1801 2874 3016 2935 mologen Professor Ernst Fuchs und Professor
132 2925 586 2986 nen. Da in mehreren
1797 2921 3013 2989 Meller, ferner die Professoren Halban, Moll und Pötzl.
132 2975 579 3026 cht wurde, mußte das
1808 2975 3009 3046 Von Juristen begegnen wir am öftesten den Namen
1808 3013 3006 3077 Otmar Spann, Gleispach, Sperl, Schwind, Menzel
135 3026 579 3114 schriebene Preis von
1804 3053 3006 3118 und Ehrenzweig. Der Altbundespräsident Dr. Michael
1804 3101 3006 3165 Hainisch wird ob seiner Betätigung als Volkswirt¬
129 3118 257 3202 aber,
1814 3148 2999 3219 schaftler, seine Mutter Marianne Hainisch, die ehr¬
653 3111 1080 3250 Gefahr!
1804 3206 3006 3260 würdigste Frauengestalt unsrer Republik, als die ver¬
1808 3239 3009 3300 dienstvolle Vorkämpferin für die Frauenrechte, und Alt¬
647 3256 1740 3361 für die Gesundheit Ihrer Kinder!
1811 3283 3002 3348 bundeskanzler Dr. Seipel in seiner Eigenschaft als Pro¬
122 3294 508 3392 unsrer Leser.
1808 3331 3009 3405 fessor der Moraltheologie für das Ehrenzeichen vor¬
812 3334 1733 3419 Die widerwärtigen Fliegen sind grosse Quäl¬
1808 3378 3006 3443 geschlagen. Aus der Fülle der Namen, die immer wieder
200 3358 592 3453 die wir unsern
816 3409 1737 3476 geister im Dasein des Kindes. Durch Verun¬
1808 3422 3006 3490 in den uns zugegangenen Listen auftauchen, seien noch
132 3399 586 3500 großen Schar der be¬
816 3449 1737 3524 reinigung und Vergiftung der Nahrung rufen
1797 3470 2999 3544 herausgegriffen: der Historiker Dopsch, der Geograph
132 3473 596 3558 testen zu erwählen,
826 3493 1737 3554 die Fliegen ernste Krankheiten beim Kinde
1808 3514 2999 3581 Oberhummer, der Vater der Paneuropaidee Couden¬
159 3520 596 3595 jene zwölf Wissen¬
826 3541 1737 3619 hervor und werden so zu einer wahren Kin¬
1808 3554 2999 3629 hove-Calergi, Professor Karl Bühler, der Philosoph
132 3568 592 3642 hens für Kunst und
826 3591 1469 3649 derplage. Zerstäuben Sie Flit!
1801 3605 3002 3676 Reininger, die technischen Professoren Mache, Becke,
122 3615 596 3690 nen. Ueberblickt man
823 3615 1733 3696 Flit tötet Fliegen, Motten, Gelsen, Wanzen,
1804 3652 3006 3720 Karl Hochenegg, Max Reithoffer, Saliger, Architekt
125 3669 582 3747 tes veröffentlichte —
823 3683 1733 3744 Flöhe, Küchenschaben, Ameisen, Holzwürmer
1808 3700 2999 3771 Herstel, der Unterrichtsminister und Professor für Ge¬
118 3713 592 3798 Ens, so muß man
816 3727 1733 3784 etc. samt Brut. Flit-Zerstäubung ist unschäd¬
1821 3740 3006 3815 schichte Josef Srbik, die Theologen Professor Innitzer
132 3764 596 3822 in die Aufgabe
823 3778 1652 3832 lich für den Menschen und fleckt nicht.
1818 3791 3002 3852 (Minister für soziale Verwaltung) und Professor
125 3812 599 3883 r Kunst und Wissen¬
829 3801 1740 3883 Verwechseln Sie Flit nicht mit anderen In¬
1808 3832 3006 3920 Nivard Schlögl, die Professoren Wegscheider, Ritter
129 3859 592 3940 en entfallen sind, ge¬
826 3862 1737 3930 sektenvertilgungsmitteln. Verlangen Sie aus¬
1811 3883 2870 3984 (Innsbruck) und der Segelflieger Kurt Kronfeld.
166 3910 596 3964 des geistigen
826 3913 1740 3971 drücklich Flit in der plombierten gelben
1909 3923 2999 4001 Das Preisausschreiben des „Neuen Wiener Tag¬
118 3933 592 4025 nen ist unwert jener
823 3957 1740 4028 Kanne mit schwarzem Band und dem Sol¬
1814 3977 3013 4045 blattes“ hat in seinen Ergebnissen den Beweis geliefert,
826 4021 968 4089 daten.
1814 4028 3006 4096 wie stark das Interesse für künstlerische und wissenschaft¬
159 4059 599 4126 ich ging hinaus...
1825 4079 3013 4150 liche Persönlichkeiten und ihre Leistungen in den
379 4103 603 4153 mir nach¬
2312 4116 3009 4194 Volkes wurzelt und welche
