3436 4320
1877 341 2392 454 Neues Wiener Tagblatt
2865 352 3240 447 15. August 30
1109 344 1431 454 Wien, Freitag
2710 450 3338 522 andern Theaterleitern: Dr.
2718 511 3331 572 Schneiderhan. Von Oper
2725 556 3293 628 Marie Jeritza und Lotte
318 549 2699 640 Diebstahllisten Gesterreichet.
2718 613 3289 678 Richard Mayr, Schmedes
2718 655 3331 723 Bleibtreu und die Medels
731 666 2279 765 Das Ergebnis unseres Preisausschreibens.
2710 696 3335 772 Niese, Heine und Hartmann
2718 757 3342 806 Roland und Else Wohlgem.
413 761 2699 848 Das Preisausschreiben des Neuen Wiener Tag= hohen Auszeichnung, die unsre Regierung jetzt schaffer
2725 802 3338 859 Dirigenten Clemens Kraus¬
303 818 3338 912 blatt", jene 24 österreichische Bundesbürger, zwölf will und die ihnen nach dem Urteil eines weiten Virtuosen Hubermann, Kre
314 889 1503 946 für die Gruppe der Kunst, zwölf für die Gruppe der
1533 893 3213 977 Kreises ihrer Landsleute gebühren soll. Es ist ein und Moritz Rosenthal.
1529 931 2691 992 Urteil, geschöpft aus dem Empfinden der Masse, ge
314 931 1503 995 Wissenschaft, aufzuzählen, die des Ehrenzeichen¬
2820 924 3335 1007 Wie gesagt, alle dies
1537 973 2699 1037 fällt von der Volksstimme, aber es kann auch vor der
318 988 1506 1041 für Kunst und Wissenschaft am würdigsten erscheinen
2729 969 3301 1048 Stimmenzahlung beiseite
1533 1022 2702 1094 Kritik der Sachverständigen auf jedem Gebiete, das hie¬
310 1033 1506 1101 hat eine außerordentlich starke Beteiligung in unsern
2733 1033 3327 1109 blieben dann noch immer
1529 1067 2248 1136 in Frage kam, in Ehren bestehen.
303 1075 753 1162 Leserkreis gefunden.
2725 1079 3327 1139 rühmtheiten, die rich
2169 1094 2699 1173 nur die Liste jene
1624 1120 2131 1188 Im übrigen: nicht
405 1098 1503 1188 Wir veröffentlichen im nachstehenden das Ergebnis
2733 1132 3323 1196 Lesern als Kandidaten für
1533 1158 2702 1234 24 Männer, deren Namen in den Zuschriften unsrer
307 1154 1495 1230 der Stimmenzahlung, wobei die einzelnen Namen nach
2729 1181 3335 1238 gestellt wurden. Nach den 2
1537 1211 2661 1268 Leser am häufigsten wiederkehren, ist interessant
303 1226 1499 1298 der Zahl der auf sie entfallenden Stimmen gereiht sind
2733 1226 3327 1287 Liste von Dichtern und Mi
1529 1268 3335 1332 interessant ist auch, welche andern Persönlichkeiten eine und Architekten, von Geleh
640 1283 1188 1385 Gruppe der Kunst.
1522 1310 2699 1370 mehr oder minder beträchtliche Stimmenanzahl auf sich
2733 1317 3335 1397 Wissenschaft, die der Ausze¬
1529 1363 2699 1435 vereinigten, interessant, welche Namen überhaupt ge
2729 1366 3342 1442 wurden. Für die Gruppe
401 1363 999 1438 Dr. Karl Schönherr,
1533 1408 1858 1484 nannt wurden.
2733 1416 3335 1480 geschlagen, nach dem St.
397 1427 1011 1488 Dr. Artur Schnitzler,
1620 1431 2706 1514 Da sei zunächst mitgeteilt, daß nicht weniger al¬
2737 1465 3338 1529 Oskar Kokoschka, der Bildha
409 1469 1041 1544 Dr. Anton Wildgans,
1518 1499 3335 1567 230 Künstler und 278 Wissenschaftler für die Rudolf Hans Bartsch, der
409 1522 999 1578 Dr. Wilhelm Kienzl,
1518 1548 2706 1605 neue Auszeichnung vorgeschlagen wurden — ein Teil vor
2733 1559 3335 1624 Alfred Roller, Hans Bitter
401 1567 1105 1635 Professor Josef Hofmann,
1522 1593 2710 1654 ihnen allerdings mit Unrecht, da dieser von allem Anfang
2737 1620 3304 1665 Dichter Emil Ertl, der
405 1620 1033 1684 Professor Anton Hanak,
1522 1643 2714 1718 an nach den Bedingungen unsres Preisausschreibens
2729 1650 3331 1718 Medailleur Marschall, Feli¬
409 1665 1086 1741 Professor E. W. Korngold,
1522 1692 2702 1760 oder nach den Bestimmungen des Gesetzentwurfes be
2733 1711 3335 1771 Blümelhuber, der Maler I
397 1718 878 1794 Hermann Bahr,
1525 1737 2706 1802 unsrer Zählung außer Betracht bleiben mußte. Unsre
2737 1764 3327 1813 Erika Handel-Mazzetti,
397 1768 893 1821 Julius Bittner
1525 1790 2702 1855 Preisfrage war nur auf Oesterreicher be
2729 1809 3263 1881 Richard Beer=Hofmann,
397 1787 1026 1877 Karl Franz Ginzkey,
1518 1828 2687 1900 grenzt. Die zahlreichen Stimmen, die für den größte
2737 1855 3338 1911 Paula Grogger, der Komp
405 1828 1378 1934 Professor Dr. Klemens Holzmeister,
1518 1881 2706 1942 lebenden Komponisten dramatischer und symphonischen
2733 1908 3282 1961 Berg, Architekt Oerley,
409 1915 1207 1987 Professor Arnold Schönberg.
1514 1930 2706 2002 Musik Richard Strauß, der in München, und
2737 1957 3327 2021 der Komponist Oberleithner
549 1964 1287 2074 Gruppe der Wissenschaft.
2729 1998 3338 2055 Müller, Rudolf Greinz, M
2729 2051 3331 2123 Auch der Operettenkompon
409 2036 1514 2135 Professor Dr. Julius Wagner=Jauregg,
2729 2101 3323 2154 Neben Lehar, den wir
413 2112 1283 2169 Professor Dr. Anton Eiselsberg,
2729 2142 3338 2218 Emmerich Kalman, gleichfal
409 2157 1287 2237 Professor Dr. Richard Wettstein,
2729 2192 3331 2263 dann Oskar Straus, Edmu
413 2207 1260 2260 Professor Dr. Siegmund Freud,
2733 2248 3240 2324 städten und Leo Ascher.
409 2241 1400 2316 Sektionschef a. D. Dr. Wilhelm Exner,
2839 2271 3331 2362 In der Gruppe der
409 2305 1124 2366 Professor Dr. Hans Kelsen,
2725 2320 3308 2396 den Siegern am nächsten
416 2320 1245 2411 Professor Dr. Eugen Steinach,
2729 2388 3323 2449 Nobelpreisträger Professor
413 2400 1245 2464 Professor Dr. Oswald Redlich,
2737 2426 3327 2487 Individual psychologe Alfre
413 2449 1177 2521 Professor Dr. Hans Molisch,
2721 2475 3327 2547 Redlich. Besonderer Popul¬
413 2502 1147 2559 Professor Dr. Adolf Lorenz,
2729 2532 3323 2581 den Zuschriften hervorge¬
413 2521 1306 2619 Professor Dr. Julius Hochenegg,
2729 2574 3323 2631 medizinischen Korpp.
413 2593 1234 2653 Professor Dr. Julius Tandler.
2729 2615 3331 2691 Anzahl von Stimmen wur¬
413 2615 1514 2695 Natürlich sind in keiner der an uns gelangten Zu¬
2737 2668 3323 2721 Ernst Finger, der Rö=
326 2680 1514 2744 schriften sämtliche der hier genannten Künstler und
2729 2718 3331 2767 Bakteriologe Rudolf Kra
318 2737 1514 2793 Wissenschaftler aufgezählt. Infolgedessen mußte der
2733 2759 3323 2839 Chvostek, die Chirurgen Pr
318 2774 1518 2839 Preis jenem Einsender zugesprochen werden, dessen
2729 2801 3301 2858 Burkhard Breitner, der
318 2827 1525 2888 Vorschlag diesem Ergebnis am nächsten kommt. Die beste
2733 2854 3323 2911 Neumann, der Laryngolog
310 2880 1518 2941 Lösung stellten jene Vorschläge dar, die 18 Namen
2733 2899 3323 2952 mologen Professor Er¬
318 2933 1514 2986 der oben angeführten Liste verzeichnen. Da in mehreren
2729 2937 3316 3009 Meller, ferner die Professo
318 2979 1518 3032 Einsendungen diese Höchstzahl erreicht wurde, mußte das
2729 2986 3316 3054 Von Juristen begegnen
318 3024 1514 3089 Los entscheiden. Der von uns ausgeschriebene Preis vor
2729 3039 3319 3085 Otmar Spann, Gleisbach
326 3073 723 3153 500 S entfiel auf
2729 3077 3319 3134 und Ehrenzweig. Der Alt
2733 3119 3308 3183 Hainisch wird ob seiner
655 3126 1192 3198 Dr.-Ing. Hans Graber,
2740 3164 3316 3229 schaftler, seine Mutter
1578 3096 2017 3255 Gefahr!
700 3191 1158 3259 9. Bezirk, Seegasse 23.
2729 3217 3323 3270 würdigste Frauengestalt un
2729 3263 3312 3323 dienstvolle Vorkämpferin.
1575 3255 2672 3365 für die Gesundheit Ihrer Kinder!
2729 3304 3316 3372 bundeskanzler Dr. Seipeli
420 3301 1431 3388 Aus den Vorschlägen unsrer Leser.
2733 3350 3308 3414 fessor der Moraltheologie
1741 3342 2665 3433 Die widerwärtigen Fliegen sind grosse Quäl¬
428 3365 1525 3448 Es war keine leichte Aufgabe, die wir unsern
2733 3406 3319 3463 geschlagen. Aus der Fülle
1745 3406 2661 3486 geister im Dasein des Kindes. Durch Verun¬
322 3418 1518 3494 Lesern gestellt haben; aus der großen Schar der be¬
2733 3448 3301 3512 in den uns zugegangenen
1749 3459 2661 3520 reinigung und Vergiftung der Nahrung rufen
329 3478 1522 3550 rühmten Oesterreicher, die berühmtesten zu erwählen
2729 3497 3319 3565 herausgegriffen: der Histo
1752 3505 2661 3562 die Fliegen ernste Krankheiten beim Kinde
329 3535 1518 3592 gerade jene zwölf Künstler und jene zwölf Wissen¬
2729 3539 3285 3592 Oberhummer, der Vater
1752 3554 2657 3630 hervor und werden so zu einer wahren Kin¬
333 3581 1522 3641 schaftler, die des neuen Ehrenzeichens für Kunst und
2729 3584 3312 3649 hove-Kalergi, Professor
1752 3603 2392 3671 derplage. Zerstäuben Sie Flit
329 3626 1522 3690 Wissenschaft am würdigsten erscheinen. Ueberblickt man
2729 3626 3316 3702 Reininger, die technischer
1749 3618 2661 3702 Flit tötet Fliegen, Motten, Gelsen, Wanzen,
329 3671 1465 3736 das — an der Spitze unseres Blattes veröffentlichte
2729 3675 3319 3747 Karl Hochenegg, Max R
1752 3690 2661 3751 Flöhe, Küchenschaben, Ameisen, Holzwürmer
1188 3724 1525 3789 so muß man
2740 3724 3319 3781 Ferstel, der Unterrichtsmi¬
329 3732 1139 3796 Ergebnis unsres Preisausschreibens
1749 3740 2661 3793 etc. samt Brut. Flit-Zerstäubung ist unschäd¬
1154 3766 1529 3827 die Aufgabe
2744 3777 3308 3849 schichte Josef Srbik, die
329 3781 1109 3838 sagen: Unsre Leser haben
1749 3789 2562 3838 lich für den Menschen und fleckt nicht
2748 3811 3312 3891 (Minister für soziale
329 3819 1529 3883 gut gelöst. Die 24 Männer der Kunst und Wissen¬
1760 3811 2665 3887 Verwechseln Sie Flit nicht mit anderen In¬
2737 3861 3312 3925 Nivard Schlögl, die Pro
333 3864 1522 3921 schaft, auf die die meisten Stimmen entfallen sind, ge¬
1749 3883 2661 3948 sektenvertilgungsmitteln. Verlangen Sie aus¬
2740 3902 3312 3997 (Innsbruck) und der Sege
337 3917 1529 3970 hören wirklich zur Elite des geistigen
1752 3921 2668 3978 drücklich Flit in der plombierten gelben
2835 3952 3312 4023 Das Preisausschreibe
322 3963 1529 4031 Oesterreich, und keiner von ihnen ist unwert jener
1749 3970 2665 4054 Kanne mit schwarzem Band und dem Sol¬
2740 3978 3308 4065 blattes“ hat in seinen Erg
1752 4027 1900 4095 daten.
2744 4054 3308 4111 wie stark das Interesse für
329 4061 1525 4118 das Bedürfnis nach frischer Luft; ich ging hinaus...
2737 4103 3319 4156 liche Persönlichkeiten un
1136 4107 1529 4186 Er ist mir nach¬
333 4099 1109 4175 allein, auf die große Hauptstraße
2744 4148 3312 4205 weitesten Kreisen unsres
