3344 4320
505 172 1623 228 Schnitzler und Dr. Karl Schönherr hat einem längst
502 220 1620 271 empfundenen Wunsche entsprochen, der Schätzung, der Ver
505 262 1636 315 ehrung gegenüber diesen Meistern des Schrifttums, deren
517 302 1631 359 Macht freilich seltsamerweise gerade an den Toren des
505 346 1626 411 Burgtheaters zu enden scheint. Diese Erinnerung daran, daß
505 395 1626 446 die „Concordia“ nicht nur ein Journalistenverein, sondern
506 437 1626 506 auch ein Schriftstellerverein ist, war höchst zeitgemäß,
505 482 1626 543 ja es wäre vielleicht zu wünschen gewesen, daß dieses
502 528 1631 592 Moment in den Reden stärkere Betonung finde. So
503 574 1630 636 hätte wohl mit einem Worte erwähnt werden können,
492 611 1626 682 welche geschichtliche Bedeutung das Wiener Feuilleton
494 663 1626 731 besitzt und welche erleuchteten Meister diese Gattung zu
502 714 1623 768 einer Höhe emporgehoben haben, die heute erst in ihrer
499 760 1628 808 ganzen kulturhistorischen Wichtigkeit erkannt ist. Um so
494 808 1614 871 mehr hat es Genugtuung erweckt, daß der Präsident darauf
485 946 1623 1033 Auch ein STRICHKLEID kauf bei IITHER
499 1091 1620 1159 hinweisen konnte, die „Concordia“ werde imstande sein, ihre
502 1151 1616 1203 sozialpolitischen Leistungen, ihre Leistungen zugunsten der
495 1196 1617 1246 alternden Journalisten — ein Werk, dessen Grundstein
497 1234 1613 1322 bekanntlich von Moriz Benedikt gelegt wurde — zu
492 1280 652 1342 steigern.
580 1325 1617 1385 Im ganzen war die Empfindung während der Feier
486 1359 1617 1426 lebendig, daß schon durch die Anwesenheit des Bundes¬
502 1416 708 1479 präsidenten,
751 1426 1614 1486 des Bundeskanzlers und des Bürgermeisters
492 1473 1608 1525 die große Bedeutung der „Concordia“ ins hellste Licht gesetzt
483 1513 706 1573 worden ist.
737 1517 1617 1571 Der Bundespräsident Miklas hat durch den
497 1559 1611 1616 Wunsch nach einem Zusammenklang der Herzen, durch seine
314 1593 446 1657 altsam
488 1608 1602 1679 von einstimmigem Beifall begleitete Rede einen Grundton ge¬
302 1643 443 1708 merie
486 1651 1211 1737 geben, der nicht vergessen werden darf.
308 1690 446 1754 zu ent¬
294 1737 440 1803 ckelzug.
742 1700 1376 1811 Der Verlauf der Feier.
295 1780 442 1840 ner in
577 1788 1614 1865 Im großen Festsaale der Akademie der Wissenschaften
302 1830 443 1893 asthaus
495 1837 1611 1917 fand gestern vormittag anläßlich des 70jährigen Bestands¬
343 1879 442 1939 schrie
486 1910 1611 1963 jubiläums des Journalisten= und Schriftstellervereines
302 1925 440 1993 wir
482 1967 1617 2016 „Concordia“ eine Festversammlung statt, die durch die An¬
355 1971 446 2030 Pfui¬
485 1999 1611 2059 wesenheit des Bundespräsidenten Miklas, des Bundes¬
355 2019 440 2071 nen
483 2037 1614 2096 kanzlers Schober, des diplomatischen Korps, des Bürger¬
363 2067 449 2120 nter
492 2090 1611 2142 meisters Seitz und der Vertreter aller Kreise der Gesell¬
492 2133 1608 2188 schaft sowie durch die Ansprachen, die gehalten wurden, eine
355 2154 440 2216 eim¬
489 2180 1023 2239 besondere Bedeutung erhielt.
362 2207 445 2265 in
571 2223 1611 2280 Außer den Genannten waren unter anderen erschienen: Der
351 2253 437 2314 etzt.
489 2268 1608 2330 deutsche Gesandte Graf Lerchenfeld, der ungarische Gesandte Graf
362 2302 445 2360 und
485 2317 1605 2382 Ambrozy, der schwedische Gesandte Unden, der czechoslowakische
483 2360 1613 2420 Gesandte Vavrecka, der bulgarische Gesandte Nedkoff, in Ver¬
480 2411 1610 2473 tretung des rumänischen Gesandten Legationssekretär Dr. Zabo¬
365 2453 442 2507 von
483 2460 1593 2510 rovski, in Vertretung des italienischen Gesandten Nobile di
489 2505 1605 2562 Montalto, die Bundesminister Dr. Innitzer, Dr. Srbik, Dr. Juch,
483 2553 1605 2607 in Vertretung des Heeresministeriums Generalmajor Knaus,
483 2600 1602 2657 Präsident des Nationalrates Dr. Waber, Vizebürgermeister Hoß,
479 2650 1602 2704 Stadtrat Breitner und Magistratsdirektor Dr. Hartl, Staats¬
480 2693 1606 2748 kanzler a. D. Dr. Renner, Bundeskanzler a. D. Streeruwitz,
479 2736 1602 2796 Ministerpräsident a. D. Seidler, Minister a. D. Spitzmüller, der
486 2784 1600 2834 Generalsekretär für auswärtige Angelegenheiten Peter, Präsident
480 2831 1605 2888 der Nationalbank Dr. Reisch und Generaldirektor Brauneis,
483 2882 1605 2933 der Herausgeber der „Neuen Freien Presse“ Dr. Ernst Benedikt,
491 2922 1611 2985 Polizeivizepräsident Pamer, der Gouverneur der Postsparkasse
362 2942 1596 3021 be¬ Stöger, Kabinettsdirektor Löwenthal und Kabinettsvizedirektor
480 3016 1608 3073 Klastersky, die Sektionschefs des Bundeskanzleramtes Uebelhör
362 3065 440 3116 nit
474 3065 1599 3111 und Horitzky, die Gesandten Ludwig und Junkar, Parlaments¬
483 3110 1605 3168 direktor Czyhlarz, Sektionschef Prüger, Generaldirektor Dorrek
482 3150 1602 3208 der Tabakregie, Sektionschef Fuchs, Generaldirektor Schneider¬
482 3202 1605 3259 han, Generaldirektor Ingenieur Forst=Monshoff, die Gerichts¬
483 3250 1608 3302 präsidenten Dr. Engel, Dr. Schreiber, Dr. Tursky, General¬
480 3299 1599 3358 prokurator Dr. Höpler, die Rektoren Dr. Schaffernak, Jung¬
480 3347 1599 3401 wirth und Hellebrand, Hofrat Professor Sperl, die Ministerialräte
474 3394 1599 3445 Dr. Fuchs vom Bundespressedienst, Dr. Perner, Dr. Petrin,
486 3438 1605 3490 Polizeidirektor Tandler, Hofrat Dr. Gans, Hofrat Dr. Pollak,
480 3479 1599 3535 Hofrat Heilig, Burghauptmann Hofrat Karajan, Sektionsrat
475 3536 1606 3587 Dr. Kosak, Bundesgartendirektor Regierungsrat Rottenberger,
474 3578 1605 3630 Regierungsrat Schwabe, Landesrat Dr. Hofbauer, Regierungsrat
483 3619 609 3676 Schlag.
559 3650 1605 3721 Aus der Aerztewelt: Der Präsident der Aerztekammer
480 3701 1605 3771 Dr. Thenen, Hofrat Dr. Fried, die Universitätsprofessoren Doktor
474 3758 1603 3811 Erben, Dr. Ruttin, Dr. Schlesinger, Dr. Sträußler, die Dozenten
472 3808 1599 3858 Dr. Fischer, Dr. Ullmann, die Obermedizinalräte Dr. Becher,
468 3848 1605 3915 Dr. Smetana, Medizinalrat Dr. Richter, Primarius Dr. Bach¬
468 3902 1593 3955 rach, die Facharzte Dr. Grünberger, Dr. Blumberg, Dr. Jelli¬
482 3947 1599 4004 nek und Dr. Kulka; ferner der Präsident der Rechtsanwaltkammer
474 3987 1614 4062 Dr. Eckel, der Präsident der Notariatskammer Dr. Hlozanek,
366 192 459 271 strie¬
382 302 462 359 eld
366 429 459 495 hnen
374 529 457 591 zial¬
1683 162 2799 229 Reismann der Internationalen Unfallversicherungen
1674 211 2799 259 Oppenheim der Eskomptegesellschaft, Direktor Prager des „Kom¬
1677 254 2791 311 paß“, Generaldirektor Dr. Schlesinger des „Phönix“, General¬
1686 302 2801 357 sekretär Dr. Schwarz der Ersten Oesterreichischen Sparkasse,
1686 348 2804 406 Generaldirektor des „Anker“ Dr. Schwoner, Direktor Dr. Sokal
1677 388 2801 449 des Giro- und Kassenvereines, Präsident Arthur Stern des
1676 434 2796 505 Bundes der Filmindustriellen, Präsident Julius Stern der Börsen¬
1677 479 2796 545 kammer, Handelskammerpräsident Tilgner, Direktor Turnauer
1673 539 2796 602 vom Bankverein, Präsident Oberkurator Vinzl, Generaldirektor
1671 571 2665 634 Weißenstein der Ersten Unfall= und Schadenversicherung.
1751 628 2790 691 Die Feier wurde mit einem Vortrage des unter Leitung des
1671 666 2796 731 Chormeisters Ferdinand Großmann vom Wiener Männergesang¬
1668 726 2797 782 verein gesungenen Chores „Oh, Schutzgeist alles Schönen“ aus der
1668 772 2797 819 „Zauberflöte" eingeleitet. Hierauf begrüßte der Präsident des
1674 814 2797 876 Journalisten= und Schriftstellervereines „Concordia“, Leopold
1674 859 2790 914 Lipschütz, die Festgäste und gab ein übersichtliches Bild der
1668 902 2794 982 Entwicklung des Pressewesens in den letzten siebzig Jahren. Er
1677 949 2030 1020 sagte unter anderm:
1879 999 2596 1091 Die Rede des Präsidenten.
1751 1062 2797 1149 In der Schiller=Woche wurde die „Concordia“ gegründet,
1668 1116 2796 1191 ihren Namen entlich sie den Schlußworten der „Glocke". Franz
1677 1168 2796 1240 Schuselka wurde ihr erster Präsident und im Vorstande saßen
1674 1217 2799 1279 Heinrich Laube und der feurige Michael Etienne, der
1676 1260 2799 1331 spätere Herausgeber der „Neuen Freien Presse". Dieser Grün¬
1662 1302 2793 1365 dungstag der „Concordia" war zugleich der Geburtstag der
1668 1349 2799 1416 modernen österreichischen Publizistik, von da an begann ihr Auf¬
1674 1402 2799 1462 stieg, ihr gewaltiger Aufschwung. Wir können uns in die früheren
1671 1445 2790 1500 Zustände kaum mehr hineindenken, denn wir haben Preß¬
1677 1491 2796 1553 freiheit. Freilich, gerade die Preßfreiheit verlangt von uns
1668 1534 2788 1602 das größte Taktgefühl und bürdet uns eine hohe Verantwortung
1671 1580 2787 1633 auf. Wir selbst sind für eine Presse ohne Schranken, aber wir
1670 1626 2787 1690 sind nicht für eine schrankenlose Presse. (Laute Zustimmung.)
1666 1674 2784 1739 Niemand bedauert es mehr als wir, wenn einer aus unseren
1665 1714 2784 1776 Reihen sich etwas zuschulden kommen läßt, denn wir haben es zu
1660 1766 2787 1831 büßen. Jede Verirrung, jede Ausschreitung wird dem ganzen
1671 1810 2787 1862 Stande angelastet. Wir haben ein malheuröses Meter. Wir
1665 1850 2787 1907 können nicht alle Empfindlichkeiten schonen, wir können nicht
1657 1902 2788 1951 auf alle Eitelkeiten Rücksicht nehmen, und das schafft uns
1659 1934 2788 2005 Widersacher. Können wir alles loben, können wir zu allem Ja
1657 1994 2784 2056 und Amen sagen? Wir Journalisten haben doch nicht unser
1668 2033 2787 2088 Blatt, um es uns vor den Mund zu nehmen. (Lebhafte Heiter¬
1663 2076 2793 2143 keit.) Wir müssen den Mut haben, die Wahrheit zu bekennen,
1665 2130 2787 2176 und wer diesen Mut nicht aufbringt, soll alles machen, nur keine
1666 2165 1814 2227 Zeitung.
1742 2207 2788 2280 In der „Concordia“ sind Journalisten der verschiedensten
1665 2253 2787 2317 politischen Richtungen vertreten. Wir machen nicht in Politik
1662 2313 2787 2368 und schätzen jede ehrliche Ueberzeugung. Die Satzungen, die
1662 2353 2788 2408 unsere Altvorderen niedergelegt haben, sind heute noch in
1668 2397 2788 2454 Geltung: Wahrung der Standesehre und der Standesinteressen,
1659 2437 2784 2505 Obsorge für unsere alten Kollegen, für unsere Witwen und
1662 2493 2781 2550 Waisen. Heute vor zwanzig Jahren schritten wir an die Er¬
1659 2540 2781 2593 richtung eines Lessing=Denkmales. Die Kapitalien
1657 2587 2784 2637 waren da, ein erster Künstler, der seither verstorbene Bildhauer
1659 2625 2785 2690 Metzner, schuf das Modell. Wir glaubten uns am Ziele, aber
1659 2670 2781 2725 der Krieg hat auch unseren geliebten Gotthold Ephraim davon¬
1659 2725 2781 2781 gewirbelt, und nichts blieb uns von allem übrig als das
1659 2767 2784 2811 Lessing=Denkmalkomitee, an dessen Spitze unser heutiger Haus¬
1660 2807 2781 2868 herr steht, der Präsident der Akademie der Wissenschaften, Hof¬
1659 2861 2784 2911 rat Professor Dr. Redlich. (Beifall.) Aber, wir haben nicht
1659 2897 2782 2961 locker gelassen, wir haben wieder Gelder beschafft, und anläßlich
1651 2954 2782 3014 unseres Jubiläums haben wir einen solchen Betrag gestiftet, daß
1657 2988 2782 3050 ich sagen kann: „Unsere Ehrenschuld wird eingelöst, binnen
1653 3036 2781 3093 kurzem wird Wien sein Lessing=Denkmal
1654 3084 2782 3134 haben. (Lebhafter Beifall.) Wir werden weiterarbeiten und
1654 3130 2777 3196 wieder hochkommen. Es ist unser fester Glaube, unsere innerste
1657 3171 2773 3228 Ueberzeugung: Von heute über 30 Jahren, an ihrem hundertsten
1650 3219 2776 3290 Geburtstage, wird die „Concordia“ größer dastehen, machtvoller
1653 3273 2773 3331 und angesehener denn je zuvor: Die „Concordia" war, die „Con¬
1648 3319 2779 3376 cordia“ ist und die „Concordia“ wird sein! (Stürmischer Beifall.)
1728 3356 2773 3419 Der Präsident teilte schließlich mit, daß die „Concordia“ be¬
1651 3382 2770 3465 schlossen hat, anläßlich ihres Jubiläums Dr. Arthur
1645 3448 2773 3505 Schnitzler und Dr. Karl Schönherr zu Ehren¬
1645 3498 2548 3555 mitgliedern zu ernennen. (Lebhafter Beifall.)
1700 3545 2733 3635 Die Ansprache des Bundespräsidenten.
1722 3619 2776 3682 Nunmehr ergriff der Bundespräsident Miklas das Wort
1646 3670 2767 3738 zu folgender Ansprache: Sie waren so freundlich, mich zur
1643 3716 2770 3784 heutigen Jubiläumsfeier der Wiener Journalistenvereinigung
1643 3784 2765 3825 „Concordia“ einzuladen. Ich danke Ihnen dafür. Ich bin Ihrer
1648 3815 2770 3878 Einladung um so lieber gefolgt, als ich der Meinung bin, daß
1651 3853 2765 3910 der Bundespräsident bei einer Gelegenheit nicht fehlen soll, die
1648 3899 2767 3965 eine Herzenssache vieler geistig strebender und wirkender Kräfte
1648 3950 2764 3996 Oesterreichs ist. Freilich, wenn diese geistig schaffenden Kräfte zu¬
1645 3992 2764 4070 fällig gerade Journalisten sind, Männer der verschiedensten Rich¬
