3436 4320
202 462 578 560 al Tribune
850 707 1339 842 BOOKS
1462 713 2130 850 ABRAD
1224 2532 1724 2619 Books are a luxury
1516 2624 2300 2693 writer who has a real story telling gift, can
1519 2688 2295 2742 even in these difficult times, by publishing
182 2648 1442 2743 riter and His Daily Bread
1513 2737 2292 2792 his books first in a newspaper or magazine
1516 2784 2298 2832 and then in book form, earn as much as
665 2785 1447 2856 their livelihood in some other fashion, at
168 2793 458 2878 MPLE HOUSE
1519 2823 2301 2886 will suffice for modest needs. Since the in¬
665 2854 1447 2903 that moment they will stop writing, except
1511 2873 2295 2925 flation left him without means, and since
168 2850 585 2933 national book review
663 2898 1447 2966 when they have something to say. Litera¬
1519 2920 2301 2970 his older works at present bring him little
171 2927 439 2992 Books Abroad
665 2939 1205 3003 ture will thus gain in quality
1511 2966 2301 3035 or nothing, because very few persons buy
737 2991 944 3052 Sincerely,
1014 2986 1400 3060 LEON LEMONNIER.
191 2995 597 3063 capacity I receive a
1511 3017 2298 3074 books nowadays, he dare not get sick, and
174 3047 596 3113 Europan mail. Every
693 3058 1444 3122 The disappearance of literature as a pro¬
1511 3061 2303 3130 must, like the undersigned, work on into
171 3090 600 3151 e I have been learning
671 3097 1445 3148 fession, then, and the relegation of the
1519 3105 1745 3180 his old age.
166 3137 613 3195 the foreign press that
671 3146 1447 3198 literary man to the amateur class. The
1561 3169 2304 3232 Much worse than the situation of the
212 3182 596 3243 publishing company
663 3180 1433 3242 enterprising author of "Quarantième Etage
1511 3218 2301 3276 novelist is that of the dramatist. It is very
208 3223 596 3282 An old German pub¬
663 3235 1437 3290 and various other books which sell widely
1519 3264 2295 3323 possible, even likely, that a Heinrich von
218 3270 593 3329 Have you any sug¬
663 3279 1447 3329 in a dozen countries no doubt experiences
1519 3312 2295 3373 Kleist would go to his destruction if he
188 3312 594 3380 the American sale of
665 3326 1447 3375 little direct inconvenience from the situa¬
1519 3364 2293 3412 were living today, especially since the the¬
182 3361 599 3422 stimulated? Germans
668 3372 1447 3447 tion, but he has given thought to it. He
1511 3406 2296 3455 aters have gone to the devil again (wieder
168 3408 593 3463 pletely stopped buying
665 3425 760 3494 says:
1519 3453 2301 3506 einmal nicht Gottes, sondern des Teufels
168 3455 599 3517 of some of the solidest
701 3469 1448 3546 "The deplorable conditions under which
1511 3505 2263 3560 sind). It is just as serious with the poets.
166 3500 593 3557 rks in a burst of confi¬
663 3532 1447 3580 certain writers are forced to live certainly
168 3546 593 3607 rst time since his child¬
1546 3555 2300 3630 "This is how things are today. Since
665 3580 1448 3622 react unfortunately on their literary pro¬
177 3594 593 3651 afford a summer vaca¬
1516 3622 2300 3671 they are steadily growing more desperate, it
961 3622 1448 3680 Very few writers of reputa¬
665 3626 825 3684 duction.
185 3637 599 3699 mild deprivation com¬
1519 3666 2301 3728 may be worse next month. Before the war
663 3668 1448 3715 tion are suffering serious distress. But
168 3684 594 3749 of the French novelist
1519 3715 2295 3768 probably 60 per cent of our population
665 3718 1444 3778 many authors of merit have no reputation.
165 3732 596 3796 tion a year or two ago
1519 3759 2293 3811 were able to buy books and go to the the¬
795 3757 1441 3812 A distinction must be made among
161 3781 593 3840 famous Czech drama¬
1511 3803 2296 3869 ater. Now not 5 per cent can do so. Who
671 3815 1437 3861 the different European countries. A very
161 3823 599 3881 gon charity. Books are
1513 3844 2248 3909 knows how it will be by another month?
668 3851 1447 3903 important consideration is always the num¬
161 3872 596 3938 body in central Europe
665 3897 1447 3956 ber of individuals who speak or read the
161 3919 596 3975 m the making or the
1558 3917 2301 3980 "How can conditions be improved? The
665 3950 1447 4007 language of the author. The situation is
161 3967 599 4038 is living narrow at
1511 3978 2285 4024 only thing I can suggest is to kill off every
665 3997 1450 4049 relatively very favorable for writers in
1522 4025 2300 4075 body who favors our dragging our burden
665 4036 1447 4093 English, where success means fortune.
1516 4066 2033 4132 of political debt any longer.
165 4075 597 4132 considerable correspon¬
671 4086 1448 4137 When Germany was in a less miserable
1616 4113 1864 4155 our friend
2690 1158 2963 1259 -
2688 2104 3069 2238 .
2477 2469 2582 2533 1
2591 2530 3014 2605 Drawing by Alan Dunn
2395 2616 3143 2688 The alert and brillant young author of
2370 2679 3144 2732 Mit fremden Federn" and "Die Pest von
2359 2731 3146 2790 Lianora” is full of sympathy and good will.
2359 2778 2533 2834 He says:
2412 2845 3140 2912 Economic crises always it the writer
2364 2906 3140 2963 particularly hard. He belongs in the cate¬
2364 2948 3140 3008 gory of luxuries, with champagne manu¬
2364 3000 3143 3057 facturers, light ladies and hotel porters. No
2370 3044 3144 3096 one has any money now for any of these
2370 3091 3144 3152 categories. There is the additional diffi¬
2373 3135 3127 3193 culty that since the war we have an en¬
2364 3184 3140 3224 tirely new literature, and some of the most
2367 3226 3137 3282 distinguished personalities of pre-war litera¬
2373 3273 3140 3331 ture have been unable or unwilling to adapt
2370 3320 3140 3373 themselves to the new conditions, and are
2364 3367 3143 3420 as a result living in the direst need. Some
2370 3412 3138 3467 of them are literally starving. The only
2373 3464 3140 3521 way to help them is with money and more
2364 3514 2727 3580 money. Very truly,
2684 3541 3108 3622 ROBERT NEUMANN."
2406 3630 3143 3696 W. E. Süskind, whose psychological
2370 3687 3144 3748 masterpieces “Tordis" and Jugend have
2370 3726 3144 3807 made him famous, regards the problem as
2373 3781 2608 3858 very serious:
2403 3839 3138 3923 "The economic situation of writers in
2367 3908 3141 3958 Germany is extremely disquieting, and the
2367 3949 3137 4005 future is full of perplexity. I am not think¬
2364 3999 3146 4060 ing simply of the general depression. Bad
2367 4039 3133 4115 as that is, another circumstance is largely
2367 4097 3144 4155 responsible for the fact that important
