3344 4320
1604 1000 2102 1093 "Books are a luxury
1894 1077 2677 1173 writer who has a real story-telling gift, can
191 1079 1827 1222 The Writer and His Daily Bread
1902 1163 2667 1213 even in these difficult times, by publishing
1898 1211 2679 1262 his books first in a newspaper or magazine
1896 1256 2679 1315 and then in book form, earn as much as
323 1228 848 1321 By ROY TEMPLE HOUSE
1043 1246 1833 1321 their livelihood in some other fashion, at
1902 1299 2675 1354 will suffice for modest needs. Since the in¬
1043 1309 1825 1374 that moment they will stop writing, except
197 1321 959 1388 Editor of the international book review
1896 1337 2677 1396 flation left him without means, and since
1045 1358 1827 1415 when they have something to say. Litera¬
335 1378 821 1445 quarterly "Books Abroad
1896 1394 2675 1443 his older works at present bring him little
1049 1400 1589 1459 ture will thus gain in quality.
1892 1439 2667 1494 or nothing, because very few persons buy
1112 1445 1321 1514 Sincerely,
1382 1437 1787 1522 LEON LEMONNIER."
215 1431 978 1508 N MY editorial capacity I receive a
1896 1486 2677 1533 books nowadays, he dare not get sick, and
262 1504 978 1555 great deal of European mail. Every
1077 1498 1819 1565 The disappearance of literature as a pro¬
1896 1530 2673 1598 must, like the undersigned, work on into
187 1535 980 1598 few days of late I have been learning
1043 1553 1833 1616 fession, then, and the relegation of the
1898 1573 2120 1638 his old age.
177 1591 980 1646 by letter or from the foreign press that
1043 1608 1833 1656 literary man to the amateur class. The
175 1630 965 1689 another Continental publishing company
1941 1634 2683 1703 Much worse than the situation of the
1045 1652 1821 1703 enterprising author of "Quarantième Etage
177 1679 974 1724 has gone to the wall. An old German pub¬
1890 1685 2665 1744 novelist is that of the dramatist. It is very
1037 1697 1815 1756 and various other books which sell widel,
179 1724 972 1776 lishing house writes: "Have you any sug¬
1898 1732 2679 1793 possible, even likely, that a Heinrich von
1037 1746 1827 1795 in a dozen countries no doubt experiences
189 1774 972 1829 gestions as to how the American sale of
1898 1780 2679 1831 Kleist would go to his destruction if he
1041 1787 1825 1846 little direct inconvenience from the situa¬
183 1819 974 1870 our books can be stimulated? Germans
1896 1823 2667 1880 were living today, especially since the the¬
1039 1835 1831 1909 tion, but he has given thought to it. He
179 1864 974 1915 have almost completely stopped buying
1892 1878 2665 1927 aters have gone to the devil again (wieder
1030 1874 1140 1945 says:
179 1911 972 1955 books." The head of some of the solidest
1890 1923 2673 1972 einmal nicht Gottes, sondern des Teufels
1077 1937 1821 1996 "The deplorable conditions under which
179 1953 970 2000 German firms remarks in a burst of confi¬
1892 1972 2642 2041 sind). It is just as serious with the poets.
1033 1990 1819 2053 certain writers are forced to live certainly
175 2000 967 2061 dence that for the first time since his child¬
1033 2041 1823 2096 react unfortunately on their literary pro¬
1917 2022 2669 2089 "This is how things are today. Since
179 2049 965 2106 hood he could not afford a summer vaca¬
1030 2079 1230 2140 duction.
1331 2089 1819 2146 Very few writers of reputa¬
1890 2091 2673 2144 they are steadily growing more desperate, it
183 2093 967 2144 tion this season. A mild deprivation com¬
1033 2126 1825 2191 tion are suffering serious distress. But
1890 2136 2667 2189 may be worse next month. Before the war
179 2138 972 2199 pared to the case of the French novelist
1037 2171 1819 2238 many authors of merit have no reputation.
1890 2179 2667 2238 probably 60 per cent of our population
179 2179 965 2242 who died of starvation a year or two ago
1165 2226 1815 2280 A distinction must be made among
1896 2228 2667 2278 were able to buy books and go to the the¬
179 2234 970 2280 and that of the once famous Czech drama¬
1037 2268 1819 2325 the different European countries. A very
1892 2270 2671 2331 ater. Now not 5 per cent can do so. Who
179 2274 970 2331 tist who is subsisting on charity. Books are
1037 2315 1821 2366 important consideration is always the num¬
1890 2319 2614 2390 knows how it will be by another month?
177 2323 961 2380 a luxury, and everybody in central Europe
1037 2366 1827 2419 ber of individuals who speak or read the
179 2372 972 2421 who has lived from the making or the
1931 2376 2667 2443 "How can conditions be improved? The
1037 2409 1821 2463 language of the author. The situation is
175 2417 972 2480 selling of books is living narrowly at
1884 2437 2661 2496 only thing I can suggest is to kill off every¬
1037 2457 1821 2522 relatively very favorable for writers in
175 2463 325 2535 present.
1884 2482 2667 2551 body who favors our dragging our burden
1037 2500 1817 2551 English, where success means fortune.
211 2496 965 2585 In the course of considerable correspon¬
1884 2532 2398 2598 of political debt any longer.
1043 2547 1819 2596 When Germany was in a less miserable
177 2575 967 2624 ence on the subject I have received from
2010 2577 2246 2656 Your friend,
1030 2596 1825 2644 situation than she is today the life of the
175 2622 965 2675 Europe some very interesting comment,
2183 2614 2618 2697 GUSTAV FRENSSEN.
1033 2644 1825 2695 German artist was fairly comfortable, too,
169 2667 961 2728 signed now and then with a name which
1039 2687 1815 2738 when he had crossed the threshold of
1917 2675 2667 2748 The wisest and kindest of living Austrian
171 2711 967 2762 carries weight. The problem is less serious
1033 2736 1815 2787 fame. French writers, who are so fortunate
1884 2742 2654 2815 writers has concrete suggestions. Dr. Ar¬
169 2762 970 2811 in France than in some other countries,
1028 2782 1821 2837 as to be read not only by the 50,000,000
1886 2791 2305 2860 thur Schnitzler writes:
177 2803 961 2860 but even there the authors couch is no
1030 2827 1821 2882 Europeans whose language is French but
2065 2823 2663 2898 The shortest and simples means
177 2852 961 2909 bed of roses. The thoughtful author of
1026 2872 1813 2925 in foreign countries, are also relatively
1884 2886 2669 2937 of helping the situation is by direct aid to
171 2900 961 2951 La vie d'Oscar Wilde" and of several books
1020 2923 1815 2984 favored. But the situation is deplorable for
1880 2931 2665 2984 the needy writers. More important and in
175 2947 959 2994 which deal with the perplexities of the
1030 2967 1813 3028 the languages which are not widely used.
1878 2980 2669 3035 a higher sense would, of course, be a reform
169 2994 959 3051 literary profession, wrote me a little while
1030 3010 1650 3077 like Dutch, Czech, Finnish, etc.
1874 3030 2654 3075 of the copyright law, or at least a care¬
171 3037 260 3091 ago:
1154 3055 1500 3124 With best regards,
1878 3069 2654 3128 ful observance of the existing law, which
1447 3098 1770 3171 LUGDURTAIN.
197 3079 957 3167 In France there are probably not twenty
1884 3120 2661 3171 as you know, is not now the case. It is
165 3154 959 3205 authors who live from the sale of their
1880 3163 2654 3215 unfortunately true that spiritual property
1057 3148 1817 3219 But it is from Germany and Austria that
163 3203 959 3250 books. The majority of them pull through
1878 3213 2665 3260 has never been put on the same plane
1030 3213 1807 3266 the most touching letters come. Old Gustav
171 3248 707 3303 with the help of journalism.
866 3248 961 3307 I do
1030 3258 1807 3309 Fressen, known to two generations of
1880 3258 2661 3309 before the law as material property, and
165 3274 959 3350 not see any remedy for the situation. There
1020 3307 1813 3356 Americans for his "Jörn Uhl" and
1874 3307 2656 3368 so it is constantly happening that direct
163 3341 959 3388 is no way of forcing the public to buy books
1878 3352 2654 3396 infractions of existing law are not ade¬
1030 3352 1807 3421 Hilligenlei, writes bravely, if a little
171 3386 955 3435 which do not interest them. If the state
1880 3390 2654 3451 quately punished or not at all, so that the
1020 3388 1719 3461 caustically, from his Holstein village:
171 3431 961 3488 grants a subvention to certain writers, their
1874 3439 2656 3508 most disgraceful offenders against the regu¬
1067 3455 1809 3524 There are in Germany a considerable
163 3480 947 3532 art will inevitably suffer, for they will be¬
1874 3486 2654 3539 lations concerning spiritual property are
1024 3512 1805 3563 number of writers of reputation but with¬
157 3520 957 3577 come the creatures of the government and
1878 3535 2659 3585 allowed to go free, not merely unpunished,
1018 3557 1805 3604 out merit. They have gained their reputa¬
163 3575 955 3632 their work will trend toward low propa¬
1878 3579 2654 3626 but even as highly respected citizens. But
1024 3604 1809 3654 tion through the kindness of friends, critics
165 3620 955 3667 ganda. The only solution is for imagina¬
1878 3628 2648 3671 these things cannot be changed overnight
1024 3648 1807 3697 and periodical, not through their works.
165 3665 955 3713 tive literature, as is already the case with
1872 3671 2659 3724 and even if they were changed there will
1026 3695 1807 3746 Some of these writers are having a very
167 3711 955 3760 poetry, to cease to be a profession and
1874 3717 2656 3772 always remain a certain number of writers
1020 3740 1811 3789 hard time in these trying days, but I am
157 3754 951 3817 become an avocation. The reason why so
1872 3762 2654 3827 who would have difficulty in earning a
1026 3787 1809 3860 inclined to think that it is just as well
157 3809 953 3870 many mediocre works are published is pre¬
1868 3803 2528 3880 living, if they were paid respectably.
1018 3827 1352 3902 that they should.
159 3852 955 3898 cisely that their authors expect material
1992 3850 2177 3923 Cordially,
165 3888 955 3945 gain from them. The moment they earn
1059 3866 1813 3947 "The story writer of real merit, the
2126 3872 2614 3961 "ARTHUR SCHNITZLER."
3093 606 3291 693 .
2967 1000 3282 1091 Drawing by Alan
2768 1108 3287 1177 The alert and brillant you
2744 1154 3280 1215 Mit fremden Federn and
2742 1207 3287 1268 Lianora" is full of sympathy
2742 1254 2917 1323 He says:
2787 1301 3287 1394 Economic crises always he
2746 1382 3287 1441 particularly hard. He belongs
2746 1435 3285 1484 gory of luxuries, with cham¬
2740 1474 3291 1530 facturers, light ladies and bote
2740 1522 3278 1583 one has any money now for
2740 1579 3287 1642 categories. There is the add
2744 1616 3282 1687 culty that since the war we
2744 1665 3287 1724 tirely new literature, and some
2738 1701 3285 1756 distinguished personalities of pi
2744 1754 3282 1813 ture have been unable or uni¬
2740 1791 3287 1856 themselves to the new conditi
2736 1850 3285 1904 as a result living in the direst
2742 1890 3280 1949 of them are literally starvin
2744 1945 3285 2014 way to help them is with mo-
2736 1986 3102 2053 money. Very truly,
3045 2012 3282 2102 ROBERT
2768 2081 3252 2183 W. E. Süskind, whose
2732 2152 3228 2222 masterpieces “Tordis" and
2730 2209 3278 2280 made him famous, regards th
2738 2254 2972 2329 very serious:
2768 2307 3280 2394 "The economic situation
2730 2384 3278 2437 Germany is extremly disquie¬
2730 2423 3282 2494 future is full of perplexity. I a
2726 2474 3278 2535 ing simply of the general der
2726 2520 3278 2596 as that is, another circunstar
2722 2571 3280 2626 responsible for the fact the
2730 2618 3278 2675 writers are in want today and
2732 2663 3280 2728 tion of a really first-class lite
2732 2709 3276 2772 coming more and more difficu¬
2726 2756 3258 2807 at which the writer makes
2724 2805 3272 2856 steadily changing. In the ma
2732 2850 3268 2898 it is no longer the book, but
2734 2892 3272 2945 and there the vicious law obt
2730 2943 3266 2994 by the publishers, that the
2730 2986 3260 3047 keep in mind that puzzling
2732 3039 3272 3089 popular taste. It follows inevit
2730 3089 3268 3142 artistic and spiritual standar¬
2728 3134 3274 3185 duction is lowered, and I
2730 3171 3272 3222 there is today no first class
2724 3213 3262 3282 many who is economically
2732 3266 3272 3315 entirely unhampered, just a
2724 3307 3266 3368 prompts him. The economic
2724 3358 3272 3435 of the writer is no longer a p
2726 3394 3126 3478 feared. It is a fact.
2839 3445 3181 3522 With best wishes,
3114 3492 3274 3575 W. E.
2746 3563 3264 3640 Readers who may be inci¬
2717 3610 3260 3675 financial assistance to Germa¬
2726 3675 3264 3722 writers who are in financial
2717 3717 3266 3766 make contacts with the S
2717 3762 3262 3819 Deutscher Schriftsteller, Be¬
2719 3807 3260 3858 Nürnbergerstrasse 8, or with
2717 3854 3264 3908 verband Deutscher Schriftstell
2711 3896 3199 3972 reich, Wien, Annagasse 5.
