3392 4320
127 824 212 908 a
127 880 354 959 schutz erhält,
130 945 354 1007 gert werde.
133 990 351 1053 portschaft
136 1039 345 1098 Lebens¬
130 1084 342 1160 mehr ver¬
153 1327 342 1392 Freunden.
122 1375 345 1435 in Richard
125 1421 342 1483 nde? Wir
127 1460 342 1528 er täuschte
116 1511 337 1582 dem Zweifel
127 1559 345 1622 ht hatte er
116 1602 342 1667 jedenfalls
127 1650 342 1709 en her bis
125 1692 337 1763 st der erste
130 1738 340 1820 erste war,
153 1825 334 1890 vormittag
127 1876 340 1941 „Aber erst
122 1924 334 1995 lang seiner
113 1970 337 2032 lle Stimme
119 2023 334 2080 beten. Hoch¬
122 2066 323 2134 sterreichisch¬
122 2117 331 2185 Einfachheit
122 2165 331 2222 bleibt. In
119 2205 323 2278 len harter
122 2256 320 2321 nötig war
110 2298 323 2374 seine eigene
122 2346 325 2411 er, daß er
110 2394 320 2462 ner Klasse,
108 2445 323 2513 darauf, und
108 2493 320 2555 blichen Wer=
110 2541 320 2606 ten in der
110 2584 311 2652 che Distanz
127 2632 325 2697 später nur
113 2677 317 2751 Möglichkeit
102 2734 320 2796 als Knabe
102 2779 317 2833 ren eines
156 2819 314 2887 Gespräch
122 2872 320 2946 zuletzt bei¬
181 2923 320 2988 er sei
133 2972 317 3037 wurde er
170 3008 308 3073 wie da¬
178 3059 320 3133 bloß er
207 3155 311 3266 se de¬
226 3249 323 3334 ten,
308 263 974 368 Miscellaneous
1163 266 1585 379 box 42/4
388 872 535 965 tung
391 914 897 993 die Oberhano,
385 971 985 1050 größerem Nutzen sind.
1559 988 1687 1081 -
473 1039 1520 1124 Und noch eins: Industrielle und Finanzleute haben die
1551 1033 2021 1121 tionen in Form von
388 1078 1517 1163 hohen Zölle durchgesetzt, weil sie besser organisiert waren
1551 1073 2272 1177 barmachung der Wasserkräfte au¬
385 1155 1517 1208 als die Agrarier, denen aber mit niedrigeren Zöllen geholfen
1562 1109 2680 1237 Verdienstmöglichkeiten für die Massen zu schaffen, und na¬
385 1191 1523 1285 wäre. Es ist die bessere Organisation, welche auch
1562 1203 2691 1276 lichen Gefahren der ersten Jahre begegnen zu können. Die
371 1240 1330 1299 in Zukunft den Abbau der Zölle herbeiführen wird.
1548 1262 2686 1327 Kommission hätte nach dem Muster der Young=Konferenz
374 1344 1514 1412 legte er ab, wie man Masken, einst zum Karnevalsscherz
1559 1350 2688 1418 gewühlte Scholle des Alltags. Oh, er hat sie gekannt, wie
379 1392 1511 1452 vorgebunden, wegwirft, wenn der wirkliche Ernst beginnt.
1554 1407 2686 1460 nur einer. Alle Strömungen, alle Erkenntnisse, alle An¬
376 1435 1508 1511 Er war lange schon berühmt, als er, kaum zwanzigjährig,
1556 1443 2686 1511 sprüche, alle zu erkämpfenden Ziele. Aber sie wuchsen weder
382 1483 1503 1556 Dragonerfreiwilliger wurde. Er wurde das mit Begeisterung
1556 1500 2677 1554 zu Form noch zu Gestalt in seinen schmalen, nobeln Händen.
379 1525 1508 1596 in die sich wieder ein Queutchen Snobbismus mengte. Nie¬
1554 1531 2683 1605 Er kannte zugleich wie kein anderer das historisch Gewesene,
379 1579 1511 1641 mals ha er von der Schule, niemals von den
1551 1579 2686 1653 das historisch Gewordene und Gewachsene. Wie kein anderer
379 1624 1508 1687 Universitätsstudien gesprochen. Aber so ausführlich, wie er
1545 1630 2683 1701 war er mit allen großen, interessanten Persönlichkeiten der
376 1670 1503 1743 vorher das symbolische Rituale der Messe, die Großartigkeit
1551 1673 2686 1743 Geschichte vertraut, mit den ganzen und mit den brüchigen
1551 1715 2680 1783 Menschen, mit den tugendreichen und mit den lasterhaften,
379 1718 1503 1783 der Sakramente geschildert hatte, so ausführlich erzählte er
1551 1760 2686 1831 so nah vertraut, so heimisch in ihren Intimitäten, als seien
371 1766 1503 1848 nun vom Dienst, von der Armee, vom Kameradschaftsgeist
1556 1806 2672 1871 sie Menschen unserer Tage. Wie keiner hatte er die Litera¬
371 1811 1503 1890 des Offizierskorps. Wir waren nicht gerade militärisch ge¬
1551 1859 2680 1916 turen aller Zeiten und aller Länder inne. Und wie kein
382 1859 1494 1924 sinnt. Doch wie wir ein paar Jahre vorher von dem poetisch
1545 1902 2672 1961 anderer beherrschte er die großen Kultursprachen der Ver¬
365 1913 1494 1978 entflammten Knaben hingerissen waren, dem die magisch¬
1548 1947 2683 2015 gangenheit und der Gegenwart. Er wäre fähig gewesen, sich
374 1953 1500 2021 Schönheit der katholischen Kirche wunderbar erblühte,
1537 2004 2677 2057 mit Plato in griechischer Sprache, mit Seneca lateinisch zu
385 2001 1494 2072 fühlten wir uns jetzt von dem Dichter=Jüngling bezwungen,
1542 2043 2677 2094 unterhalten, wie er in London durch sein glänzendes Eng¬
374 2052 1497 2111 der die heroische Tradition, die einigende Kraft und das
1545 2080 2669 2148 lisch verblüffte, in Paris durch sein meisterhaftes Französisch
374 2094 1494 2162 stolze Herrentum der österreichischen Armee als ein hohes
1542 2134 2672 2202 und in Rom durch sein klassisches Italienisch Aufsehen er¬
371 2142 1503 2216 Gut so stark empfand. Er befand sich nach seiner Geburt
1542 2173 2672 2239 regte. Er hat mit seinen ersten Dichtungen an die erlauchten
362 2196 1503 2258 wie nach seinem Blut in einer besonderen Stellung. Hugo
1540 2216 2672 2281 Traditionen angeknüpft, denen er trotz Naturalismus ver¬
359 2241 1494 2301 v. Hofmannsthal. Als Stämmling früh geadelter In¬
1537 2272 2672 2338 wurzelt war und verwurzelt blieb. Er hat im Tonfall, in
359 2281 1491 2360 dustrieller und urwüchsig katholischer Wiener Patrizier, so
1540 2309 2666 2386 Reim und Rhythmus seiner unvergänglichen Verse an
371 2329 1489 2408 stand er, gerade um die Zeit der dümmsten rassentheoreti¬
1540 2355 2669 2428 Goethe erinnert und war dennoch, mit sechzehn Jahren schon,
374 2377 1489 2439 siere den Gehässigkeit, an einer haarscharfen Grenzlinie.
1540 2408 2666 2468 ganz und gar ein Eigener. Denn das von den Vätern Ererbte
362 2422 1494 2493 Sie bedeutete gar nichts für den, der sich zur Masse
1540 2462 2663 2513 hatte er erworben. Also besaß er es nach höchstem Recht. Er
359 2468 1489 2541 kehrte, ins Breite, nach unten. Diese Position an der
1525 2493 2643 2564 wohnte mit dem Helden seiner ersten Dichtung „Gestern
362 2519 1486 2581 gesellschaftlichen Grenzlinie wurde aber dem Mann ge¬
1534 2544 2663 2606 zu Imola in einem Schloß. Er hat im Palast des Tizian
365 2561 1489 2635 fährlich, der nach oben strebte. Gesellschaftlich nach oben. Und
1537 2595 2660 2660 gewohnt. Er war mit seinem Tor in einem abseits, am Hang
359 2618 1491 2683 Hofmannsthal drängte nach oben. Er wurde nach oben
1534 2638 2660 2697 des Wienerwaldes einsamen Patrizierhaus heimisch. Er
365 2666 1494 2728 getrieben, gejagt, gehetzt. Von einer leidenschaftlichen
1531 2672 2660 2745 hat zeitlos in dem Fürstenschloß seines Wesens gehaust, das
362 2703 1483 2776 Energie, von seinem glühenden Ehrgeiz, von dem, was wie
1525 2720 2652 2788 die kostbarsten Güter aller Zeiten und Kulturen barg. Er¬
359 2751 747 2819 Snobbismus aussah.
1520 2768 2652 2844 klärlich, daß sein Schönheitsdurst, seine Sehnsucht nach
453 2805 1489 2875 Längst weiß ich, daß es bei diesem herrlichen Menschen
1528 2816 2649 2884 Harmonie ihn zu den Menschen zog, die in schimmernden
362 2836 1483 2912 kein Snobbismus gewesen ist. Mindestens keiner in einem
1528 2858 2652 2932 Gemächern lebten. Erklärlich, wenn die Fülle des Wissens
354 2898 1483 2957 niedrigen, alltäglichen Sinn. Er trat ja auch in einer Epoche
1525 2904 2649 2986 wie der Schwung seiner Phantasie ihn von Anfang an in
365 2940 1480 3003 hervor, die vom konsequenten, sozial gefärbten Naturalis¬
1528 2949 2646 3034 den Glauben trieb, das Geschick der Erdenkinder sei nur
357 2986 1477 3048 mus beherrscht wurde. Nach einer umfänglichen Pause
1520 2997 2340 3071 von oben her zu überschauen und zu lenken.
359 3039 1483 3102 während welcher armselige Epigonen ihre Röllchen spielten,
1599 3059 2646 3133 Jetzt werden seine unsterblichen Verse wieder in mir
357 3079 1477 3144 hatten neue, führende Männer mit allen Ueberlieferungen
1508 3068 2635 3175 wach, die keiner vergessen wird, der sie jemals vernimmt,
365 3133 1480 3181 gebrochen, um diese gründlich veränderte Gegenwart, die
1511 3147 2626 3206 wachen auf und zwängen sich über meine Lippen. Jenen
359 3175 1480 3238 noch größeren Veränderungen entgegenatmete, dichterisch
1514 3189 2635 3254 Sommertag sehe ich vor mir, der dann seine Glut zu Sturm
359 3218 1477 3271 zu gestalten. Hofmannsthal fand sich auch hier auf einer
1511 3235 2629 3305 und Ungewitter löste. Wir saßen beide ganz allein im Garten
354 3263 2632 3371 haarscharf gezogenen Grenzlinie. Er betrat nicht die auf am Wolfgangsee und ich hörte zum erstenmal den eben
