3344 4320
160 266 253 352 1.
325 268 988 378 Miscellaneous
1174 281 1599 366 box 42/4
1326 978 1825 1064 auf die Gemüter aus, die
717 1027 1822 1110 gentliche Wirkungen hervorgebracht hat. Der Unfall
155 1055 659 1132 prinzip behaftet. Wenn
699 1091 1823 1154 des „Graf Zeppelin" war ein schlagender Beweis
132 1116 659 1174 oung=Plan besteht, wenn er
696 1130 1820 1211 dafür, daß sich doch etwas gewandelt hat. Ich werde mich
152 1159 652 1235 wird, dann wird zwischen
704 1184 1820 1257 auf der internationalen Regierungskonferenz mit allen
132 1207 381 1272 les möglich.
690 1237 1829 1304 Kräften bemühen, den Frieden herbeizuführen, allerdings
136 1306 652 1372 Hörte ihn mit dieser merk¬
692 1326 1822 1404 aus einer Verzweiflung, die irgendwo Halt sucht, weiß ich
128 1350 643 1423 ils, die erst beim Vortrag
690 1365 1809 1446 nicht. „Es weht herüber wie feuchter Atem stürzender Ge¬
133 1397 649 1467 Klang bekam, die warm war
689 1417 1799 1498 wässer..." heißt es in seinem „Oedipus“-Drama. Ach ja, es
124 1443 646 1507 Bunde ans Licht sickert, die
690 1460 1636 1536 weht herüber wie leiser Atem vergangener Jugend.
122 1482 645 1555 war, wie purpurner Samt,
790 1525 1805 1600 Er war... Es fällt schwer, von einem teuern Menschen
128 1538 642 1602 arbenen Schimmer zu über¬
689 1569 1805 1640 zu sagen: er war, von dem man gestern noch sagen durfte,
133 1579 645 1642 ben schien. Er las uns den
692 1623 1809 1691 von dem man immer noch denkt: er ist! In seinem Wesen
131 1624 646 1694 die „Frau am Fenster", die
693 1660 1809 1727 haben mancherlei starke Elemente gewaltet. Die Dominante
132 1668 640 1734 Abenteurer und die Sän¬
690 1711 1805 1769 aber klang vom achtzehnten Jahrhundert her und war öster¬
133 1710 642 1782 damals den „Anatol. Wir
684 1758 1792 1830 reichisches Barock. Sein Verhältnis zum Heute: so intensiv
132 1759 632 1829 der, so wie sie fertig waren
683 1796 1799 1864 teilnehmend, so verständnisvoll, so lebendig, so funkelnd in
126 1802 636 1872 hofmannsthal jenen Prolog,
686 1840 1798 1916 Gedanken, Einfällen und so verschwenderisch in hingestreuter
129 1852 633 1907 den ist, wie der „Anatol¬
684 1886 1796 1964 Anregung es immer war, er brachte es kaum jemals fertig,
124 1891 636 1962 nachher noch, haben wir,
686 1930 1801 2009 dieses Heute poetisch zu fassen, schaffend zu formen. Manch¬
132 1941 636 2006 ziergängen Verse von Hof¬
679 1987 1796 2050 mal glaubte man, der Achtzehnjährige hätte ein prophetisches
148 1988 639 2050 Leute draußen im Freien
677 2028 1792 2097 Selbstbekenntnis in die Verse gelegt: „Ich hab' mich so vom
118 2029 633 2090 nsthalsche Verse gesprochen.
680 2060 1791 2137 Wirklichen verloren. — Daß ich die Sonne sah aus toten
125 2077 638 2141 d Musik: der Andrea des
682 2114 1778 2178 Augen — Und nicht mehr hörte, als durch tote Ohren.
118 2126 629 2190 surken, ich kann sie verstehen
677 2156 1785 2236 Aber vielleicht hat er nie versucht, diese Gegenwart zu ge¬
135 2170 635 2235 um mich sehen — Gleich¬
687 2202 1788 2276 stalten, hat das vielleicht nie gewollt. Was er inbrünstig
126 2207 322 2272 her späht
375 2212 630 2276 Weil niemals
673 2256 1788 2326 ersehnt, worum er blutig gerungen hat, das war die große
163 2251 623 2339 So haß ich die, die ihre
672 2295 1793 2371 Wirkung auf dem Theater. Seine frühen Einakter, Meister¬
112 2292 605 2363 iner Ehrlichkeit bequemen.
672 2342 1779 2401 werke der Dichtkunst, sind bühnenmäßig nur Anfänge ge¬
109 2346 625 2405 sich darauf: „Oh, gold'ne
672 2388 1774 2459 wesen. „Das gerettete Venedig ebenso wie „Oedipus und
132 2391 626 2458 Ein Trieb der Kunst in
672 2431 1782 2492 die Sphinx“, dann „Christinas Heimreise", zuletzt „Der
121 2435 625 2503 se Lügen, mühevoll gewebt,
674 2476 1785 2543 Turm, sind wertvoll, sind köstlich wie Juwelen seltenster
114 2482 625 2538 und hält und hebt!“ Dann
674 2519 1782 2583 Art, die nur bei seltensten Gelegenheiten hervorgeholt und
119 2529 619 2597 Wie nah sind meiner Seele
670 2573 1776 2644 getragen werden. Sie bleiben dem Buch näher, bleiben ihm
109 2573 592 2640 er Halde einsam wohnen
666 2614 1778 2681 verwandter als dem Podium. „Der Schwierige“, dieses
111 2618 361 2681 nd gepflückt,
439 2624 625 2685 Die gute
665 2662 1779 2731 wunderbare Filigran=Monument eines österreichischen Kava¬
129 2661 619 2729 Sie können sich mit ein¬
669 2701 1778 2768 liers, kann heute nur ein einziger deutscher Schauspieler zu
116 2709 619 2775 Lachen und Weinen, sagen,
667 2753 1778 2822 wirksamer, tief menschlicher Lebendigkeit wecken. Das „mit
114 2753 619 2810 te Pforten — Mit blutigen
665 2804 1775 2864 einfachen Worten, was nötig zum Lachen und Weinen
118 2803 618 2867 Achtzehnjährigen gestaltet,
674 2840 1768 2907 sagen ist Hofmannsthal erst im „Jedermann" gelungen
104 2844 596 2908 rerbte Grauen von dir! —
659 2885 1342 2945 und dann im „Großen Welttheater"
111 2891 331 2951 ein Gerippe
439 2894 616 2949 Aus des
109 2942 613 2992 Ein großer Gott der Seele
750 2931 1772 3009 Das Spiel vom „Jedermann" schrieb er, bevor er zur
126 2979 616 3044 „Der tiefe Brunnen weiß
653 2966 1761 3056 Oper abschwenkte, oder ganz am Anfang dieser merkwürdigen,
118 3029 613 3098 Frühlingswind durch kahle
656 3040 1745 3104 im Wesentlichen barocken Schwenkung. Das „Welttheater
655 3073 1761 3147 viele Jahre später und gab damit den Beweis, wie wenig
99 3107 609 3181 er kleinen Stube, habe ich
653 3125 1761 3182 verbraucht, wie unverwüstlich seine dichterische Substanz ge¬
104 3162 612 3226 sthal zur Hand. Aber ich
660 3172 1761 3233 blieben war. „Elektra“ jedoch, dieser erste, wirkliche und
102 3211 612 3262 Dichters vor. Viele Seiten
660 3219 1667 3275 große Bühnenerfolg führte ihn mit Richard Strauß
99 3260 611 3323 t sind für immer. Ob ich
669 3236 1764 3331 sammen. Das war sein Glück und das war zugleich sein
114 3300 615 3377 eine Art Trauerfeier, oder
653 3302 889 3378 Verhängnis.
2702 883 2988 970 „Weye den
2249 922 2988 1004 Wahrheit ist der Sieger, der den Be¬
1874 956 2985 1058 siegten an der Kette hält, durch diese Kette ebenso fest ge¬
1856 1028 2988 1099 bunden wie der Besiegte. Die kommende Regelung, die
1864 1072 2988 1140 Frankreich annehmen soll, ist eine angelsächsische. Wir aber
1863 1122 2988 1194 wollen einen französischen Frieden, das heißt einen Frieden,
1860 1154 2985 1237 der auf den alten französischen Traditionen begründet ist.
1857 1207 2986 1272 Wirfordern, daß die Idee der europäischen
1863 1252 2975 1328 Föderation unserer ganzen Politik zu¬
1937 1349 2973 1438 Wie jeder Götterliebling, schien auch Hofmannsthal
1859 1399 2975 1474 immer und in seinen am hellsten leuchtenden Zeiten von
1853 1443 2976 1529 Tragik umschattet. Fast ein Kind noch, wurde er vom Fittich
1859 1487 2975 1575 seines Genies zu einer Höhe emporgetragen, leicht, mühelos,
1853 1539 2969 1615 glücklich, die andere nur nach einem langen, mühsamen
1847 1583 2972 1664 Dasein erklimmen. Er stand jahrelang in der strahlend heißen
1850 1629 2964 1697 Sonne des Erfolges, bezaubernd heiter, bezwingend an¬
1843 1678 2966 1745 mutig, göttlich sorglos, schäumend vor stolzem Uebermut, un¬
1849 1728 2964 1796 erschöpflich in der Kraft seines beispiellosen Könnens. De¬
1843 1772 2964 1850 noch wurde einem manchmal bang, wenn man ihn ansah.
1843 1816 2962 1894 Dennoch mag ihm selbst schon damals manchmal bang ge¬
1842 1863 2962 1927 worden sein. Das Schicksal hatte ihn zu hoch oben anfangen
1836 1894 2971 1984 lassen. Darüber hinaus gab es kaum noch einen höheren Gipfel.
1845 1950 2961 2018 Später dann, je mehr sein Leben vorrückte, desto heftiger
1837 1995 2952 2062 begann der Kampf gegen diesen Anfang. Schwärzer und
1850 2039 2955 2121 schwärzer traten die Schatten der Schwermut hervor, um¬
1850 2080 2948 2151 schlossen ihn dunkler und dunkler. Eine unselige Verwandt¬
1842 2141 2954 2214 schaft mit dem Grillparzer'schen Wesen wird sichtbar. Nach
1840 2184 2955 2263 außen hin nicht deutlich. Denn Hofmannsthals Temperament
1836 2224 2954 2306 war zu stürmisch, war zu stark aufs Positive gerichtet, um
1830 2263 2951 2344 bissige Bitterkeit oder Griesgram zu zeigen. Er blieb im
1842 2313 2948 2387 Gespräch der hinreißende Geist, befeuernd wie Champagner.
1835 2361 2951 2437 Er blieb unter allen Dichtern, die ich je gekannt habe, der
1837 2404 2945 2488 Einzige, der wirklich regen und fördernden Anteil am
1832 2448 2948 2536 Arbeiten eines anderen nahm. Allein, wie Grillparzer, der
1823 2488 2941 2577 auch mit einem großen Jugenderfolg begonnen hatte, den er
1830 2545 2938 2626 nicht zu verschmerzen imstande war, fiel Hofmannsthal aus
1830 2590 2939 2674 Kränkung ins Kränken. Er blieb berühmt und hielt sich
1830 2634 2935 2718 für vergessen. Er wurde geliebt und glaubte sich mißhandelt.
1825 2684 2921 2765 Er vibrierte von Kraft des Könnens und wähnte sich ent¬
1823 2728 2932 2810 kräftet. Er wurde schuldlos schuldig. Grillparzer gedieh bei
1828 2772 2931 2846 seinem trübsinnigen Jammer bis in die Achtzig. Hofmanns¬
1818 2822 2934 2901 thal machte wirkliche, gewitterheftige Tragik durch und erlag
1819 2866 2931 2942 ihr frühzeitig. Diese grüblerisch schwermütige Stimmung zer¬
1830 2911 2929 2989 störte seine Gesundheit. Es kann freilich auch sein, daß seine
1818 2971 2929 3037 schwindende Gesundheit diese tragische Grübelei erzeugt hat.
1813 3008 2931 3081 Jetzt, da er dem Sohne, der sich selbst den Tod gab, so eilig
1815 3056 2924 3133 nachgestürzt ist, braucht keiner sagen, daß man Hofmanns¬
1815 3096 2921 3167 thal nie vergessen wird. Seine Werke sagen das ganz von
1812 3140 2924 3216 selbst, sagen das ganz allein, viel beredsamer als alle
1808 3192 2918 3259 Nekrologe. Aber die Hofmannsthal persönlich gekannt haben,
1813 3236 2914 3290 wissen, daß sein so sehr erfülltes Leben trotz allem Erfüllt¬
1820 3276 2920 3374 sein nur ein Torso geblieben ist. Und sie wissen, daß er sich
1813 3326 2353 3401 es noch nicht erreicht hatte.
