3344 4352
166 280 1025 405 13. Miscellaneous
1218 293 1687 388 box 44/10
1129 1154 2573 1224 Das „Wiener Krippelspiel 1919“ war diesem bejubelten Einakter vorange¬
1034 1193 2584 1270 gangen: ein paar dramatische Szenen aus bösester Weihnachtszeit — da nimmt
1036 1233 2578 1303 ein seltsamer Straßenbahnwagen die frierenden Holzsammler auf und bringt sie
1033 1285 2578 1351 an die Endstation alles Daseins, ins Reich des Lichtes und des Friedens. Dem folgt
1038 1324 2582 1393 das „Apostelspiel und als das erfolgreichste das „Nachfolge=Christi=Spiel“ von dem
1046 1380 1971 1448 sich christusgleich opfernden Erlöser der Menschen.
1129 1407 2577 1486 Woraus erklärt sich die gewaltige Wirkung dieser Spiele? Einmal daraus,
1036 1465 2580 1530 daß sie einem von den meisten modernen Bühnendichtern vernachlässigten meta¬
1052 1500 2584 1577 physischen Bedürfnis des Zuschauers Rechnung tragen. Das Irrationale, der Glanz
1040 1540 2582 1617 des Überirdischen verbunden mit seiner seltenen Schlichtheit und Volkstümlichkeit
1048 1590 2580 1660 erinnern freudig an die mittelalterlichen Spiele mit ihrer stark suggestiven Kraft.
1044 1639 2588 1708 Durch ihre überzeugende Wirkung unterscheiden sie sich also von anderen modernen
1046 1679 2588 1743 Versuchen, von den rein äußerlichen Mirakeldichtungen der Symbolisten wie von
1046 1731 2590 1793 den Bauernspielen Richard Billingers und Rose Mellers, die, Assoziationen an das
1058 1770 2436 1851 Heidnisch=Triebhafte hervorrufend, sich eher an die Intellektuellen wenden.
1139 1812 2596 1886 Zweitens aus der Treuherzigkeit, aus der shakespearehaften Mischung von
1054 1857 2598 1928 Erhabenem und Lächerlichem, von Ernstem und Heiterem — nirgends mangelt dem
1058 1897 2600 1971 Dichter der befreiende Humor! Drittens aber aus der zielstrebigen Tendenz: seine
1060 1949 2598 2015 Stücke sind in jeder Bedeutung des Wortes sozial: sie sind nicht Privatangelegen¬
1060 1988 2598 2065 heit des Dichters und eines kleinen Kreises, sondern sie haben jedem etwas zu sagen,
1058 2032 2600 2100 unabhängig von seiner Weltanschauung. Denn wo immer Mells Menschen auf der
1060 2079 2598 2138 Bühne nicht nur mit sich selbst, sondern miteinander ringen, haben wir ein soziales
1058 2125 2602 2189 Drama im weitesten Sinne — deshalb sind auch die „Sieben gegen Theben" nicht
1063 2160 2609 2233 nur ein antikes Familiendrama, sondern ein soziales Drama, weil ja unter den
1073 2208 2606 2279 Begriff auch alle sittlichen Probleme fallen, soferne sie nur soziale Konflikte er¬
1067 2254 2602 2322 zeugen. Mells Zielsetzung ist ebenso eudämonistisch wie die des Sozialismus: ob die
1067 2306 2607 2368 Liebe, der Appell an die Menschlichkeit, der sich sooft schon als vergeblich erwiesen
1069 2343 2606 2418 hat, oder der an den Egoismus die Lösung bringen wird — darüber läßt sich freilich
1069 2409 1218 2470 streiten
1162 2414 2611 2507 So hat Max Mell sehr lange vor der Forderung Alfred Döblins nach
1069 2480 2613 2548 „Niveausenkung“ das Richtige getan: das neue Laienspiel geschaffen, das Kollektiv¬
1073 2509 2604 2588 erlebnis sein will wie im griechischen Altertum oder im heutigen Sowjetrußland,
1073 2567 2607 2629 wo Schauspieler und Zuschauer eine einzige verzückte, durch die Idee verbundene
1075 2602 2615 2677 Masse sind. In dieser Absicht hat auch Mell altdeutsche Stücke der neuen Sprech¬
1079 2656 2607 2725 weise angepaßt, so hat er uns zum Beispiel mit der Bearbeitung von Hans Sachsens
1083 2692 2611 2766 Spiel von den ungleichen Kindern Evä ein soziales Spiel aus dem sechzehnten
1081 2760 1577 2820 Jahrhundert wiedergegeben
1166 2770 2611 2851 Aber Mell ist auch ein starker Erzähler, seine erwähnte herbe Novelle
1075 2829 2619 2895 von der einsamen, mit Boden und Vieh verwobenen Bäuerin ist bisher sein Meister¬
1090 2864 2615 2941 stück, doch sind auch die kleineren Sachen recht lesenswert, etwa die schalkhafte
1085 2910 2617 2988 Wienergeschichte „Der Tänzer von Sankt Stephan“ oder die in der beschaulichen
1085 2966 2619 3036 Weise an Stifter gemahnende „Malerlegende", endlich die tiefsinnigen kleinen Le¬
1085 2999 2615 3078 genden, von denen hier wenigstens die kürzeste („Was sich bei der Erschaffung der
1081 3063 1718 3130 Erde begeben hat"), mitgeteilt sei¬
1168 3078 2615 3167 „Zu Anfang, als noch nichts war als unendliches Gewässer, gedachte der Herr die
1094 3125 2621 3198 Erde zu erschaffen, und sprach zu seinem Engel: „Geh und bring mir Sand vom Grunde
1090 3175 2625 3240 des Meeres.“ Der Engel tauchte gehorsam in die Tiefe und holte den Sand. Aber die
1090 3200 2627 3281 Gewalt der Wasser war so groß, daß sie ihm, als er emportauchte seine Last aus den
1094 3244 2621 3316 Händen und Armen hinwegspülte. Als er dies wahrnahm, kehrte er sogleich um und ver¬
1094 3277 2625 3362 suchte es ein zweites Mal, aber er vermochte nicht zu widerstehen und verlor seine Beute
1094 3323 2627 3399 wiederum. Und nicht anders erging es ihm auch beim dritten Male, die Bedrängnis war zu
1096 3358 2627 3437 groß und seine Arme nicht stark genug, die Last emporzubringen. Er nahte sich beschämt
1096 3408 2625 3482 dem Herrn und zeigte ihm betrübt seine leeren Hände; nur unter seinen Fingernägeln hatte
1096 3447 2335 3518 er ein weniges vom Sand behalten. Da sprach der Herr: „Das genügt!
1183 3472 2634 3557 Nächst dem Dramatiker ist wohl am stärksten der Lyriker Mell in die
1090 3522 2634 3615 Öffentlichkeit gedrungen. In seinen Versen atmet die österreichische Landschaft, mit
1096 3650 1177 3733 26
