3344 4320
236 196 1103 306 13. Miscellaneous
1291 204 1768 304 box 44/10
1388 1925 1927 2010 Sehr geehrter Herr Redakteur!
1303 1995 2117 2065 In seinem Bericht über die Erstaufführung des
1229 2051 2119 2101 „Ritter Blaubart am Lessingtheater zu Berlin
1231 2082 2117 2141 erzählt Ihr Herr Referent, daß der Theaterskandal
1228 2116 2112 2182 seinen Höhepunkt erreichte, „als Maximilian Harden
1235 2161 2118 2219 und Arthur Schnitzler mit Verserkerwut für das
1228 2191 2117 2257 schon verlorene Stück in die Bresche sprangen, sicht¬
1229 2238 2117 2293 bar vor allem Publikum hervortretend, tosenden
1223 2272 2112 2341 Beifall klatschend und mit vollen Backen Bravo
1224 2322 2113 2370 rufend, wutentbrannt“. Er fügt hinzu: „Es war
1223 2363 2113 2418 eine schöne Szene“ und spricht etliche Absätze später
1224 2385 2107 2456 die Befürchtung aus, daß sich einige Kritiker „natür¬
1223 2428 2107 2496 lich durch Hardens und Schnitzlers Auftreten be¬
1229 2469 1662 2513 unruhigt fühlen werden“
1285 2510 2110 2573 Demgegenüber bitte ich Sie festzustellen, daß
1224 2549 2107 2613 ich seit Monaten nicht in Berlin war, daher auch
1227 2596 2098 2643 zu meinem Bedauern der Premiere des „Blaubart“
1220 2631 2108 2691 nicht beiwohnen und meinem Beifall für das Stück
1291 2667 2108 2724 selbst wenn solches Betragen sonst zu meinen
1220 2697 1631 2762 Gepflogenheiten gehörte
1667 2715 2107 2775 - nicht in der von Herrn
1220 2737 2101 2807 Leo Berg mit so vollendeter Beobachtungsgabe
1211 2786 1975 2850 geschilderten Weise Ausdruck geben konnte.
1411 2825 1917 2906 Mit vorzüglicher Hochachtung
1745 2890 1989 2953 Ihr ergebener
1264 2915 1389 2981 Wien
1614 2933 2048 3003 Dr. Arthur Schnitzler
