3344 4352
1242 243 1713 342 box 44/10
185 235 1045 358 13. Miscellaneous
1212 794 1707 896 Deutsches Volkstum.
667 892 2239 981 seinem Ausschluß bietet, sucht man nun in der Tat durch „talmudische Rabutistik
657 975 2253 1033 einen Mann zu maßregeln, der durch seinen unerschrockenen Kampf sich bei den heute
663 1011 2257 1075 „maßgebenden Zeitgenossen unbeliebt gemacht hat und heute im Lager der jüdisch¬
1918 1061 2251 1126 Zielbewußte Per¬
669 1065 1885 1124 freisinnigen Presse einer der bestgehaßten Persönlichkeiten ist.
675 1106 2257 1172 sönlichkeit können diese Herren bekanntlich nicht vertragen, es sei denn, daß sie in das
663 1162 1252 1230 jüdisch=freisinnige Horn blasen.
752 1216 2255 1276 Soweit das gegen Artur Dinter in Szene gesetzte Verfahren sich nur unter
657 1268 2257 1325 den Hoheitsrechten der Herren Ludwig Fulda, Oskar Blumenthal und
663 1319 2257 1375 Genossen vollzüge, konnte man es auf sich beruhen lassen, zumal Dinter sich dadurch
669 1367 2255 1435 schwerlich in der weiteren Verfolgung seiner Ziele beirren lassen wird. Aber das
667 1413 2259 1481 Ketzergericht gegen den Mann, der mit Hingabe und ehrenvoller Aufrichtigkeit gegen
663 1467 2263 1530 unsere schmachvollen Theaterzustände antämpft, ist dadurch bemerkenswert, daß dem
667 1516 2257 1590 Richterkollegium, das ihn verurteilte, außer den Herren Ludwig Fulda,
663 1564 2257 1622 Oskar Blumenthal, Gustav Kadelburg, Walter Harlau,
673 1616 2257 1668 Wenzel Goldbaum, Franz Düllberg, Georg Engel, Lothar
669 1664 2259 1729 Schmidt und Artur Schnitzler, auch Max Dreyer, Heinrich
663 1709 2257 1775 Lilienfein, Otto Ernst, Ludwig Ganghofer, Max Halbe,
663 1761 2257 1821 Gerhart Hauptmann, Karl Schönherr und Hermann Suder¬
667 1811 2257 1865 mann angehören! Hätte nur ein einziger dieser Herren gegen den Ausschluß ge¬
679 1855 2261 1922 stimmt, so wäre der Anschlag gescheitert, da die Satzungen des Verbandes für den
673 1908 2257 1972 Fall des Ausschlusses eines Mitgliedes Einstimmigkeit vorsehen! Es ist jedoch
671 1960 2257 2018 möglich und sogar sehr wahrscheinlich, daß in Anbetracht der Kriegszeit nur ein
673 2006 2263 2068 Teil der genannten Herren zur Abhaltung des Fehmgerichts gegen Dinter berufen
673 2056 2263 2119 wurde oder zu seiner Tagung erscheinen konnte. Dafür spricht, daß der Vorstand sich
673 2103 2263 2163 hartnäckig weigert, die Zusammensetzung des Richterkollegiums dem Verurteilten
675 2153 2265 2209 bekannt zu geben! Offenbar hat nur ein bescheidener Teil des Vorstandes, Aufsichts¬
669 2201 2261 2253 rats und Geschäftsführenden Ausschusses gesagt und man gibt nun der von Satzun¬
675 2245 2261 2308 gen geforderten Einstimmigkeit die abermals talmudische Deutung, daß die „Ein¬
681 2298 2257 2360 stimmigkeit" nur von den persönlich Erschienenen zu verlangen sei! Wie dem aber
669 2346 2259 2404 auch sei, die genannten Männer, die doch unbedingten Anspruch auf Achtung als
673 2398 2263 2452 deutsche Dichter von Charakter und Mannhaftigkeit machen werden, sind von der
673 2444 2263 2503 „maßgebenden“ Partei genötigt, daß Verfahren gegen Dinter mit ihrem Namen zu
669 2493 2259 2549 decken! Da sie es aber wohl von sich weisen werden, als Werkzeuge der gegen Dinter
679 2543 2263 2601 wirkenden Kräfte zu gelten, tragen sie mit die Verantwortung für dies Verfahren,
679 2595 2269 2649 das für die Kulturgeschichte der Gegenwart von ganz besonderem Reiz ist. Es kommt
669 2645 2261 2700 noch hinzu, daß es sich gegen einen Mann richtet, der seit Kriegsbeginn Soldat ist,
679 2692 2263 2748 verwundet wurde und nach seiner Wiederherstellung wiederholt im Felde erkrankt
679 2742 2259 2804 und infolgedessen verhindert ist, seine Sache selber zu führen. Die Eigenart dieses
679 2792 2263 2844 Vorgehens hat wohl auch die Mehrheit der am 15. Dezember 1916 einberufenen
681 2842 2267 2895 Generalversammlung des Verbandes eingesehen, die den Beschluß des Gesamtvor¬
685 2887 2267 2953 standes infolge des Einspruches Dinters zu bestätigen hat. Dem Antrage Dinters
675 2939 2261 2989 entsprechend hat sie die Abstimmung über seinen endgiltigen Ausschluß auf einen
691 2987 2267 3053 Zeitpunkt vertagt, der dem Verfehmten das persönliche Erscheinen auf der General¬
675 3035 2267 3098 versammlung ermöglicht. Da die Entscheidung auf der Generalversammlung
681 3084 2267 3146 satzungsgemäß jedoch mit einfacher Mehrheit zu erfolgen hat, besteht heute schon kein
691 3138 2271 3194 Zweifel darüber, daß Dinter aus dem Verbande Deutscher Bühnenschriftsteller, den
675 3182 2267 3250 er selber gegründet hat und dessen langjähriges Vorstandsmitglied er war, tatsächlich
681 3236 2267 3289 ausgeschlossen werden wird. Im Interesse der Sache, die Dinter vertritt und die
685 3285 2046 3343 auch die unsere ist, wird er jedoch seinen Ausschluß gerichtlich anfechten.
774 3325 2261 3391 Das Licht, das Diners Briefwechsel mit dem Verbande auf Dr. Max
675 3379 2267 3437 Dreyer wirft, ist so eigenartig, daß man nur hoffen kann, daß hier ein verhängnis¬
679 3427 1303 3490 volles Mißverständnis obwaltet.
1375 3435 2269 3484 Die Vorstellung, die wir vom Charakter des
683 3479 2265 3554 Dichters des „Probekandidaten“ bisher hatten, läßt sich mit den aus Diners Brief
681 3524 1773 3602 notwendig sich ergebenden Folgerungen nicht vereinbaren!
