3344 4256
1234 203 1720 317 box 44/10
181 206 1050 324 13. Miscellaneous
217 1168 1138 1286 So fehlt jedoch anderseits nicht an som
821 1260 1020 1334 en
1020 1315 3061 1370 Asiaten vermischt, exquisite Abenteurer, mit der alten die in ihrer gräßlichen Wucht etwas beinahe Antikes hat.
103 1322 998 1374 der Bewohner ist bäuerisch. Bäuerisch im Leben und
2052 1367 3054 1426 Das andere ist der „Michael Gaißmayr), eine Tragödie
1031 1363 2022 1422 Trauer der Nation drapirt, neben wüsten, stöhnender
111 1367 1002 1429 sinnung. Die Menschen haben einen anderen Schlag,
2056 1415 3058 1466 aus dem Tiroler Bauernkriege von 1525. Es zeigt, wie
1031 1415 2030 1470 Propheten, Nervöse bis zur Hysterie zwischen verthierten
118 1415 998 1470 Gewohnheiten auch. Beide einen Stich in das Con¬
2056 1466 3058 1521 damals, als der Frevel der Herren zu frech geworden, die
1031 1466 2030 1521 Idioten, alle Extreme der Welt beisammen, ein Ende der
107 1470 995 1529 ve, dem Neuen und Ungewohnten feindselig und miß¬
2052 1514 3050 1566 Bauern und die Bürger sich einem braven Manne anver¬
1024 1510 2015 1569 Menschheit an das ander gebunden, dazu noch leise di
107 1518 995 1573 gesinnt. Und doch kämpfen begreiflicherweise zwei
2052 1562 3054 1621 trauten, aber uneinig wurden, ihn und sich verriethen und
1028 1558 2019 1625 dunklen Zeichen satanistischer Spuren — welche Contraste
107 1569 998 1625 sse gegeneinander: eben dieser schwerblütige baju¬
2056 1606 3050 1669 elend erlagen. Man mag Bedenken haben, ob diese stille,
1024 1610 2019 1669 welche Fülle, welche Farben! Oder warum greift Niemand
111 1617 998 1676 de Grundcharakter gegen den leichten Geist der Jahr¬
1028 1661 3054 1717 in das politische Leben? Wir fühlen Alle, vor einer Ent¬ rührende Gestalt einer tragischen Idylle denn eigentlich
114 1669 987 1735 neige, dessen Träger sich in einer Stadt von sechzig
2052 1702 3054 1772 „dramatisch“ ist, aber er ist ja auch gar nicht der Held. Der
1031 1713 2022 1776 scheidung zu sein. Wird Niemand sagen, was wir gelitten,
111 1717 707 1790 Einwohnern doch finden müssen.
2056 1761 3054 1816 Held des Dramas ist nicht der Gaißmayr, der Held ist das
1028 1765 2022 1823 wie wir gerungen haben, Niemand die Angst der Ver¬
107 1757 995 1838 Dies ist das Programm der jungen Leute, die sich
2052 1812 3061 1868 Volk selbst, das ganze Tiroler Volk. Ja, dies macht die
1028 1816 2019 1875 zagenden, das Vertrauen der Hoffenden, Niemand dieser
122 1827 995 1886 paar Jahren jetzt in unseren Provinzen mit Unge¬
2056 1857 3046 1916 Gewalt des hinreißenden Stückes aus, daß es uns zusehen
1024 1860 2033 1930 ungeheuren Kampf um die Form unseres ganzen Daseins
118 1875 998 1930 gegen. Wie sollen wir uns nun zu ihren Forderungen
2052 1912 3050 1971 gleichsam mit klopfendem Herzen dabei sein läßt, wie ein
1043 1916 2026 1974 schildern, ob das Vaterland zum Alten umgewendet oder
114 1930 998 1986 ten, wir in der großen Stadt? Ich denke, wir werden
2052 1956 3054 2015 Volk entsteht und wie ein Volk vergeht. Wie durch die Noth
1024 1967 2022 2022 neu aufgerichtet werden soll? Unbetretenes überall, mar
107 1974 998 2041 zustimmen dürfen. Einmal, weil wir ja in der Tha¬
2052 2011 3061 2070 der Einzelne aus seinen Interessen gerissen und zum
1031 2015 2026 2070 kann nicht über die Gasse, ohne einem Roman zu begegnen,
114 2022 998 2089 der österreichischen Literatur doch so lange nicht reder
2056 2056 3050 2122 Ganzen getrieben wird, wie er außer sich und ins Allge¬
1028 2067 2022 2122 an jeder Ede packt uns ein unerlöster Stoff an — und wir
129 2074 1002 2140 , als immer nur Wiener Gestalten gezeigt, Wiener
2052 2111 3061 2170 meine geräth, wie durch die Gefahr die Masse zum Volke,
1031 2114 2022 2170 Sind wir taub? Sind wir blind? Soll es von uns einma
111 2126 998 2184 gestellt, Wiener Stimmungen gegeben werden. Aber
2056 2159 3058 2221 der Schrei des Einzelnen zur Stimme der Nation, aus den
1028 2166 2026 2225 heißen, daß wir in unserer großen Stunde klein geweser
107 2170 1006 2243 veil es uns selbst, denke ich, gut thun wird, Rivalen
2056 2210 3050 2262 Vielen plötzlich eine einzige ungeheure Person, eben die ge¬
1035 2218 2026 2269 sind? Sind wir so träge? Aber vielleicht ist es die Provinz
103 2225 1009 2284 In Fersen zu spüren; dann blicken wir vielleicht doch
1031 2254 3058 2317 die uns den Stoß geben wird; vielleicht rüttelt und rafft waltige, fast heilige Figur des allgemeinen Geistes wird,
122 2269 1002 2328 von unserer Manier auf, die schon fast zur leeren
2056 2302 3050 2365 aber dann auch, wie dem Einzelnen vor dem großen Patho¬
1028 2321 1521 2391 sie uns doch endlich noch auf
114 2328 1002 2387 sie wird. Und endlich, weil es ja nicht mehr geht, daß
2052 2354 3050 2417 angst wird, wie er sich retten, wieder heraus, fort aus dem
1127 2332 2026 2420 Wenn wir uns jetzt vom Ganzen zu den Einzelnen
111 2376 1002 2435 s ewig nur im alten Kreise derselben Stoffe, der¬
2052 2405 3054 2472 Volke, fort aus der Leidenschaft, fort aus der Gesinnung
122 2391 2022 2479 Töne drehen. Muß man sich denn nicht wundern, wenden, so sind die Tiroler zuerst zu nennen, vor Aller
2056 2461 3058 2512 und zu sich selbst, in sein elendes Los zurück will und wie
1031 2464 2022 2520 Franz Kranewitter mit zwei Dramen, die wir nächsten
114 2472 998 2531 die Autoren des „jungen Wien“ Alles liegen lassen
2056 2501 3050 2560 die Würde des Volkes sich so schändlich im Tumult des
1031 2516 2026 2568 im Deutschen Volkstheater sehen werden. Das eine, „Um
114 2523 1002 2579 ch der größten Wirkungen sicher wäre? Gibt es den
2052 2545 3061 2623 Haufens wieder verliert, niemals hat uns dies ein Dichter
1031 2560 2015 2627 Haus und Hof“, im Stoffe an den „Fuhrmann Henschel
111 2568 1002 2645 sterreich wirklich nichts mehr als ewig das füße Mäde
2056 2608 3028 2667 heftiger, schrecklicher und — ich zögere nicht, zu sagen:
114 2615 2030 2678 schnitzler, höchstens einmal in ein anderes Costüm ge¬ erinnernd (es ist übrigens älter und schon 1895 in Inns¬
2052 2649 3061 2719 erhabener empfinden lassen. Und in welchen, wie Felsblocke
1035 2663 2026 2715 bruck aufgeführt worden), aber mächtiger und freier, stellt
111 2671 1009 2726 und jene reizend verruchte Welt des Theaters, von der
2052 2708 3061 2766 abstürzenden Tönen! Hier hören wir die vollsten Orgeln,
1035 2711 2026 2763 dar, wie ein Weib einen armen, von Begierden schwankender
111 2715 1009 2778 t loskommen kann, und die paar sonderbaren Laute
2056 2759 3058 2814 die tiefsten Glocken unserer alten deutschen Sprache brausen,
1035 2763 2026 2822 Mann verdirbt. Eine „Tragödie der Ehr= und Herrsch¬
103 2770 1009 2825 äußersten, ja sublimen, aber schon fast kaum mehr
2056 2807 3054 2866 als ob das zuckende, donnernde, schnaubende Wort Luther's
1035 2803 2026 2870 sucht" hat man mit Recht gesagt, weil es seinen besonderer
114 2822 1017 2873 hen Verfeinerung, die Hofmannsthal hat? Ist das
2056 2851 2372 2921 auferstanden wäre
1039 2862 2030 2925 Fall sogleich ins Allgemeine hebt und das schlechte Weib so
107 2862 1009 2925 ganzes Oesterreich? Dann heißt es aber, es sei Alles
2151 2866 3058 2958 Auch von seinem Freunde Rud. Chr. Jenny werden
1035 2903 2033 2969 grandios anwachsen läßt, daß es zuletzt gar keine einzelne
103 2918 1009 2969 abgegriffen und verbraucht und kein unbetretener Weg
107 2932 3069 3058 zu finden! Warum macht sich Niemand an den gali- Person mehr, sondern wie der böse Instinct selbst ist, das wir heuer ein Stück, das „Weihnachtsmärlein") im Volks¬
1043 3002 2033 3065 in uns waltende Verderben. Dabei läßt es das Schicksal
111 3017 1006 3076 Roman? Diese ritterlich verlumpten Typen elegante
2129 2999 2479 3080 *) Bern bei S. Fischer
2118 3050 2582 3146 *) Leipzig, bei August Schulze,
107 3054 2048 3161 Fr. die höchste Cultur im tiefsten Elend, Pariser unter mit einer fast feierlichen Ruhe über die Menschen schreiten,
