3344 4352
203 261 1059 386 13. Miscellaneous
1265 264 1741 383 box 44/10
165 1349 1970 1436 heute ab noch drei Monate, Reform der Irrenpflege vor, so daß die Landesanstalten
2086 1352 3142 1427 Die oberste Leitung beider Anfunden bester veran¬
142 1416 798 1468 m Erlangung der Autorisation
824 1398 3157 1480 einzig in ganz Oesterreich dastehen werden. Die Geistes österreichische Landesausschuß. Soll die Verschiebung der
490 1514 780 1596 Nachdruck verboten.
2002 1514 3148 1578 Das ist die berühmte Objectivität, die andere Lieblings¬
824 1517 1973 1587 Singen gebracht! Die Sinnlichkeit der Erotik spielt also
2002 1564 3148 1628 phrase der Modernen. Daß sie bald genug eine Grenze
824 1564 1970 1639 als Motiv der Kunst nur die gleiche Rolle wie jeder
133 1584 493 1686 elte Kunst.
2011 1622 3157 1677 findet, erkenne man an Zola, der immer mehr zum phan¬
827 1616 1970 1671 andere Erreger. Wenn der eine als Erotiker künstlert,
2005 1668 3154 1720 tastischen Tendenzraisonneur entartet, und im Grunde
818 1662 1976 1729 so thut es der andere aus Idealität. Milton sah sich
142 1660 421 1752 Karl Beibtreu.
2016 1712 3154 1770 sind auch Tolstoi, Ibsen, Björnson die subjectivsten Ideo¬
824 1720 1970 1776 vom Puritanismus geradeso zum Dichten erregt, wie
177 1726 310 1822 III. *)
2011 1767 3157 1819 logen. Für die wahre Objectivität, die allerdings den
830 1761 1979 1822 Maupassant von einer Cocotte. Deshalb sprach man
151 1781 801 1871 naiven als beschränkten, völlig
1999 1810 3151 1874 Dichter und auch den bildenden Künstler schmücken soll,
841 1807 1973 1874 früher ausdrücklich von „Erotikern", wie Anakreon, Hafiz
2011 1863 3154 1918 ja, die sogar untrennbar von allem künstlerischen Hervor¬
142 1857 798 1921 der Kunst zeigt sich auch Berg
824 1866 1976 1915 u. s. w., um den Seelenzustand zu bezeichnen, der die
142 1903 786 1964 heil seines Werkes ist dem Ver
2008 1912 3151 1964 bringen, — braucht doch auch der Musiker die Disharmonie,
827 1909 1973 1970 Kunst schließlich nur zum Ausdruck sinnlichen Wohllebens
2008 1964 3151 2013 um zur Harmonie zu gelangen! — wäre nun allerdings
145 1958 1979 2013 Sinnlichkeit als unzertrennlich mißbraucht. Dem Judenliteratenthum aber, dem wahren
148 2002 798 2060 sinn hat die neue naturwissen¬
2011 2008 3154 2060 Shakespeare das ewige Vorbild, dessen Schöpfergeist wie
824 2011 1970 2069 fin de siècle, blieb es vorbehalten, dies für den einzig
145 2054 804 2112 führt, indem sie wie gewöhnlich
2002 2051 3148 2112 die Sonne scheint auf Gerechte und Ungerechte. Aber es
830 2057 1973 2118 richtigen Normalzustand der Kunst zu erklären und Sinn¬
148 2109 798 2153 nahm. Weil dort Singen und
2011 2101 3154 2156 ist thöricht, ihn in seinen Gestalten suchen zu wollen: er
824 2101 1973 2164 lichkeit mit Kunstbegabung zu identificiren. Um den Un¬
142 2150 801 2205 d der Liebeszeit erscheinen, soll
2011 2150 3145 2208 ist ebensowenig ein Stück Jago wie ein Stück Othello
844 2156 1973 2214 sinn auf die Spitze zu treiben, insinuirt Berg sogar,
145 2199 804 2280 strieb lediglich aus der Erotik
2011 2205 3154 2260 gewesen, ja nicht einmal all seine Gestalten zusammen sind
827 2205 1973 2257 daß man in kunstgebildeten Kreisen immer am meisten
830 2248 3148 2309 „liebe". O ja, Böseaner, Weinreisende, Baron Mikosche der Shakespeare, der unsterblich und ewig währt. Son¬
136 2266 807 2356 hluß durch Verwechselung der
841 2292 3154 2359 sind ungeheuer gebildet! Als die raffinirteste Verderb= dern der steht deutlich genug hinter und über seinen
2008 2344 3151 2402 Figuren! Und hier erkennen wir, worauf denn die eigent¬
142 2333 801 2405 in nicht mal historischer Prüfung
830 2347 1973 2405 niß in England herrschte, decretirte die Aesthetik der
145 2396 804 2446 stanfänge der Barbaren fallen
2011 2396 3154 2446 liche Größe und das Wesen der wahren Kunst beruht.
838 2391 1976 2457 Stuart=Cavaliere, daß Shakespeare ein ärmlicher Tropf
148 2443 798 2495 oder kriegerischen Erregun¬
2008 2440 3157 2498 Denn käme es aufs bloße Gestalten, auf die Fülle des
824 2440 1970 2507 neben dem großen Zotenreißer Wycherley sei. Nein, um¬
142 2495 804 2553 espoesie ist niemals primär. Im
2011 2486 3154 2539 handelnden Weltbildes an, dann würden homerische Fa¬
833 2486 1970 2553 gekehrt: die deutsche Classikerperiode stieg aus dem sitten¬
139 2536 807 2600 runstzeit meist die einzige Er¬
2002 2541 3145 2600 bulirer wie Walter Scott ja Shakespeare nicht nach¬
844 2541 1973 2600 strengen Bürgerthum der Kleinstaaten auf und die grie¬
139 2576 804 2640 geht natürlich nur aus gesteigerter
2016 2582 3154 2646 stehen, und sogar Tiefe der Charakteristik, ja Glanz ein¬
830 2585 1973 2649 chische oder britische Sittlichkeit stand nie höher, als zur
148 2631 812 2695 fühls hervor. Beim Menschen
2008 2631 3145 2698 zelner Scenen, sind in den besten Erzeugnissen Zolas
838 2634 1982 2698 Zeit ihrer Tragiker. Als man „Tristan und Isolde sang,
2008 2687 3151 2745 oder der russischen Romanciers kaum geringer. Nein,
151 2678 1976 2742 Leidenschaften wie Haß, Rache, war dies nur ein Theil der mittelhochdeutschen Dichtung:
2008 2730 3151 2794 es ist die zusammenhaltende Weltanschauung, das seher¬
139 2730 1973 2797 nuth eine ebenso große Stärke, was aber haben Wolfram v. Eschenbach und vollends
142 2782 801 2837 it indignatio versum sehr oft zu¬
2011 2776 3154 2840 hafte Verständniß für alle Vorgänge und Leidenschaften,
838 2782 1799 2852 das Nibelungenlied mit der Erotik zu schaffen
2013 2829 3148 2887 die Verknüpfung von Schuld und Sühne, Freiheit und
142 2832 807 2898 üstung zum Dichter machen kann,
937 2811 1973 2884 Geradeso kindisch wie obige These ist aber die andere
2013 2881 3151 2933 Unfreiheit des Willens, die in tausend Formen ge¬
142 2878 1976 2936 sterung für die höchsten Güter: daß der Künstler überhaupt jenseits aller Moral stehe,
133 2919 812 2991 Vaterland — freilich Dinge, die
2011 2922 3148 2977 predigte Nemesis, was den wahren großen Dichter Shake¬
841 2924 1973 2988 daß daher, wie Berg ausführt, der Dichter oder Darstellen
136 2959 795 3055 gen. Dafür kann er sich wenig
2022 2974 3151 3029 separe über alle blos äußerliche „Kunst" erhebt. Mit
838 2971 1976 3035 eines Jago selbst gleichsam ein Stück Schurke sein müsse,
2011 3017 3154 3075 der realistischen Lebensabspiegelung an sich ist es also
145 3017 809 3087 , dem Geld, begeistern lassen,
841 3020 1973 3078 Will man in diesem Gallimathias einen Sinn suchen,
2013 3067 3151 3122 keineswegs gethan, und die bloße gestaltende Objectivität
151 3064 809 3145 manchen jüdischen Literaten zum
850 3067 1979 3136 so wäre es die Selbstverständlichkeit, daß der Künstler
2013 3119 3151 3191 macht so wenig das geistige Schaffen aus, wie die Un¬
844 3113 1976 3183 als Wiederspiegler der Natur Schön und Häßlich, Gut
142 3136 809 3220 der „Deutschen Zeitung" Nr. 10594
847 3145 3159 3252 und Böse, mit gleich liebevoller Sorgfalt umfassen müsse. Sinnenfreude. Die ganze Alderheit des Dogmas
