3344 4352
221 211 366 308 13.
411 211 1061 308 Miscellanes
1270 215 1751 311 box 44/10
1153 1310 2342 1388 Verleger Kongen, Braumüller, Seidel & Sohn, Hölder, Gerold, Mohr,
1153 1376 2336 1427 Rosner, Stern usw., von denen jeder wenigstens einen Zweig der schönen
1156 1415 2342 1465 Literatur pflegt. Es ist nicht wahr, daß wir in Österreich keine billigen
1155 1455 2330 1513 Druckereien haben. Unsere großen Verlage lassen ihre Bücher in Öster¬
1150 1489 2339 1546 reich drucken. Wir haben auch — was der Herr Autor nicht bestritten
1150 1531 2339 1582 hat — in Wien eine Anstalt für Zinkätzung und verwandte graphische
1150 1573 2348 1627 Künste, die den Weltmarkt beherrscht und an der Herstellung der
1156 1615 2342 1666 meisten englischen Prachtwerke mitbeteiligt ist. Auf die übrigen (nach
1159 1655 2330 1704 meiner Ansicht ebenfalls vollkommen irrigen Ausführungen des Ver¬
1159 1692 2342 1749 fassers einzugehen, habe ich kein Interesse. Alles richtig. Auch daß
1150 1730 2339 1782 unsere Verlage ihre Bücher in Österreich drucken lassen. Nur eines ist
1153 1767 2342 1821 kurios: unsere Dichter lassen ihre Bücher nicht in unseren Verlagen
1150 1806 2348 1864 erscheinen. Die sechs genannten Autoren haben fast ihre sämtlichen
1156 1852 1798 1912 Bücher in Deutschland verlegen lassen.
1271 1879 2342 1945 Leser. Aus dem Bericht über einen Doppelselbstmord: »Das
1159 1922 2339 1975 Entstehen der Beziehungen zwischen der Frau und dem halbwüchsigen
1155 1966 2338 2018 Burschen ist psychologisch merkwürdig. Fiala kam als Freund der Fa¬
1156 2005 2351 2067 milie oft ins Haus. Die Frau fand Gefallen an dem Burschen. Wann
1156 2045 2342 2097 es zur Aussprache gekommen, ist deshalb nicht zu be¬
1159 2084 2348 2145 stimmen, weil er und sie es sorgfältig geheimzuhalten
1159 2123 2345 2169 verstanden, daß sie nicht bloß die Freundschaft, sondern
1156 2166 2342 2224 auch die Liebe aneinander fesselte. Welch unberechtigte
1162 2205 2345 2266 Geheimniskrämerei vor der Presse! »Höchst sonderbar und seltsam, in
1159 2251 1325 2305 der Tat¬
1565 2324 1942 2383 BUCHEREINLAUF.
1159 2377 2342 2432 Suse Theodor, Pygmalion. Lieder aus den Rosenhag. Sym¬
1277 2423 2114 2477 phonien in Rosen und Marmor. Leipzig. S. Hirzel
1162 2453 2347 2524 Charmatz Richard, Der demokratisch-nationale Bundesstaat
1277 2502 2345 2548 Österreich. Betrachtungen. Frankfurt a. M. Neuer Frankfurter
1286 2544 1622 2595 Verlag. G. m. b. H.
1162 2559 2342 2642 Herbatschek Dr. Heinrich, Ausgedinge oder Bauern versiche¬
1280 2619 2347 2680 rung? Wirtschaftspolitische Studie. Wien. Im Selbstverlage, IX.
1286 2657 1716 2711 Schulz-Strassnitzkigasse 5.
1159 2680 2353 2746 Kurz Leopold, Die Zerbrochenen, Novellen. Leipzig-Wien. Fritz
1277 2744 1388 2798 Sachs.
1433 2817 2094 2884 MITTEILUNG DER REDAKTION.
1280 2867 2348 2926 Unverlangte Manuskripte werden nur zurück¬
1162 2922 2357 2982 gesendet, wenn frankiertes und adressiertes
1162 2977 1527 3043 Kuvert beilag.
1435 3065 2088 3120 MITTEILUNG DES VERLAGES.
1280 3110 2351 3174 Am 1. April sind fünf Jahre seit dem Erscheinen der ersten
1168 3159 2354 3218 Nummer der Fackel vergangen. Mit dem nächsten Heft wird der
1167 3201 1846 3261 sechste Jahrgang der Fackel eröffnet.
