3344 4352
188 246 1051 361 13. Miscellaneous
1228 253 1711 364 box 44/10
2628 430 3000 556 Telephon 12801.
1880 714 2996 794 I. österr. behördl. konz. Unternehmen für Zeitungs-Ausschnitte
2033 756 2893 871 Wien, I., Concordiaplatz 4.
2267 825 2666 905 Vertretungen
1872 863 2992 951 in Berlin, Budapest, Chicago, Christiania, Genf, Kopen¬
1861 917 3000 1013 hagen, London, Madrid, Mailand, Minneapolis. New-York,
1968 971 2958 1063 Paris, Rom, San Francisco, Stockholm, St. Petersburg.
2279 1017 2647 1074 (Quellenangabe ohne Gewähr.
1861 1020 3073 1174 Ausschnitt wälschte Deutsche Worte, Wien
1853 1124 2344 1220 vom 4. d.
2056 1293 2785 1358 Kürzlich fand ein „Kainz=Abend statt,
1980 1316 2781 1396 dessen Programm Dichtungen von Homer,
1980 1389 2762 1435 Byron, Schiller und A. Schnitzler (!)
1983 1427 2758 1477 enthielt. Jetzt muß der „domme Kerl von
1991 1465 2774 1534 Wien“ doch glauben, daß Herr Schnitzler
1987 1508 2597 1581 mindestens ein zweiter Goethe ist.
134 1987 3222 2064 port von Schiffsoffizieren, die — im Zeitalter eines Heldentod dieses Bischofs repräsentierte. Malicher hervorragenden Praten Ver-
138 2056 1159 2106 gigantischen Weltverkehres ein geradezu abnormer
1185 2045 3219 2133 Ruhmwürdiges wird auch über das Rettungswerk der einem jener Prälaten, welche im Vatikan politische
142 2110 2179 2167 Fall — weder geschult noch erfahren, noch besonnen, Küstenbewohner berichtet. So wird von einem lahmen
2210 2106 2996 2164 oder administrative Funktionen ausüben.
142 2144 1159 2198 noch auch mutig genug waren, um trotz der vielen
2306 2114 3222 2225 Die ersten Fragen, die ich so frei war, an ihn
1182 2152 2183 2210 Fischer erzählt, der es mit unglaublichen Anstrengungen
142 2190 1159 2244 Rettungsmöglichkeiten, die in diesem Falle doch noch vor¬
1185 2187 3222 2252 zuwege brachte, in seinem Boote zwölf Personen zu zu richten, betrafen die Gesundheit des Heiligen
2217 2237 3215 2294 Vaters: Ob es wahr sei, daß Pius X., der als
142 2244 2190 2298 handen waren, all den Jammer zu verhüten. Man hört bergen. Es wäre traurig, wenn die Schilderung der
146 2286 2183 2344 auch von dem Verzweiflungskampfe der dem Tode Katastrophe des „Sirio" solcher Einzelheiten ent
2214 2279 3215 2355 Pfarrer, Bischof und Patriarch an ein tätiges Leben
153 2332 2183 2401 geweihten Auswanderer, die mit Revolvern, Aexten behrte, da doch der Bericht über das Unglück
2221 2329 3215 2405 gewöhnt war, jetzt trotz seiner kräftigen Konstitution
219 2444 1155 2524 Fortsetzung des Romans: „Das zweite Leben von Pier¬
1178 2440 3215 2505 Bezug genommen und uns im Vorbeigehen ein paar eer, muß hier eintreten, wie sie ja in kleineren Kunst
150 2467 464 2574 Sales. Seite 11.
2214 2490 3215 2566 zweigen, zum Beispiel in der Wohnungskunst, in der
1170 2497 1983 2582 unsanfte Rippenstöße versetzt haben würde.
1270 2540 3215 2612 Ueber die Aufgaben des modernen Theaters und die Kunst des Buchschmuckes, ja in neuester Zeit auch in der
2214 2593 3211 2666 Kleiderkunft schon heute tatsächlich eingetreten ist
1178 2578 2179 2666 Zukunft des deutschen Bühnenwesens redet Karl Hage
503 2586 829 2678 Feuilleton.
2210 2639 3222 2712 Darüber herrscht bei allen ernsten Theaterfachleuten nur
1182 2655 2183 2716 mann in dem siebzehnten Bändchen einer von ihn
2214 2701 3211 2762 eine Stimme." So gipfeln denn alle „Erlösungsmotive
1178 2701 2183 2762 herausgegebenen Folge von Schriften, die den Gesamt¬
399 2693 917 2797 Theaterfragen.
2214 2751 3215 2816 der modernen Architekten, Tapezierer, Büchermacher und
1182 2762 2179 2816 titel „Das Theater“ *) führen. Man nimmt das Buch
230 2770 1159 2850 Kein Volk hat auch nur annähernd eine theoretische
2221 2797 3226 2889 Schneider in dem Beweis, daß auch eine Theaterreform
1182 2812 2183 2866 das sich in allem Aeußerlichen sehr modern gibt, mit
142 2820 2494 2935 Bühnenliteratur von dem Umfange aufzuweisen, wie das Interesse zur Hand. Ueber die „Aufgaben des modernen unerläßlich ist.
134 2873 1155 2958 deutsche. Der Deutsche, der nicht für das Theater
1185 2916 2183 2965 Theaters. Endlich wird man erfahren, was die neu¬
2306 2877 3215 2977 Gut. Reformieren wir. Der Verfasser meint,
134 2927 1147 3000 schreiben kann, schreibt sicherlich über dasselbe. E
1182 2965 2187 3023 Kunst, was das moderne Theater will und wie es in
2214 2958 3211 3031 „Daß die Schaubühne eine Kulturmacht werde und
138 2988 1155 3050 reformiert es. Immer neue Apostel erstehen der deutschen
1193 3011 2187 3077 Zukunft auf unseren Bühnen aussehen wird. Einige
2221 3015 3215 3088 sei, das ist wohl in erster Linie für jeden Zeitabschnitt
146 3046 1151 3104 Bühne, jede Stadt hat heute ihren Gottsched oder
1182 3061 2179 3130 Verstiegenheiten und hochtrabende stilistische Dunkel
2214 3069 3215 3138 die große Aufgabe des Theaters." Ich weiß nicht,
142 3092 1155 3157 Lessing, aber selten findet eine ihren Neuber oder ihre
1178 3111 2183 3173 heiten schrecken uns nicht ab. Der Mann schreibt keiner
2210 3123 3222 3184 aber mich dünkt, der Urgroßvater meines Vaters hätte
146 3138 1147 3211 Neuberin. Das deutsche Theater zu hofmeistern und zu
1185 3173 2183 3234 schlechten Stil, man sieht, er verstellt sich nur, er brauch
2210 3169 3215 3245 das schon Anno 1783 bei Friedrich Schiller einmal
142 3199 1151 3265 belehren sind Hunderte am Werke, diesen Lehren zu
1174 3219 2179 3280 diesen mystischen Faltenwurf, um das Abgedroschene de¬
2210 3230 3222 3299 gelesen. Aber trotzdem, der Verfasser kommt in aus¬
153 3253 1155 3311 folgen oder sie aus eigenem in kulturelle Taten um¬
1178 3276 2179 3338 Themas zu verhüllen. Es geniert einen guten Kopf, in
2217 3272 3222 3345 gefahrenen Geleisen manchmal zu einer recht hübschen
146 3295 1159 3357 zusetzen, hat selten einer das Herz. So bleibt denn in
1178 3326 2183 3384 theaterkritischen Zeitungsstil zu sprechen. Ihm ist das
2210 3326 3215 3395 Wendung und aus dem ästhetischen Schwulst vieler
146 3357 1151 3418 der Regel alles beim Alten. Und es sind auch nich
1185 3372 2141 3449 Grundmotiv alles künstlerischen Schaffens das
2214 3372 3207 3445 Druckseiten blitzt es dann auf. Die ganze Kultur¬
146 3403 1159 3472 immer die besten Lehrmeister, die über das Theater
1178 3418 2179 3491 lösungsmotio, er verlangt reine, voraussetzungslos
2221 3433 3215 3499 geschichte der Menschheit ist ihm die Geschichte des
146 3456 1159 3518 schreiben. Nur wenige vermögen ihren Beruf für dieses
1178 3479 2179 3537 Kunst von den Theatern, jedes Stück, das zur Dar¬
2210 3483 3222 3549 immer wieder überwundenen Philisters. „Und so ist
138 3506 1155 3564 Amt nachzuweisen. Denn das ist doch kein Nachweis, wenn
1185 3529 2179 3591 stellung kommt, soll auf künstlerischer Eingebung beruhen
2210 3529 3215 3595 denn auch die Aufgabe des Theaters: den Philister
138 3560 1151 3621 man Umfrage hält, wie der oder jener dazu käme, so
1182 3579 3211 3644 und allen wirtschaftlichen Zufälligkeiten entrückt sein, überwinden." Das Wort ist wirklich nicht übel. Und
138 3610 1151 3675 präpotent über die Aufgaben des deutschen Theaters zu
1178 3633 2179 3690 Er redet von Großkunst und Kleinkunst, von Universität
2210 3633 3215 3729 wer zöge nicht gern mit in einen Krieg gegen das Volk
161 3664 1159 3721 schreiben, und man erhält zur Antwort: „O, der hat
1178 3683 2179 3756 Theater und Kirche, Cabaret, Ueberbrett und sonstiger
2210 3690 2478 3771 der Philister?
153 3710 1151 3775 schon einige ähnliche Bücher geschrieben.“ Die müßte
1178 3737 2179 3798 „Festen des Lebens" und konstatiert, daß unsere heutige
2294 3725 3196 3813 Das moderne Theater, das Theater der Zukunft
138 3760 1159 3829 man also auch lesen? Na, damit werden wir uns doch
1185 3786 2179 3844 Schaubühne sich durchschnittlich in einer künstlerischer
2206 3802 3211 3871 sagt Hagemann, könne nicht bei den bisherigen Er¬
150 3813 1151 3871 wohl nicht beeilen. Es genügt das eine vollkommen, um
1185 3836 2179 3898 Verfassung befinde, die der Würde des modernen Kultur¬
2210 3852 3207 3913 rungenschaften stehen bleiben, es müsse über die Schau¬
142 3867 1155 3921 über den großen Gegenstand, den es angeschnitten, ein
1182 3886 2179 3951 menschen nicht recht entspricht. „Eine Reform," schreib¬
2210 3909 3211 3971 spielkunst hinaus zum Gesamtkunstwerk im Wagnerschen
142 3921 1155 3974 paar Bemerkungen zu machen. Und auch diese hätte man
2171 3948 3226 4040 Sinne streben. Schon deshalb wäre dieses Ziel ins
529 3974 1182 4063 wenn der Verfasser nicht auf Wien
134 3971 457 4059 sich ersparen kön
1281 3944 1861 4059 Berlin, Schuster u. Locker.
