3344 4320
180 222 329 294 13.
501 206 1052 325 nous
1232 210 1709 316 box 44/10
2137 1094 2231 1182 66
1274 1080 2155 1208 „OBSERVER
1271 1180 2220 1269 I. österr. behördl. konzessioniertes Unternehmen für
1551 1237 1930 1292 Zeitungs-Ausschnitte
1416 1271 2065 1362 WIEN, I., WOLLEILE 11
1262 1420 1551 1497 Ausschnitt aus:
1468 1511 2144 1664 Innsbrucker Vogt, die
1590 1609 1848 1731 1.S.
1255 1646 1353 1705 vom
1413 1795 2105 1877 Das Lob Wiens — einmal anders
1246 1840 1851 1921 Im „Wiener Tag lesen wir:
1249 1906 2347 1997 Das Lob Wiens ist vorgestern von dem französischen
1155 1946 2336 2031 Unterrichtsminister Jean Zay in einer außerordentlich sym¬
1161 2001 2347 2096 pathischen Art verkündet und gepriesen worden. Bei festlichen
1162 2053 2344 2140 Anlässen werden gewöhnlich Reden gehalten, die bei aller
1165 2105 2339 2195 Herzlichkeit über den konventionellen Rahmen nicht hinaus¬
1149 2156 2336 2244 gehen. Diesmal aber wurde Wien von einem Franzosen so
1152 2211 2341 2283 geschildert, wie es wirklich ist und vor den Augen der Zu¬
1155 2251 2326 2327 hörer entstand ein Bild unserer Stadt, das sich von den ver¬
1152 2307 2332 2390 zerrten Darstellungen Wiens, wie sie in Wort, Schrift und
1152 2348 2333 2426 tönender Photographie zu Dutzenden zirkulieren, sehr stark
1153 2405 2330 2464 un erscheidet. Der Minister nannte als Repräsentanten öster¬
1147 2447 2332 2524 reichischen Geistes Grillparzer, Schnitzler, Hofmannsthal
1150 2499 2330 2573 und damit ist schon gesagt, wie er versteht, namlich
1144 2554 2336 2628 richtig. Ja, unsere Wiener Leichtigkeit ist wahrhaft nicht
1156 2588 2326 2666 Sorglosigkeit, sondern jene leichte Art, den Schmerz zu über¬
1140 2645 2326 2724 winden, die der franzosische Gast bewunderswert fand. Der
1147 2691 2327 2776 Oesterreicher liebt bloß das Gewaltsame und das Ver¬
1143 2736 2329 2801 krampfte nicht. Er zieht es vor, sich selbst in schweren Stun¬
1146 2786 2321 2868 den eher über sich selbst lustig zu machen, statt alle Welt, nur
1147 2838 2321 2910 nicht sich selbst für das verantwortlich zu machen, was ihm
1140 2882 2321 2971 wiederfahrt. Der Wiener liebt es, zu lächeln, auch wenn
1144 2931 2324 3023 ihm weh ums Herz ist, und wenn er sich wohl fühlt, dann
1137 2980 2318 3056 vermag er seine Heiterkeit zu äußern, ohne andere zu ver¬
1134 3023 2315 3102 letzen. Deshalb besteht, wie Jean Zay in seiner ungewin¬
1137 3080 2314 3162 lichen Rede hervorheben konnte, eine sehr enge Verwandt¬
1138 3123 2315 3214 schaft zwischen Wien und Paris, zwischen österreichischer und
1141 3178 2320 3260 französischer Lebensauffassung. Es ist gut, daß das in einer
1132 3229 2304 3300 hochoffiziellen Festrede überzeugend nachgewiesen werden
1125 3271 2323 3354 konnte, inmitten all der Unordnung, die auf dieser Welt
1092 3317 1284 3402 herrscht.
