3344 4352
220 180 1083 306 sans
1273 184 1755 290 bo 44/10
1561 1107 1856 1184 DER KIEBITZ.
1224 1241 2096 1344 Dann haben den Felix Dörmann wir,
1221 1297 1862 1378 Den Dichter heisser Gesänge,
1221 1366 1970 1451 Die jungen Leser, leicht berauscht,
1221 1422 1774 1500 Den Busen machen enge.
1224 1541 1952 1623 Sie peitschen die Liebesphantasie
1230 1600 1827 1690 Recht grausam, ohne Pause,
1215 1667 2018 1746 Der traurigste Leser fühlt sich sofort
1216 1721 1793 1812 Als wie im Freudenhause.
1218 1839 1826 1917 Sie sind ein gutes Surrogat
1222 1891 1770 1970 Beim teuren Leben heute,
1214 1957 1935 2027 Sie sind ganz sicher der billigste
1215 2009 1746 2096 Genuss für ledige Leute.
1203 2106 2032 2208 Auch Dramen nun der Felix schrieb,
1203 2196 1917 2273 Jedoch ich weiter verschon ihn,
1209 2255 2161 2337 Trotzdem er jüngst gezeigt, wie das Mensch
1209 2311 1944 2408 Beginnt bei der Frau Baronin“.
1204 2431 2158 2500 Dem Gabor Steiner versprach er ein Stück.
1202 2489 1915 2562 Doch blieb er schliesslich gnädig
1202 2545 2153 2650 Und schriebs nicht, das wäre zu nennen daher
1201 2602 1743 2695 „Gerettetes Venedig.
1191 2723 2064 2808 Jetzt sei nur noch der Chorn erwähnt,
1191 2782 1769 2859 Er schliesse diese Gruppe,
1195 2839 1957 2922 Wohl liefert er keine kräftige Kost,
1185 2905 1805 2994 Doch leidliche Klostersuppe.
1487 2993 1838 3068 (Fortsetzung folgt).
