3392 4320
764 108 1166 181 under Sa¬
1235 157 1354 223 kunft
1246 213 1358 272 Stra¬
321 206 1330 342 Wiener Publizisten von heute alle
1239 311 1351 366 Schu
726 311 813 380 IV.
1228 359 1344 419 größ
461 342 1085 457 Dr. Raoul Auernheimer.
1228 408 1333 478 von
206 408 311 485 Vien
415 412 1215 496 Wer Raoul Auernheimer nur aus
1235 461 1347 517 geme
206 478 293 534 Be¬
332 478 1204 551 seinen Schriften, seinen Theaterstücken und
1235 503 1344 576 dien¬
202 520 293 586 Na
321 537 1215 607 Novellen, seinen Feuilletons und Referaten
202 579 297 635 men
332 583 1208 642 kennt und vom Werke auf den Men¬
1239 593 1337 663 zwei
202 625 297 688 esse¬
332 632 1204 688 schen zu schließen versucht, der wird sich
1228 649 1319 708 eine
321 681 1208 743 diesen Schriftsteller sicherlich als Grand¬
1235 698 1323 761 tzen
328 729 1208 792 seigneur der Publizistik vorstellen: vor¬
209 771 297 827 Bie¬
321 778 1208 838 nehm, liebenswürdig, überlegen, in den er¬
1232 803 1323 859 ram
321 827 1208 890 lesensten Kulturen daheim, über die schrift¬
1232 848 1319 900 gon
206 869 297 928 aus
328 876 1197 939 stellerische Technik mit souveräner Leichtig
1228 893 1319 953 Die
209 918 293 977 auf¬
325 925 1211 991 keit gebietend, ein halb ironisches und halb
1232 942 1333 1002 zeme
325 981 1162 1044 weltmännisches Lächeln um die Lippen
1228 995 1337 1050 dern
325 1019 1204 1089 und immer in einer leisen — man möchte
1232 1044 1340 1113 rung
199 1064 290 1120 euer
314 1071 1204 1145 beinahe sagen: geheimrätlichen — Distanz
202 1113 290 1166 ind¬
314 1120 893 1194 zu Menschen und Dingen.
1228 1103 1340 1201 Sch
195 1162 297 1218 wie¬
408 1152 1208 1228 Bei persönlicher Bekanntschaft findet
1239 1187 1344 1246 Zieg
195 1211 286 1267 lus¬
318 1183 1208 1277 man dieses Bild, das man sich von Raoul
1235 1235 1347 1295 schieh
195 1267 1204 1330 muß; Auernheimer gemacht hat, aufs angenehmste
1228 1288 1340 1358 lung
206 1309 290 1365 daß
314 1309 1204 1399 bestätigt. Dieser Schriftsteller, der es unter¬
1225 1333 1319 1393 nig
202 1351 1197 1424 Benommen hat, in seinen Lustspielen und
1239 1382 1347 1438 hettä
195 1406 293 1462 nes¬
318 1413 1204 1480 „Lustspielnovellen“ (mit dieser Bezeichnung
1235 1420 1347 1501 schine
195 1452 970 1522 Daß charakterisiert er selbst sehr
1030 1469 1201 1529 treffend
1222 1452 1393 1543 es, gar
195 1504 297 1560 Seite
321 1497 1197 1574 seine novellistische Eigenart) die Wiener Ge¬
1232 1525 1358 1584 häuser
325 1557 984 1623 sellschaft satirich abzuleuchten,
1075 1564 1204 1623 dieser
1239 1553 1644 1637 schieht hier
206 1598 1204 1675 der Schriftsteller ist selbst die liebenswürdigste
307 1658 1197 1724 und kultivierteste Verkörperung der Wiener
1218 1665 3022 1766 kanntlich rasche Entschlüsse liebte, für das erst gedruckt übersandt. Es ist übrigens in¬
195 1672 286 1762 her
311 1703 1201 1794 Gesellschaft, wie sie vor dem Kriege
1228 1714 3026 1815 Volkstheaterreferat und das literarische teressant, daß sich Herzl, der vielfach mit
199 1745 286 1804 ida,
311 1745 405 1822 war
1222 1762 2094 1836 Feuilleton an die „Neue Freie Presse“ be¬
2122 1787 3022 1860 tendenziöser Entstellung als Fanatiker der
408 1769 1194 1864 Im Gespräche zeigt er die Eigentüm¬
1225 1818 2104 1881 rufen worden, nachdem er dort mit
2129 1832 3019 1909 jüdischen „Rassenreinheit“ geschildert wird,
304 1815 1194 1916 lichkeit, die seine Referate auszeichnet: ei
1222 1860 2108 1930 einem Reisefeuilleton: „Das Wirtshaus zur
2136 1888 3012 1954 gerade von der Mischung arischen und jü¬
199 1857 286 1951 -
321 1899 1190 1958 sucht mit seiner Person immer bescheider
1222 1909 3005 2021 verlorenen Zeit" debutiert hatte. Seine dischen Blutes in Auernheimer das Beste
307 1951 2097 2028 im Hintergrunde zu bleiben, vermeidet starke ersten schriftstellerischen Erfolge hat Auern
2132 1968 2789 2052 für dessen Entwicklung erhoffte.
202 2000 935 2059 elle Worte und heftige Ablehnung,
984 2007 1194 2066 und wenn
1218 2003 2094 2080 heimer freilich errungen, als er noch ganz
2227 2028 3012 2108 Das satirische Burgtheaterlustspiel hat
199 2042 1190 2111 auf er aus künstlerischen Gründen eine Erschei¬
1215 2056 3005 2150 lich außerhalb des Zeitungsgetriebes stand. Auernheimer immer magisch angelockt,
199 2091 286 2150 nut
307 2101 2094 2174 nung tadeln muß, so spricht er diesen Tadel Denn seine damalige rein belletristische Mit¬
2122 2136 3005 2216 „Das Lustspiel ist meiner Meinung nach
307 2143 1180 2202 in der schonendsten Form aus. „Die wich
1208 2167 2080 2230 arbeit an der Münchener „Jugend
2122 2185 3005 2258 auch eine ernste Kunstgattung, und zwar
307 2188 1187 2262 tigste Aufgabe der Kritik besteht darin, die
1215 2206 2994 2310 hatte mit Journalistik noch gar nichts zu um so ernster, je heiterer es sich gibt",
311 2234 1180 2300 Entwicklung durch Zustimmung zu begün
1218 2251 2094 2321 tun. Und auch, als er im Jahre 1900
2125 2265 2282 2338 sagt er.
311 2279 2097 2373 stigen und das der Ermutigung Würdige an einem von Josef Jarno veranstalteten
2213 2293 3005 2405 Mit stolzer Dankbarkeit ist er sich
209 2335 1187 2398 en zu ermutigen", sagt er, „zu jeder schöpfe¬
1215 2349 2091 2419 literarischen Abend mit einem kleinen sa¬
2118 2349 2991 2450 dessen bewußt, daß er von der fran¬
202 2387 2087 2467 us- rischen Fähigkeit gehört Kritik. Es wäre tirischen Gesellschaftslustspiel, dem Einakte¬
2115 2419 3001 2488 zösischen Literatur besonders viel emp¬
307 2426 1180 2502 für mich allerdings bequemer, meine Kri
1218 2450 2087 2520 „Talent", im Josefstädtertheater debutierte
2125 2474 3005 2548 fangen hat. „Vielleicht war ich schon durch
297 2488 1173 2544 tik bloß auf meine eigenen Arbeiten zu be¬
1211 2499 2087 2576 hatte er noch keine Ahnung von seiner
2122 2520 2960 2597 meinen Vornamen dazu prädestiniert
307 2527 1183 2600 schränken. Aber es hat mich immer gelockt,
1211 2544 2097 2611 künftigen Rezensententätigkeit. Auch die jetzt
2129 2562 2998 2645 scherzt er. Auf seinen Reisen, die ihn nach
297 2586 1173 2645 mich mit dem Theater auch von der Be¬
1204 2597 2094 2666 neu aufgenommene „Große Leidenschaft“
2118 2621 2991 2687 allen Ecken und Enden Europa geführt
293 2621 1183 2694 trachterseite auseinanderzusetzen, und unter
1208 2645 2087 2712 wurde im Deutschen Volkstheater noch vor
2122 2659 2994 2743 haben, hat er immer mit besonderer Vor¬
300 2673 1180 2750 diesem Gesichtspunkte sehe ich meine Tätig¬
1208 2694 2084 2768 Beginn seiner kritischen Tätigkeit aufgeführt
2118 2708 2520 2775 liebe Paris besucht.
293 2722 1187 2792 keit als Theaterreferent der „Neuen
1298 2750 2091 2820 Auernheimer hat Jus studiert und er
2209 2736 2998 2841 Von Arthur Schnitzler, den er als
307 2771 1180 2837 Freien Presse“ an. Ich bemühe mich, auf
1204 2785 2084 2865 denkt an die Zeit seiner Rechtspraxis, der
2111 2806 3001 2886 das literarische Vorbild unserer ganzen
297 2823 1173 2893 das Bleibende im Wechsel hinzuwei
1197 2844 2084 2918 er in seinen „Gerichtsgeschichten“ ein lite¬
2108 2862 2991 2953 Generation bezeichnet, spricht Auernheimer
300 2869 2084 2977 sen, also nicht dem Tage zu dienen, und rarisches Denkmal gesetzt hat, mit einer
2108 2911 2998 2994 mit herzlichster Verehrung. „Ich bin mir
290 2911 1173 2994 bin daher eigentlich nur insoferne Journa
1208 2939 2087 3008 Freude zurück, die den vielgeplagten und
2111 2956 3001 3026 dessen bewußt, daß meine Art der Gesell¬
290 2970 1176 3043 list, als ich meine Arbeiten in einer Tages¬
1197 2994 2087 3082 abgehetzten Rechtspraktikanten von heute
2122 3008 2994 3085 schaftsbetrachtung, an der Art Schnitzlers
300 3015 757 3096 zeitung veröffentliche."
1197 3040 2084 3110 einigermaßen unverständlich erscheinen
2115 3064 2987 3138 gemessen, oberflächlich ist, da sich unter
391 3050 1173 3141 Vor sechzehn Jahren, als neunund¬
1197 3085 2991 3179 dürfte. Seine schriftstellerischen Neigungen meinen Händen auch der ernsteste Stoff zum
290 3089 2980 3232 zwanzigjähriger junger Mann, ist Auern hielt er lange geheim und er hat seine ersten Lustspiele gestaltet. Ich male Pastellbild¬
199 3162 2984 3288 og heimer von Moritz Benedikt, der be- Arbeiten seinem Vetter Theodor Herzlichen, Schnitzler malt Oelgemälde", sagt er
1037 3235 1256 3336 E
2181 3256 2422 3371 E
2904 3375 2994 3462 46
185 3312 1187 3500 ersand der
1228 3329 2928 3539 Wiener Montags=Presse.
185 3452 2984 3605 Presse Spezialnummern für das gesamte Ausland, besonders die Nachfolgestaaten in mehreren Sprachen. Sehr
185 3539 2984 3664 dspropaganda. Verbunden mit diesbezüglichen Aktionen der Wikuga. Anfragen und Anmeldungen der Interessenten
181 3619 2684 3724 ener Montags-Presse, IX. Berggasse 11 oder Büro der Wikuga, Hofburg, Schweizertrakt, II. Stock.
775 3818 1183 4031 An
1396 3808 2356 4108 11
