3344 4320
209 201 1080 342 13. Miscellaneous
1266 239 1738 345 box 44/10
693 740 1201 870 Ludwig NOWNY.
608 835 1280 953 Handarbeits-Atelier,
791 906 1071 982 Wien, I.
640 938 1245 1044 Freisingergasse 4.
1711 906 3036 1092 abend der Krieges wurden unge¬
796 1024 1056 1133 und
1711 1009 2971 1162 welcher erste gebreitet den der
1746 1145 2328 1313 e
1428 1440 2207 1564 Gestrickte Schneehaube.
1443 1534 2207 1652 -
953 1620 2980 1823 140 Maschen zur Rundung in vier Nadeln eingeteilt, kommen auf
617 1794 2584 1938 jede Nadel 35 Maschen, die folgend genau abzustricken sind:
947 1906 2926 2065 2 glatt 2 verkehrt 2 mal, 2 glatt 3 verkehrt 1 mal, 2 glatt
614 2015 2906 2180 2 verkehrt 1 mal, 2 glatt 3 verkehrt 1 mal, 2 glatt 2 verkehrt 2 mal,
620 2133 2985 2286 2 glatt 3 verkehrt 1 mal, so werden genau 25 Touren gestrickt, dann ist
625 2218 2926 2407 die dritte verkehrte Masche abzunehmen, dass nur immer 2 glatt 2 ver-
622 2369 2862 2508 kehrt gestrickt wird, abermals 25 Touren, so bleiben für jede Nadel
614 2466 2920 2634 32 Maschen wovon 28 Maschen auf einer Nadel stehen bleiben, die nicht
620 2587 2982 2735 abgestrickt wird; die restlichen 100 Maschen sind folgend zu verteilen:
944 2690 3021 2853 32 Maschen links und rechts, die mittlere Nadel hat 36 Maschen
617 2844 2920 2982 Da werden in tour- und retourgehend fortlaufend 2 glatt zwei verkehrt
620 2944 2859 3083 56 Nadeln gestrickt. Die mittlere Nadel wird fortgestrickt und zwar
622 3050 2918 3230 wird von den beiden Seitennadeln immer eine dazu abgenommen, wie eine
620 3168 2867 3334 Strumpfferse behandelt; bis wieder die 36 Maschen auf der mittleren
625 3298 2923 3449 Nadel bleiben, werden die Kettelmaschen von 56 Nadeln aufgefasst, so-
625 3401 2873 3558 dass auf jede Seitennadel 28 Maschen 2 glatt 2 verkehrt zu stricken
631 3510 2785 3693 sind, in der Rundung abermals 25 Touren, dann sehr lose abhäkeln.
