3344 4352
241 152 1063 289 13. Miscellanen
1296 175 1774 292 bo 44/10
163 1253 734 1310 es denn wirklich nur ganz
771 1218 1920 1347 zunehmen. Wer lacht da 2. Gewiß einer, der das Stück
140 1304 742 1356 noch lebensfähig wären? Wir
2035 1250 2795 1382 And it had nach nicht zu Ende
765 1318 1903 1390 weder aufmerksam gesehen noch gelesen hat. Schlenther
2835 1301 3081 1407 Wir haben
146 1341 737 1407 sicht gestatten und beginnen mit
1938 1341 3078 1453 noch einen Einakter zu nennen, das wohlgelungene ein¬
780 1359 1903 1459 führte uns die „Orestie vor, ein anerkennenswerter Griff
155 1390 728 1462 Herrn", dem dramatisch so leb¬
1938 1404 3078 1485 aktige Trauerspiel „Denone“ von Alfred Freiherrn von
762 1413 1900 1488 in das griechische Altertum, ebenso interessant als lehr¬
149 1430 725 1499 Grillparzers, zumal wir in
1938 1445 3078 1531 Berger, dem nun entschlafenen Leiter der Hofbühne. Es
765 1459 1783 1536 reich. Wäre es nicht Aufgabe unserer Hofbühnen,
1809 1485 1903 1545 auch
140 1485 719 1542 fortrefflichsten Darsteller für die
1935 1499 3078 1582 zeigt von Bergers Bescheidenheit, daß er das seinerzeit
762 1513 1817 1594 einen Blick auf die deutsche Literatur älterer Zeit
140 1536 717 1605 nennen Schreyvogels reizendes
1940 1548 3067 1631 (1873) mit lebhaftem Beifall von dem Publikum des
762 1539 1900 1634 werfen und dem Publikum einen Schatz zu weisen, den
143 1574 725 1657 Donna Diana." Alfred Berger
1926 1585 3075 1685 Burgtheaters aufgenommene Stück, welches der Wolter
754 1597 1900 1682 es auch aus Lektüre nicht kennen dürfte? Wir meinen
163 1622 717 1705 Mariamme" in Szene, wäre
1932 1637 3070 1725 Gelegenheit zu einer Glanzleistung bot, nicht wieder in
754 1639 1900 1734 das tiefgedachte, poetisch empfundene, rührend ergreifende
138 1671 714 1743 Gegenstück, nämlich Friedrich
1940 1682 3073 1771 Szene setzte, obzwar er als Direktor alle Möglichkeit hiezu
748 1694 1889 1783 dreiaktige Drama Klopstocks, das um so merkwürdiger ist,
132 1723 717 1786 en, in der Hauptrolle über¬
1935 1725 3061 1823 gehabt hätte. Das Burgtheater hätte wohl die Pflicht,
754 1751 1889 1826 als es vor Lessing geschrieben wurde: „Adams Tod." Um
146 1768 714 1834 Medelsky und in der Rolle
1923 1780 3061 1866 dies statt seiner zu tun. Eine Vorstellung mit Grill¬
748 1789 1883 1866 wie viel pietätvoller geht man doch in Frankreich vor
146 1811 711 1880 Und da wir Friedrich Halm
1926 1826 3061 1932 parzers „Esther-Fragment und mit der „Denone", das
748 1837 1883 1940 Wie hält die Comédie Française altklassische Stücke fest in
143 1857 711 1932 errlichen Bearbeitung des Lust¬
1920 1877 3055 1963 wäre wohl die würdigste Totenfeier für den Hoch¬
748 1883 1886 1989 ihrem Repertoire! Wäre August v. Kotzebue ein Fran¬
135 1915 699 2006 nach Lope de Vega zu ge¬
1909 1923 3058 2026 begabten, den sie nun nahe an Schreyvogel in einem
748 1938 1880 2018 zose gewesen, er wäre von der französischen Bühne nicht
1915 1963 2436 2049 Ehrengrabe gebettet haben.
745 1995 1877 2069 so ganz verschwunden, sowie ihn auch der vielgerühmte
132 2009 499 2092 beim gold'nen Wein
739 2032 1880 2130 Direktor Heinrich Laube nie ganz fallen ließ und jahraus
1995 2018 3047 2121 Ich zögere, ob ich mir zum Schluß noch eine An¬
155 2058 665 2155 der König und der Bauer
731 2092 1820 2167 jahren am Faschingdienstag den „Wirrwar aufführte.
1912 2078 3044 2158 regung erlauben darf, nämlich der oft laut gewordenen
820 2127 1866 2207 Weiterschreitend möchten wir aufmerksam machen auf
1912 2124 3044 2210 Anschauung näherzutreten, daß für das intime Stück
135 2127 708 2216 öchten wir vor allem an den
734 2155 1872 2253 Mosenthals „Ein deutsches Dichterleben", und auf „De¬
1912 2173 3050 2267 (Konversationsstück, Lustspiel) ein neuer Raum geschaffen
140 2193 699 2256 und an den „Statthalter von
739 2221 1866 2299 borah", auf das psychologisch so interessante Stück Franz
1900 2227 3041 2307 werden möge, so wie in München und in Dresden dies
135 2239 699 2316 Gutzkow wäre der „Königs¬
734 2267 1863 2342 Nissels „Ein Wohltäter, im Burgtheater 1856 mit leb¬
1909 2267 3041 2356 der Fall ist. Man mag die große Bühne des Hauses auf
129 2284 694 2359 des Tartuff neu zu in¬
731 2316 1866 2399 haftem Beifall aufgenommen, endlich auf das so glücklich
1900 2316 3047 2396 dem Franzensring wie immer verbauen, um die zu große
201 2330 702 2408 verdienen „Narciß und
1900 2365 3032 2442 Dimension einzuschränken, der riesig breite Ausschnitt bleibt,
126 2373 691 2448 t, der Vergessenheit entrissen
731 2376 3032 2497 erdachte „Preislustriel, Eduard Mauthners. Selbstver- und es bleibt die schlechte Akustik, die die Zuhörer hindert, den
737 2413 1852 2491 ständlich will diese Aufzählung keine erschöpfende sein
120 2428 694 2502 v. Kleist wäre das unsterb¬
1900 2459 3032 2545 Geist in seiner flüchtigsten Erscheinung zu haschen". Wir
719 2471 1852 2537 möge sie nur zu weiterer Nachforschung Anregung bieten
126 2476 685 2551 in dem Repertoire wieder
1892 2505 3032 2588 denken ein bescheidenes Haus, wie es eben dem Charakter
800 2519 1860 2591 Was speziell die einaktigen Stücke anbelangt, so wäre
135 2531 682 2603 in früherer Zeit am Katha¬
1900 2554 3027 2631 solcher Stücke entsprechen würde, nicht ein Gebäude in
719 2537 1852 2628 aus dem Theaterarchiv manches Wertvolle hervorzuholen.
158 2577 685 2646 Stimmung des Publikums
1895 2605 3030 2683 Goldprunk und Marmor protzend. Wie bescheiden wan
719 2600 1852 2700 Wir nennen beispielsweise: „Eine Partie Piquet", „Feuer in
123 2623 679 2694 auch um die Zeit der Aller¬
1892 2646 3021 2717 auch die Ausstattung im alten Burgtheater für Vorstel¬
722 2648 1849 2729 der Mädchenschule", „Ich speise bei meiner Mutter, endlich
123 2663 682 2752 in Kind“ aufführte. Weshalb
1889 2694 2935 2769 lungen dieser Art! Einige wenige Dekorationen -
711 2694 1846 2769 das so tief ergreifende Stuck der Delphine Gay (Madame
118 2717 676 2795 Burgtheater fallen ließ, is
1886 2743 3018 2826 sehe sie noch vor mir — genügten: eine bürgerliche Stube,
719 2746 1846 2820 Girardin): „Die Furcht vor der Freude. Sind das Stücke
146 2763 674 2843 Vorstadtbühnen spielen es
722 2792 1840 2863 französischer Autoren, so können wir auch wertvoller Ein¬
1883 2803 3018 2855 ein grün gemaltes Zimmer, ein anderes weiß und rosa¬
120 2806 679 2881 usern in Nachmittags= und
711 2852 1843 2912 akter deutscher Schriftsteller gedenken, und hier möchten
1875 2840 3021 2921 rot gestreift, eine Gartenpartie, ein Straßenbild, und unter
149 2858 676 2932 Publikum will einmal das
717 2886 1840 2955 wir aufmerksam machen auf Siegmund Schlesingers
1877 2878 3010 2958 Laube kam noch ein Salon dazu! Aber welcher Kunst¬
112 2906 676 2981 es nicht missen, und es ist
705 2938 1834 3004 Lustspiel „Mit der Feder", das gewiß nicht veraltet, und
1877 2938 3012 3001 genuß strömte, lächelte aus den einfachen Bühnenwänden
120 2949 679 3030 insere Hofbühne sich diesem
705 2987 1840 3050 auf das reizendste aller reizenden einaktigen Stücke „Am
1877 2984 3010 3055 Also würde es auch jetzt sein und sich der Schlußvers des
120 2995 671 3078 serer Ansicht wäre das Stück,
1872 3027 2620 3116 Bergerschen Epilogs so recht erfüllen:
705 3027 1837 3116 Ende der Marie Ebner v. Eschenbach mit der vielleicht
120 3061 665 3150 pieder in das Repertoire auf
705 3070 1628 3176 brillantesten Rolle unserer Wilbrandt=Baudius,
2044 3081 2846 3193 Im neuen Haus das alte Burgtheater"
