3344 4256
249 192 407 286 13.
1297 193 1774 286 b 44/10
447 184 1112 307 sans
1592 491 2760 572 neuen Ringens fesseln Jörn Uhl oder Klaus Heinrich
2457 559 2763 618 liegt denn ein
1586 569 2412 615 Baas seine Aufmerksamkeit. Und hier
1600 600 2764 664 schwacher Punkt: wie Goethes „Wilhelm Meister" werden
2412 643 2764 702 sobald sie den
1733 649 2347 709 seine „Helden", uninteressant
1594 653 1687 705 auch
1592 687 2766 745 richtigen Weg gefunden haben. Denn ihn selbst zieht dann
1592 733 2763 788 immer wieder das große Getriebe an, und er stellt sich wieder
1597 776 2761 835 in den Menschenstrom und vergißt den Helden und sieht sich
1594 827 2764 884 nach anderen um. Nichts ist dabei packender als wenn er
1577 858 2760 938 alte Bekannte widersieht, wenn der trotzig zürnende Bauernsohn
1586 906 2769 965 aus Amerika heimkommt oder Klaus Heinrich seine frühere
630 923 1280 1013 Der moderne deutsche Roman.
1594 956 2031 1016 Geliebte wieder erblickt.
1645 976 2769 1053 Freussen wirft sich in den Kampf um die Ziele seiner Helden
711 996 1201 1069 Von Richard M. Meyer.
1597 1034 2763 1100 mit jenem Feuereifer, der einst Spielhagens und Suder¬
869 1046 1050 1117 (Schluß.)
1600 1081 2754 1137 manns Romane so wirksam machte. Aber seine „Tendenz
423 1090 1544 1164 Gustav Freussen (geb. 1863) kommt wie Gotthelf vom
1600 1124 2773 1187 ist größer, freier, nicht als Parteimann allein kämpft er
373 1152 1549 1202 Landpastorat zu der Predigt vor großer Gemeinde; und ein
1662 1165 2770 1221 wenn er auch seinen Liberalismus vor allem in kirch¬
378 1189 1544 1251 Prediger, ein Erzieher, ein Mann der Tendenz ist er stets ge¬
1603 1212 2769 1270 lichen Fragen nie verleugnet, sondern als „Bürger derer
378 1238 1550 1294 blieben. Ein rein ästhetisches Kunstwerk, wie die Romane der
1606 1252 2777 1310 die da kommen werden“. Und deshalb geschieht, was ein
379 1274 1544 1335 Ricarda Huch, sagt ihm nichts; mit Volkserziehern, wie
1605 1294 2770 1363 sicheres Zeichen der groß angelegten epischen Begabung ist:
379 1319 1547 1375 Gottfried Keller selbst einer sein wollte, fühlt er sich verwandt.
1603 1338 2772 1400 wie bei Balsac die Romane, wie bei Heyse die Novellen,
378 1361 1553 1422 Und wie Gotthelf auch hat er sich selbst zum Schriftsteller erst
1612 1385 2772 1441 so runden sich bei Freussen die Erzählungen zu Einen großen
381 1401 1550 1474 erziehen müssen. Er begann mit Nachahmungen des rechten
1600 1432 2418 1499 Ganzen: zu dem Roman des Neuen Reichs.
382 1451 1555 1522 guten alten Familienblattromans" und fand sich selbst erst
1642 1466 2773 1525 Man muß deshalb dem, für den diese neue Welt der eigent¬
373 1500 838 1564 mit „Jörn Uhl" (1901).
1602 1512 2769 1572 liche Held ist, verzeihen, wenn die äußere Form jener Teilstücke
429 1535 1558 1599 Liegt die Begabung von Clara Viebig in der sicheren, festen
1600 1559 2774 1617 des großen Romans, die selbständig in die Welt treten, so un¬
382 1580 1550 1636 Art, wie sie die einzelnen Gestalten hinstellt, während die „Fabel", die
1597 1597 2774 1664 vollkommen ist. Viel zu lang sind „Jörn Uhl" und „Klaus
382 1634 1558 1686 Kunst, sie in Bewegung zu setzen, nicht auf gleicher Höhe steht;
1603 1652 2773 1707 Heinrich Baas", schlecht komponiert „Jorn Uhl" und „Hilligen¬
379 1668 1553 1732 ist die Stimmung, die Zahns einfacher Vortrag psychologisch
1603 1687 2776 1746 lei", ungleich „Hilligenlei" und „Klaus Heinrich“. Und die
381 1712 1553 1771 notwendiger Geschehnisse hervorruft, der stärkste Beweis seines
1603 1742 2779 1795 Sprache hat er nie meistern gelernt; es straft sich, daß sie dem Ver¬
379 1755 1559 1817 Talents — so ist Freussen vor allem der geborene Erzähler.
1605 1771 2774 1835 ächter aller „Kunst um der Kunst willen zu ausschließlich Mittel
379 1807 1552 1860 Seit Gottfried Keller hat niemand bei uns diese weitere
1609 1822 2776 1882 ist. Das künstlich abgewogene Deutsch Wassermanns, die
385 1839 1553 1897 Grundeigenschaft des echten Epikers in gleichem Grad besessen:
1603 1857 2777 1926 glänzenden Stilkünfte der Brüder Mann, der Helene Böhlau
379 1882 1552 1941 die Freude an dem bunten Menschenschicksal selbst, die uner¬
1615 1910 2776 1966 und Ricarda Huch, die geistfunkelnde Rede der Bahr und
388 1937 1555 1999 schöpfliche Lust am Erzählen als solchen. Auch Rosegger, ein
1614 1948 2774 2012 Schnitzler würde er wohl gar nicht anstreben; aber auch die
388 1977 1558 2036 unübertrefflicher Erzähler, besitzt diese Natur nicht in gleichem
1612 1990 2779 2056 einfachere Kunst individuell belebter Rede, wie sie Ernst Zahn
388 2012 1559 2075 Grade; und in der Fülle der merkwürdigen „Einfälle" ist ihm
1609 2040 2777 2096 oder Hermann Hesse besitzen, fehlt ihm. Wo er wundersame
394 2061 1564 2127 seit Keller auch im Ausland nur Einer überlegen, mit
1612 2089 2782 2139 Geschichten erzählt, findet er stets das rechte Wort — wo er
382 2099 1556 2164 dessen einziger Vortragskunst die Freussens freilich auch ent¬
1609 2121 2783 2180 Seelenzustände schildert, wird er nur zu leicht hart und trocken.
391 2142 1565 2211 fernt nicht verglichen werden darf: Maupassant. Wie Hebbel
1653 2168 2774 2236 Jener Mangel aber an Ausgeglichenheit zwischen dem offen¬
391 2193 1558 2252 ist Freussen ein „Menschenfresser"; er kann keinen Menschen
1615 2208 2783 2274 baren und dem „heimlichen Helden, den wir bei Freussen
394 2238 1561 2304 sehn, ohne daß ihn nach seinen Schicksalen gelüstete. Nur,
1609 2254 2783 2311 wegen seiner höheren Ziele und seiner kleineren Kunst noch
391 2277 1562 2339 wenn Hebbel nach dem Geheimnis fragte, das die menschliche
1624 2295 2788 2361 stärker empfinden als bei Zahn, er ist auch bei einem feinen,
391 2333 1559 2388 Individualität von Anfang an konstituiert, reizt es Freussen,
1618 2341 2780 2407 grüblerisch nachdenklichen, originellen Künstler wie Jakob
388 2372 1568 2428 die Ereignisse zu hören, die ihn umgestaltet haben. Er steht
1618 2404 2179 2460 Wassermann nicht überwunden.
392 2407 1559 2472 im Strom des Großstadtlebens auf der Berliner Friedrichstraße,
1662 2412 2786 2496 Jakob Wassermann (geb. 1873) aus Fürth ist mit Thomas
397 2453 1565 2518 sieht die Menschen an und fragt sich bei jedem: Woher mag
1624 2471 2785 2533 Mann eng befreundet und lebt schon seit Jahren in Wien, mit
394 2491 1565 2561 diese Falte auf der Stirn stammen? dies müde Lächeln? Trifft
1615 2516 2783 2581 den Schnitzler, Beer=Hofmann, Hofmannsthal in angeregtem
388 2540 1566 2603 er in Gesellschaft einen reichen Kaufmann, einen Kunstgelehrten,
1624 2559 2789 2624 geistigen Verkehr. Österreichischen und norddeutschem Wesen
394 2593 1564 2645 er muß ihn ausfragen nach seinem Tagewerk, seinen Erfolgen,
1627 2600 2786 2670 hat seine doch ausgesprochen süddeutsche Art sich angeschmiegt;
398 2627 1564 2693 seiner Lebensweise. Den seelischen Kern verrät ihm schon der
1615 2648 2789 2701 wobei freilich nicht zu übersehen, daß er Jude ist, ja das
400 2674 1569 2726 erste Blick — nicht umsonst hat er, halb Landpfarrer und halb
1624 2684 2789 2761 Indentum betont wie Beer=Hofmann und Schnitzler oder Felix
397 2714 1571 2776 Bauer, ihn in langjähriger Menschenbeobachtung geübt; nun aber
1621 2727 2789 2789 Salten. Auch dem Dichter Wassermann hat man eine über¬
400 2754 1569 2814 will er all das wissen, was man nicht sieht. Denn sein hohes
1624 2769 2786 2832 triebene Anpassungsfähigkeit vorgeworfen; uns scheint aber,
403 2795 1568 2869 Interesse gilt doch nicht diesen Einzelnen, die er so begierig
1620 2813 2780 2873 daß die allerdings wechselnden „Masken" seiner künstlerischen
403 2841 1568 2906 anstrebt. Nach Hilligenlei (1906) geht die Fahrt; nach dem
1628 2859 2794 2925 Physiognomie ihre Ablösung jedesmal einem neuen Schritt
409 2884 1568 2950 Land der Verheißung steuern Jörn Uhl und Klaus Heinrich
1620 2910 2317 2971 seiner inneren Entwicklung verdanken.
404 2931 1565 2988 Baas (1909). Dies ist ein Weiteres, was er mit dem großen
1665 2941 2792 3005 Wassermann steht in seinen frühesten Werken der Gestaltung
409 2972 1574 3036 Meister von Zürich teilt: das leidenschaftliche, patriotische und
1624 2991 2792 3053 des Kollektivhelden näher als in den späteren. Die „Juden
406 3018 1568 3086 humane Mitfühlen. Auf einem großen, mächtigen Schiff sind
1621 3034 2789 3093 von Zirndorf" (1897) und „Renate Fuchs" (1900) haben aus¬
403 3065 1583 3123 wir alle eingeschifft, der mastenreichen „Deutschland“; ein
1636 3075 2792 3140 schließlich das Judentum zum Träger der Handlung, das sich
417 3106 1574 3167 schönes fernes Ziel ist uns versprochen. Da gilt es zu er¬
1630 3126 2795 3182 in einzelnen Figuren nur so exponiert, wie etwa in Willibald
414 3145 1578 3214 forschen, wohin der Kurs gerichtet sei. Alle gilt es kennen zu
1630 3161 2783 3224 Alexis Romanen das Preußentum. „Alexander in Babylon
406 3193 1575 3258 lernen, Kapitän und Steuermann und alle die Matrosen und
1639 3199 2795 3264 1904) stellt den „Helden" (im stärksten Sinne des
409 3238 1581 3307 die Schiffsjungen. Denn Freussens heiße Sehnsucht gilt dem
1633 3260 2794 3317 Wortes) im Kampf gegen das seinem Hellenentum
406 3286 1156 3351 heiligen Lande, das wir erreichen sollen.
1633 3295 2786 3370 gefährliche Asiatentum dar und besitzt somit ein ähnliches
720 3331 1251 3381 Wohl werd ich's nicht erleben,
1636 3338 2779 3400 Schema wie Zahns „Keine Brücke" oder „Einsamkeit"
723 3367 1245 3415 Doch an der Sehnsucht Hand
1630 3363 2800 3446 Noch deutlicher empfinden wir diese Zweigliedrigkeit
720 3401 1292 3456 Als Schatten noch durchschweben
1630 3432 2797 3487 des Aufbaus in seinem feinsten und ungleich stärksten Buch:
729 3449 1125 3503 Mein freies Vaterland.
1651 3477 2794 3527 Caspar Hauser oder die Trägheit des Herzens" (1908). Der
457 3472 1586 3550 Überall sieht er neue Segel sich spannen: in der religiösen
1645 3515 2795 3580 Findling ist hier eigentlich nur das Regenzglas, das die
414 3533 1580 3589 Stimmung, in der sozialen Lage, in der industriellen Bewegung.
1642 3558 2800 3620 Eigenheiten der bösen trägen Welt offenbaren läßt. Dennoch
414 3586 1592 3651 Alle möchte er verstehen und überall mitarbeiten, damit sein
1639 3600 2801 3664 ist hier ein Fortschritt auch in der Anlage unverkennbar.
417 3627 1210 3693 geliebtes Schiff die rechte Richtung nimmt.
1633 3643 2798 3707 Denn eben die Welt in ihrer Vielfältigkeit reizt ihn jetzt,
463 3648 1580 3724 Und da verplandert er sich wohl auch und vergißt über dem
1636 3695 2797 3748 wenn er sie und auch uns unter seinem Gesichtspunkt sieht,
414 3699 1590 3770 Ausfragen und Wiedererzählen von dieses oder jenes Mannes
1633 3729 2801 3798 dem der Herzensträgheit. Die Juden, die asiatische Welt — das
414 3749 1593 3813 Vorleben die große Aufgabe. Daß er sich auch zu konzentrieren
1645 3785 2804 3844 sind nur Bruchstücke der Menschheit; nun aber richtet sich zum
414 3792 1584 3854 versteht, beweist „Peter Moors Fahrt nach Südwest" (1907),
1639 3820 2518 3895 Ehrgeiz auf den Menschen selbst als Helden.
422 3832 1587 3900 wo er einmal nur von einem dieser unscheinbaren Werkmänner
1684 3851 2805 3922 Dies führte ihn zu scheinbar weit entlegenen Mustern. Der
420 3879 1593 3940 und Märtyrer des Neubaus unserer Welt erzählt. Sonst aber
1633 3903 2801 3966 alte zuglische Roman scheint auf den ersten Blick nur eine
426 3922 1592 3988 interessiert er sich zu sehr für seine vielen Leute. Zu sehr,
1639 3941 2807 4012 primitive Anhäufung von wilden Abenteuern, die sich zufälliger
420 3963 1600 4049 denn sie sind ihm ja doch nur Herr. Nur als Symbol des
