3344 4352
195 231 358 305 13.
397 219 1057 343 Miscellaneous
1241 240 1727 329 box 44/10
1734 1152 1825 1232 88
1177 1289 2360 1384 von seiner Produktion auf gewerbliche Probleme
1167 1340 2356 1435 abirrenden Genies sind unerquicklich und sollten von
1173 1390 2360 1483 einer innern Zensur unterdrückt werden, solange es
1167 1427 2350 1529 Redaktionen gibt, die ihnen Vorschub leisten. Ich
1170 1490 2356 1577 glaube, daß Wedekinds Bedeutung für das deutsche
1167 1533 2348 1629 Drama länger vorhalten wird als seine kritische Autorität,
1167 1583 2353 1683 deren Äußerungen zugleich mit jenen veralten werden,
1164 1638 2353 1728 denen sie gelten. Arthur Schnitzler Meister zu
1156 1697 2356 1778 nennen, möge Herrn Zweig überlassen bleiben, der es
1161 1736 2342 1828 mit Recht tut, nicht ohne die beruhigende Zusicherung
1155 1785 2344 1878 zu geben, daß seine Generation, wiewohl sie anderes
1156 1837 2341 1923 wolle, die frühere nicht entwurzeln werde. Was sie
1155 1887 2336 1975 will, die Generation des Herrn Zweig, weiß ich,
1158 1935 2336 2025 und Herr Zweig weiß es auch. In unserer Zeit,
1150 1977 2338 2073 da die Kunst sich gern der Popularitätssucht,
1152 2026 2338 2114 der Geldverdienerei, der Journalistik und Gesell¬
1143 2073 2336 2174 schaftlichkeit kuppelt, sei der Anblick Schnitzlers
1152 2128 2330 2219 erfreulich. Nichts lenke mehr von der Vista auf die
1155 2170 2330 2261 Werke ab, als jene kleinen Unsauberkeiten des
1149 2218 2335 2327 Charakters, die uns die Indiskretion der Nähe leicht¬
1149 2270 2329 2372 preisgibt. Herr Zweig kennt sich aus und hat ganz
1137 2317 2323 2412 Recht, wenn er Schnitzler von dem Drang zur Geldver-
1140 2374 2330 2463 dienerei, zur Journalistik und zur Gesellschaftlichkeit
1132 2433 2320 2516 ausnimmt. Es ist nur die Frage, warum die neue
1140 2469 2321 2564 Generation, die dazu inkliniert, die es weiß, und die
1131 2504 2318 2613 ihr Ende bei der Neuen Freien Presse voraussieht,
1134 2568 2312 2670 sich nicht lieber umbringt, und was Schnitzler anlangt,
1134 2616 2320 2718 so ist gewiß zum Lob seiner Person zu sagen,
1137 2672 2317 2760 daß er sich nie um jene zweifelhaften Subsidien
1134 2710 2312 2806 mangelnder Persönlichkeit umgesehen hat, sondern
1125 2772 2311 2851 daß sie zu ihm gekommen sind. Schnitzler ist von
1128 2805 2309 2907 ihnen umringt und sitzt in der Fülle aller Leere, ohne
1131 2854 2311 2956 daß er das Talent jener Betriebsamkeit aufwenden
1119 2913 2311 3004 mußte oder konnte, die heute den Wert ersetzt. Seine
1125 2953 2305 3052 Position ist zwischen Bedeutung und Geltung,
1119 3016 2305 3094 und eine Verwandtschaft mit ihm muß die Welt
1116 3056 2300 3154 so hingerissen haben, daß sie ihm entgegenkam.
1232 3133 2180 3211 Herausgeber und verantwortlicher Redakteur: Karl Kraus
1225 3166 2186 3251 Druck von Jahoda & Siegel, Wien, III. Hintere Zollamtsstraße 3
