3344 4320
241 213 1112 337 13. Miscellaneous
1288 243 1781 337 box 44/10
1682 977 1831 1160 9
1862 1141 1953 1235 .
1265 1171 1559 1284 -
1816 1268 2113 1341 -
1133 1291 1410 1353 -
1612 1376 1744 1463 .
1435 1463 1564 1524 .
1309 1627 1900 1761 Der Hervorruf.
977 1765 2306 1861 Um zunächst einmal von den Bühnenschriftstellern zu sprechen: sie
885 1813 2306 1910 haben den Hervorruf abschaffen wollen; und Otto Brahm, der immer
885 1862 2301 1953 der Apostel der guten, zurückhaltenden literarischen Sitten war und
883 1907 2297 2008 der seinen Schauspielern ja das Vorhangstor zum Publikum stets ver¬
889 1965 2308 2045 riegelt hielt, hat es ebenso durchgeführt, daß seine Autoren, die reisigen
883 2003 2304 2098 Dichtermannschaften des Lessingtheaters, stets nur am Schlusse des
880 2059 2297 2143 Premierenabends, also, wenn alle Chancen versucht, alle Trümpfe aus¬
887 2109 2297 2203 gespielt waren, ihr Buckerl machten, vorausgesetzt, daß das Publikum
871 2160 2297 2256 dieses Buckerl dann noch sehen wollte. Aber es befinden sich seit jenem
885 2215 2288 2292 grundlegenden Abend, an welchem — am 24. Mai 1743 — der ver¬
882 2254 2293 2336 bissene Voltaire nach seiner „Merope“=Premiere als erster Poet den
876 2304 2295 2395 Honigseim des Hervorrufs kostete, unter den Herbergsgästen einer jeden
880 2350 2292 2435 Erstaufführung stets muskel- und handflächenkräftige Leute — Hand¬
873 2398 2290 2492 schuhnummer 93 —, welche sich dem Verfasser oder einem seiner
873 2455 2285 2535 darstellerischen Mitarbeiter für die gütige Spende eines Freiplatzes
873 2494 2285 2590 verpflichtet glauben, welche neugierig sind, „wie der Mann eigentlich
866 2545 2286 2639 ausschaut, der den Schmarren g'schrieben hat", (ich zitiere wörtlich
864 2591 2283 2691 die Aeußerung eines wohlwollenden, berlinisch-wienerischen Premiere¬
860 2641 2285 2733 besuchers) oder welche gar, wie das denn wohl auch zu Zeiten kommen
862 2700 2272 2788 mag, von dem Werte des aus der Taufe gehobenen Stückes über¬
860 2756 2281 2827 zeugt sind. Diese alle sind (gelegentlich noch verstärkt von den freund¬
862 2795 2279 2881 willigen Bannerträgern des Enthusiasmus und Personenkultus) die
853 2838 2260 2930 Avantgarde des Hervorrufes diejenigen, die hinweg über alles „Ja
855 2902 2276 2978 und „Nein" der wechselnden Stimmungen, mit ihrer applauslustigen
857 2946 2272 3030 Hände Arbeit den Erfolg verdreifachen, den Mißerfolg einschrumpfen
858 2989 2269 3088 lassen, optimistische Premierenwahrheiten unterstreichen, pessimistische
850 3049 2272 3127 unterschlagen. Sie sind es, die dem Dichter oder Schriftsteller in
850 3093 2270 3184 möglichster Vielzahl die glücklichste Sekunde bereiten, die er vor dem
848 3134 2269 3223 kritischen Lendemain und nach dem seelischen Wackeltanz der Vor¬
850 3187 2270 3287 probenzeit hat: die Sekunde nämlich, in welcher sich der Autor unter
850 3235 2262 3319 dem starken oder halbstarken Beifall nicht weit hinter dem Soufleur¬
850 3280 2265 3372 kasten verneigt und sich nun einbildet, einigen Besten seiner Zeit
843 3338 2260 3422 genug getan zu haben. Der heitere, welterfahrene Skeptiker, der
841 3384 2262 3480 über die Geschicke des Thaliatheaters in Hamburg gesetzt ist, Geheim¬
846 3441 2260 3530 rat Max Sokrates Bacchur, sagte mir einmal: „Wissen Sie, das
839 3473 2263 3565 kenn' ich nun schon! Premieren sind eigentlich immer Erfolge.
