3344 4320
729 440 1798 510 Schnitzler hat wieder einmal in volle Menschenleben
728 503 1798 568 gegriffen, wo es im dünnsten ist. Er hat als Seelenarzt,
726 550 1802 615 wie das Berliner Tageblatt solche Beschäftigung nennt.
725 589 1673 667 die Journalisten unter seine Lupe genommen.
729 642 1798 713 Journalisten sind die Herren, die beschreiben. Leben und
718 677 1794 767 Kunst wird durch einen Strich getrennt, nur die Be¬
722 741 1794 822 schreibung bleibt die gleiche. Nach allgemeiner fach¬
721 800 1788 861 männischer Ansicht haben Journalisten keine Ueber¬
721 842 1793 911 zeugung. Hat man eine, so ist man bereits Kritiker.
720 884 1785 956 Und da man für Kunst keine braucht, hat der Kritiker
721 950 1788 1010 eigentlich die anständigste Beschäftigung dieser Erde.
720 975 1782 1059 Der Kritiker darf alle möglichen Leute für Dichter
713 1042 1785 1110 halten, ohne daß der Verlag, die Abteilung für Anzeigen
714 1102 1785 1150 oder eine Partei Einspruch erhebt. Es ist daher leicht
717 1139 1782 1210 für einen Theaterkritiker, einem Journalistenstück gerecht
709 1196 1785 1243 zu werden. Namentlich, da alle Kritiker nur festzu¬
707 1236 1775 1307 stellen haben, ob die geliebte Kunst richtig und wahr ist.
714 1278 1782 1356 Das Publikum wird leicht glauben, daß ein Journalist
710 1330 1779 1407 über Journalisten Bescheid weiß. Ein Journalist weiß
705 1384 1769 1450 aber überhaupt Bescheid. Er kennt das Leben schlecht¬
702 1424 1775 1498 hin. Wird es ihm doch in jeder Minute telegraphisch
709 1478 1775 1543 und telephonisch übermittelt. Und wo es das Leben nicht
701 1521 1773 1591 so eilig hat, trifft es immerhin mit Rohrpost ein. Dieses
695 1567 1767 1650 Leben, auf Draht gezogen, wird beschrieben. Alles ist
702 1622 1773 1695 in Ordnung. Spielt es sich auf der Bühne ab, ist es
705 1669 1770 1753 Kunst. Diese intime Gemeinschaft mit dem Leben macht
695 1711 1771 1798 überlegen. Das Leben erscheint zweimal, morgens und
695 1766 1771 1844 abends und wiederholt sich, morgens und abends. An
698 1820 1765 1883 manchen Tagen ist es sogar illustriert, das Leben. Dieses
695 1863 1755 1946 Leben hat nun der Doktor Arthur Schnitzler eingefan¬
697 1919 1759 1997 gen, mit Handschuhen: „Wir sahen nur Spuren seiner
697 1973 1759 2038 samtenen Grazie und seine Florettkunst mühte sich, so
695 2007 1735 2087 dankbar der Stoff war, nicht durchweg mit Glück
693 2057 1762 2139 Herr Fritz Engel fühlt sich also nicht geschlagen, er
690 2108 1761 2178 bleibt wohlwollend: „Es bleiben Einzelheiten und Einzel¬
686 2157 1762 2238 wirkungen übrig, darunter Ausgezeichnete. Sie heften
683 2230 1734 2284 sich mit satirischen Pfeilen an das Zeitungsmetier!
687 2253 1758 2331 Die satirischen Pfeile sind poetische Umschreibungen
685 2307 1755 2378 für Büroklammern, mit denen die Einzelgestalten an das
681 2360 1758 2433 Zeitungsmetier geheftet sind. „Der Wetteifer und
686 2404 1748 2482 Uebereifer der Journalistik wird gezeigt, die innere
679 2455 1743 2529 Kälte der Temperamente, die Geneigtheit, Opfer des
678 2508 1755 2584 Intellekts zu bringen, um nicht aus einem behaglichen
678 2547 1757 2632 Nest zu fallen. Die Opfer des Intellekts dieser Vögel
672 2604 1743 2662 sind die bekannten Kuckukseier: „Dies alles wird be¬
682 2656 1744 2728 spöttelt und bestichelt. Wir blicken in den Spiegel und
674 2710 1750 2779 sagen, wie sehr er auch mancherlei verzerrt; vieles ist
682 2744 1748 2822 wahr. Damit nicht alles wahr ist, sieht der Herr
671 2800 1354 2862 Kritiker lieber in einen Zerrspiegel.
752 2845 1747 2919 So wahr dichtet der Doktor Schnitzler. Diese
670 2896 1748 2964 Furchtlosigkeit vor der Entente der Presse bringt ihm
667 2947 1739 3006 ein besonderes Lob des preußischen Berliner Tageblatts
667 2989 1736 3069 ein: „Achtung vor dem Dichter und vor dem Theater.
670 3042 1736 3115 wenn sie eine Schicht darstellen, von der die Leute der
668 3081 1738 3170 Bühne immer fürchten, sie könne ihnen schaden und
659 3138 1740 3223 laure nur darauf, es zu tun. Für diesen Mut wird dem
660 3181 1736 3264 Dichter von der Schicht das papierene Kreuz verliehn.
659 3244 1736 3311 Aber der Herr Doktor Schnitzler meint es gar nicht so
660 3294 1731 3357 schlimm. Sein Mut ist flüssig: „Der Saft seiner Ironie,
660 3341 1734 3407 soweit sie sich auf das Ganze des Stoffes bezieht,
655 3379 1731 3457 träufelt schwer und langsam. Er erreicht nicht einmal
656 3450 1716 3514 eine geschlossene und gesteigerte Bühnenwirkung.
658 3478 1724 3547 Das ist auch zu viel vom Saft verlangt, daß er ge¬
654 3544 1724 3606 schlossen wirken soll, wo er sich doch schon auf den
651 3592 1727 3646 ganzen Stoff bezieht. Der Doktor Schnitzler hätte nach
658 3636 1727 3700 dem Geschmack des Herrn Engel dem Saft mehr Zucker
658 3677 1731 3755 zusetzen sollen: „Gustav Freytag, mit seiner alten lieben
650 3719 1726 3800 Dramentechnik, hat schon gewußt, warum er von seiner
647 3785 1723 3847 Adelheid und seiner Ida den Zucker der Liebe auf das
658 3828 1724 3891 trockene politische Brot der Männer streuen läßt. Ja,
658 3871 1722 3937 der Herr Engel hat seine Butter auf dem Kopf. Er
648 3931 1716 3983 sollte uns zu Weihnachten das Journalistenstück be¬
648 3972 1718 4046 scheren. Dann braucht der Herr Doktor Schnitzler
655 4031 1727 4090 wenigstens nicht mehr durch fremde Federn geschmückt
648 4082 869 4116 den.
1567 4122 1718 4206 H. W.
1875 459 2940 526 sogar mit der Angst zu tun und flüchtet sich erschreckt
1872 523 2942 574 zu Goethen: „Der deutsche Geist kann nicht anders, als
1872 573 2936 625 dem Goetheschen Ideal der Weltliteratur treu bleiben",
1879 613 2943 666 Worunter Herr Direktor Barnowsky Bernhard Shaw ver¬
1870 664 2944 724 steht. Im Uebrigen ist er für deutsche Autoren, wenn
1872 714 2936 769 Herr Fritz Engel ihm seine Hilfe nicht versagen will:
1872 769 2936 827 „Die Pflege junger deutscher Autoren kenne ich als
1872 818 2936 866 nationale Pflicht an, erfüllbar allerdings nur unter der
1878 854 2943 927 Voraussetzung einer tätigeren Teilnahme des Publikums
1870 912 2937 964 und einer wärmeren Förderung von seiten der Kritik, die
1867 963 2937 1013 nach geschehener Tat nicht immer darauf Rücksicht
1870 1011 2933 1067 nimmt, daß diese Autoren jung und deutsch sind. Hier
1867 1050 2931 1110 kann nur der Verein für Säuglingspflege und der Verein
1864 1106 2928 1161 für Kinderschutz restlos Besserung schaffen. Aus der
1860 1153 2928 1208 Kritik werden die Engelmacher abgeschafft und dafür
1860 1201 2928 1268 ausschließlich Herrn Fritz Engel die Sorge um den Nach¬
1863 1252 2928 1317 wuchs übertragen. So kann man dem Barnowskyschen
1864 1298 2928 1358 Ideal treu bleiben. Spricht sich doch sogar ein Mann
1864 1345 2919 1401 der Wissenschaft wie Herr Prof. Max Dessoir für
1855 1396 2924 1449 künstliche Ernährung aus: „Um deutschen Bühnenschrift¬
1857 1446 2916 1504 stellern den Zugang zur Bühne zu erleichtern, könnte eine
1859 1496 2916 1564 Vorprüfung der massenhaft aufschießenden Versuche
1857 1549 2916 1607 nützlich sein, weil dann den überlasteten Berater der
1851 1583 2916 1653 Bühnen-Vorstände (den sogenannten Dramaturgen) be¬
1848 1638 2915 1714 reits eine Auswahl zuginge.“ Der Zugang wird also da¬
1848 1697 2913 1757 durch erleichtert, daß eine Auswahl zugeht. Diese Tä-
1848 1746 2911 1800 tigkeit wurde bisher von dem Theaterpförtner ausgeübt.
1852 1789 2915 1847 Der Ausschuß für den Aufschuß wird den Beratern nicht
1844 1843 2909 1906 gewachsen sein. Berater sind immer überlastet. Sie
1844 1892 2908 1956 schießen selbst auf. Das ist der Aufschluß für den Auf¬
1845 1939 2908 1992 schuß des Ausschusses. Allerdings, wenn die Professo-
1843 1983 2907 2050 ren mit den Theater-Direktoren Arm in Arm gehen, dann
1844 2036 2907 2105 schließt ein Jahrhundert endgültig der Kunst die
1844 2082 2904 2155 Schranken. Aber nur nicht die Angst verlieren. Kunst
1839 2128 2305 2202 lebt in die Jahrtausende.
2752 2183 2901 2247 H. W.
1831 2305 2824 2418 Der Sohn der Jungfrau von Orléans
1906 2429 2894 2495 Expressionismus, die große Mode. Wo nun schon
1824 2490 2894 2557 alles liebt, kann Max der Reinhardt nicht alleine hassen.
1831 2522 2893 2605 Das junge Deutschland soll gefördert werden. Das
1829 2580 2892 2658 Publikum will es. Ob es die Kasse will, wer die zu¬
1835 2623 2890 2687 ständige Persönlichkeit, der Dramaturg, noch nicht
1828 2691 2889 2757 genau. Es wird daher ein Theaterverein gegründet,
1825 2728 2881 2794 sechshundert Menschen dürfen fördern. Die Kasse des
1828 2775 2884 2843 Deutschen Theaters. Expressionisten sind die Lämmer,
1818 2830 2882 2888 die den Kurt-Wolff-Verlag an seine Tatzen glauben
1822 2884 2882 2943 machen wollen. Die Kunstkenner des Deutschen Theaters
1820 2923 2877 2982 haben das in zahlreichen Zeitungsanzeigen und Verlags¬
1821 2970 2884 3037 prospekten gelesen. Das Deutsche Theater und die
1820 3017 2882 3080 deutsche Presse glauben aneinander und sie sind ein¬
1813 3073 2877 3133 ander wert. In Dresden wurde dem Expressionismus der
1822 3118 2878 3181 Sohn geboren, der auf den Namen Hasenclever hört.
1822 3162 2873 3232 Die allerersten Dresdener Korrespondenten der Berliner
1818 3213 2877 3283 Tagespresse standen Pate. Kurt-Wolff-Verlag gab den
1817 3260 2873 3329 Namen: Das erste expressionistische Drama. Max
1816 3305 2878 3380 Reinhardt, der große Förderer der Klassiker, brauchte
1813 3365 2869 3428 nicht mehr zu suchen, der Sohn wurde an Expressionis¬
1812 3414 2869 3474 mus Statt angenommen und der Verein gegründet. Nicht
1812 3458 2869 3533 ohne daß der Bühnenvertrieb Paul Cassirer das Recht
1810 3513 2865 3579 der Aufführung erwarb. Der Expressionismus ist gar
1808 3558 2868 3621 nicht so schlimm und so schwer, wie man bisher in
1809 3605 2859 3680 Kunstkreisen glaubte. Es ist sicher nicht uninteressant.
1800 3649 2859 3724 zu wissen, daß schon der bekannte große Dichter
1808 3700 2858 3775 Schiller, gleichfalls ein Schützling von Max Reinhardt,
1800 3749 2857 3821 Expressionist gewesen ist. Kein Geringerer als Hasen¬
1805 3809 2857 3861 clever hat den Beweis geführt. Ich habe die Mutter
1798 3856 2857 3918 entdeckt. Sie ist zwar nur eine Jungfrau, aber dafür
1797 3888 2862 3970 von Orléans. Ich bin in der glücklichen Lage, aus beiden
1794 3945 2624 4015 Dramen Auszüge veröffentlichen zu können.
1789 4030 1939 4097 Schiller
2342 4031 2581 4097 Hasenclever
1790 4089 2155 4149 Die Jungfrau
2331 4089 2601 4156 Der Sohn
1793 4135 2191 4203 Die Waffen ihn.
2346 4151 2859 4211 Dort unten tief und herrlich
3015 461 3170 543 Schiller
3015 535 3260 603 Die Jung
3021 596 3251 656 Doch mich,
3061 647 3262 713 Herrliche
3013 683 3278 756 Mich rührte
3052 742 3260 802 allgemeine
3013 791 3283 859 Mir ist das He
3048 841 3282 908 und gewend
3014 888 3272 951 Es sieht von
3048 936 3275 1005 lichkeit zur
3006 1018 3236 1093 Hasenlever
3006 1093 3267 1157 Die Jung
3006 1151 3267 1215 Seht ihr den
3045 1204 3215 1266 der Luft
3001 1252 3251 1317 Der Himmel
3037 1302 3266 1369 goldenen T.
2995 1352 3264 1415 Im Chor der
3030 1401 3266 1469 sie glänzen¬
2990 1449 3252 1516 Sie hält den
3033 1496 3266 1579 an ihrer Bri¬
2994 1544 3219 1618 Die Arme
3030 1587 3263 1661 lächelnd mir
2993 1637 3252 1712 Wie wird mir,
3028 1696 3266 1757 ken heben m
2982 1746 3254 1809 Der schwere
3018 1794 3256 1866 zum Flügel
2983 1845 3259 1913 Hinauf, hinaus
3025 1895 3254 1957 flieht zurück
2978 1941 3260 2008 Kurz ist der
3013 1993 3256 2073 ewig ist die
3054 2065 3264 2149 Germanisti,
2971 2129 3266 2195 merken, daß de
2971 2176 3254 2242 nicht Hasence
3042 2227 3241 2293 Der Vater
2975 2274 3256 2340 ersten Worte
2968 2323 3256 2391 „Ich bin zwanz
2964 2374 3254 2443 oder in Johann
3048 2418 3251 2490 Wie mir A
2966 2473 3254 2533 sionistisches Di¬
2970 2521 3239 2586 Tochter von
2967 2569 3208 2631 Dichter hat
2968 2620 3256 2695 Deutschen The¬
2952 2829 3236 2936 Das Tage
2955 2916 3239 3002 Wir veröffent¬
2956 2990 3241 3054 bekannten Sch.
2966 3041 3240 3106 wegen unbefrie¬
3162 3095 3243 3161 nah
2951 3215 3232 3286 21. Oktober 19
3028 3275 3232 3332 Gestern ha
3026 3321 3215 3377 Noch in
2947 3362 3202 3427 Intendant v.
2948 3410 3232 3478 Skrupel und so
2951 3461 3232 3524 kann für Hebbe
2947 3509 3228 3570 Verstehen find¬
2948 3559 3232 3626 „Hebbel verstär
2944 3609 3227 3671 seien Mannsieu
2939 3657 3229 3715 sam und stark
2942 3704 3228 3774 dann würde es
3015 3754 3224 3814 Und es gin
2936 3802 3217 3871 eingelegt. Ich
2937 3856 3045 3914 raste.
3006 3899 3087 3961 B.
3006 3946 3224 4018 Nach der
2932 3997 3115 4057 die Hand.
3014 4038 3227 4108 Ich war ga¬
3005 4097 3229 4155 Dariß er
2927 4136 3228 4204 die Auszeichnun
3001 4191 3229 4238 Ich lächelte
