3344 4320
1231 216 1710 314 box 44/10
183 205 1060 332 13. Miscellaneous
1578 1063 3263 1151 Studienjahres an eine gereizte Stimmung, die bei geringen Anlässen über Stiegen ist für
2949 1155 3266 1268 Nichts liegt nach
1593 1162 2813 1246 entzückende Aussicht nach dem Kahlen= und dem Leopoldsberg ge¬
592 1220 1363 1330 Bei der delle Grazie,
1586 1209 2992 1301 währen, wirkt wie ein Wahrzeichen ernster Arbeit und ästhetischer Dichter.
2949 1264 3274 1348 Auch hier zeig
1593 1286 2821 1341 Ordnungsliebe. Das alles umfängt den Besucher mit warmer
917 1286 1012 1363 Von
2843 1304 3263 1396 Dichterische auf die Di
1600 1334 2813 1392 Harmonie. Die delle Grazie ist in ihrer Ausdrucks
676 1323 1253 1440 Ilka Horowitz-Barnay.
2839 1374 3274 1436 hält Schnitzlerfü¬
1597 1381 2817 1443 weise hochinteressant. Jede Frage, die sie beschäftigt,
464 1377 1472 1483 Als ich beschlossen hatte, die delle Grazie
2835 1432 3274 1498 mehr vermöchte, als er
1498 1388 2813 1502 der nimmt sie mit gespannter Aufmerksamkeit in sich auf, sie ant¬
343 1432 1571 1535 ich hier die gesellschaftliche Titulatur von „Fräulein" rc. ebens¬
2843 1472 3270 1549 für einen echten, beden
1600 1469 2810 1535 wortet nicht gleich. Man sieht förmlich, wie sie darüber nach
347 1527 2817 1575 wenig geben kann, wie etwa der Duse oder der Rosa denkt, wie sie in die Tiefe taucht, wie sie sich konzentriert, um
2843 1524 3234 1586 bach entzückt sie
347 1556 1578 1626 Bonheur — aufzusuchen, um ihre nähere Bekanntschaft zu
2843 1556 3277 1630 Humoristen, als der sie
1600 1575 2821 1630 die Summe ihrer Gedankenarbeit fertig herauszuholen. Wenn sie
351 1611 1571 1677 machen, da wurde es mir plötzlich klar, daß ich einer richtigen
1600 1615 3277 1681 dann spricht, so geschieht das mit fast südlicher Lebhaftigkeit, aus gewürdigt wird. Wenig
351 1659 1575 1732 wirklichen Dichterin noch niemals Aug in Aug gegenüber
2843 1666 3277 1736 Hauptmann. Si
1600 1662 2813 1728 einem schön=bewegten Temperament heraus, das ihrer Rede einer
351 1710 1571 1772 gestanden war. Es gab mir förmlich einen Ruck. Und sofor
2839 1706 3274 1779 Schulbeispiel und „Han
1600 1714 2813 1776 durchwegs kräftigen Rhythmus verleiht. Sie lacht laut und herzlich
351 1750 1571 1823 begann meine Phantasie zu arbeiten, und ich war bemüht, mi
1600 1761 3270 1823 und hat eine merkwürdig charakteristische Beweglichkeit der rechten sie hält Hauptmann ni¬
351 1798 1578 1863 eine Vorstellung zu machen von Wesen und Eigenart eine
1600 1812 3274 1896 Hand, die ihrer Rede ausdrucksvoll sekundiert. Aber es fliegen kennen muß, daß er
354 1852 2821 1918 Dichterin, von ihrer Lebensführung und ihrem Temperament, auch tiefe, melancholische Schatten über ihre beweglichen Züge,
2846 1852 3109 1936 schaffen weiß.
351 1900 1571 1962 Vor allem beschäftigte mich die Frage: Würde sie aus ihre
2952 1893 3274 1969 Ich war neugier
1600 1904 2813 1962 namentlich wenn sie davon spricht, daß sie seit ihrer frühesten
351 1936 1575 2010 Welt in die meine herüberkommen? Würde sich ein Gedanken
1600 1944 3277 2013 Kindheit fast immer einsam gelebt, daß sie sich nur schwer an halte Ibsen", meint sie
354 1995 1578 2064 austausch herstellen, der beiden Genuß und Bereicherung böte
2843 1995 3277 2068 seinen frühesten Werken
1600 1999 2777 2075 Menschen angeschlossen und niemals eine Freundin besessen hat.
1710 2039 3277 2116 „Ich habe mich im Wesen und auch morphologisch seit „Kronprätendenten, al
457 2046 1578 2112 Und Fragen realistischer Art drängten sich auf: Wie lebt
2850 2101 3274 2159 späteren partikulär nor
351 2097 2824 2163 wie wohnt, wie kleidet sich eine Dichterin? Bis in die meiner Kindheit kaum verändert", sagt sie und in der Tat zeigt
354 2145 3255 2211 Haizingergasse hinaus rumorten Fragen und Zweifel in meinem eine ihrer Photographien als siebenjähriges Mädchen vollkommene Tolstoi in keinem
2850 2189 3274 2258 „Anna Karenina". D
1597 2189 2817 2254 Aehnlichkeit in den kindlichen Zügen, den Ausdruck schwermütigen
354 2200 1575 2265 Gedankenapparat, und siehe, als ich bei der delle Grazie eintrat
2843 2236 3277 2313 werk. Aber für den Ge¬
358 2243 2821 2324 als sie mir warm und herzlich entgegenkam, mir kräftig die Hand Ernstes, ja einen über das Kindesalter hinaus gereiften forschender
2854 2284 3274 2353 jewsky, den Seel=
358 2295 1951 2353 drückte, — da lachte ich mich und alle meine Skrupel sofort sehnsüchtigen Blick.
2850 2327 3274 2401 sagte: „Daß er von ih
1710 2309 2821 2404 Ich bin überzeugt, daß dieses merkwürdige Gemisch von
358 2342 1582 2404 innerlich herzhaft aus. Dichterin? Jawohl, innerlich fraglos
2843 2379 3281 2455 habe." Die delle Grazi¬
351 2382 2813 2448 Jeder Gedanke, jede Sensation! Aber äußerlich? Gottlob, nein! Licht und Schatten, von hellem Temperament und dunkler Ge
2846 2422 3281 2503 Denkerin, der kein ge¬
1600 2433 2821 2499 dankentiefe in einer Ausgesprochenen Rasseneigentümlichkeit wurzelt.
354 2433 1575 2503 Keine Spur von Absonderlichkeit, von Unnatur. Eine liebens
2843 2474 3277 2543 lebt — wie nicht and
1706 2477 2817 2547 Die delle Grazie entstammt einer alten, bis ins XIII. Jahr
351 2477 1578 2547 würdige, warmherzige, temperamentvolle, hochkultivierte weiblich
2591 2517 3281 2598 der citta¬ tüchtigkeit, jener sittliche
358 2514 2565 2591 Erscheinung, einfach und natürlich, auch wenn sie die tiefsinnigsten hundert zurückreichenden venezianischen Familie —
2850 2565 3288 2642 scheint als die Fahnen
354 2572 2821 2642 Dinge aussprach, ein reiner, großer Mensch, den man sofort dinanza originaria Veneziana — und sie erlebte ihre früheste
358 2616 3259 2689 empfinden und verstehen mußte. Und so wurde denn die kurze Jugend bis zu ihrem neunten Jahre in Ungarisch=Weißkirchen, als wir von Nietzsche
1608 2667 3274 2737 Nach ihrer Schilderung war sie immer ein träumerisches, ein „ver starken geistigen Selbst¬
358 2675 1582 2748 Plauderstunde für mich wie eine intime Aussprache mit einem
1608 2715 3248 2784 stiegenes Kind und ihr Blick schweifte schon damals in stiller nicht ohne weiteres
354 2722 1524 2795 engbefreundeten Menschen, den man leider nur zu selten sieht.
475 2759 3255 2843 Noch ehe ich erzähle, was wir miteinander gesprochen, Sehnsucht über die alten Römerstraßen, nach den sichtbaren Trajans aber sie verdammt es
354 2802 3281 2897 muß ich als Frau und Hausfrau über das Wohnzimmer der tafeln jenseits des anderen Ufers. Die eigenartige Landschaft mit aus dem Grunde schie¬
2839 2854 3266 2923 interessante Entwicklung
354 2868 2821 2945 Dichterin sprechen. In dem schönen, anheimelnden Raum, der ihrem melancholisch=tragischen Charakter, die rumänische Bevölkerung
354 2905 3281 2989 ohne jene aufdringliche Pracht, aber mit wohltuender, bürgerlicher mit ihren klassischen und an die alten Lateiner gemahnenden Ge¬ weil er meist in Aphori¬
354 2952 3292 3036 Eleganz ausgestattet ist, stört nicht die leiseste Dissonanz das stalten, ihren schönen Weibern, alles das prägte sich bildhaft in halten. Selbstverständlich
354 3011 3281 3080 Auge. Keine Bohmegenialität, keine sogenannte künstlerische das phantasievolle Gemüt des begabten Kindes. So vereinigten für den hervorragendste
2843 3051 3259 3120 geahnten neuen Glanz
362 3062 2813 3131 Unordnung, die bei der kultivierten Frau nur auf Nachlässigkeit sich altererbte Kunst= und Lebfreudigkeit des strahlenden vene
2839 3098 3281 3168 sondern für ein epochem
1608 3109 2813 3171 zinischen Elements mit den düsteren Jugendeindrücken und
362 3117 1571 3182 schließen läßt; die Dichterin verschmäht es nicht, eine gute, sorg
2945 3142 3270 3212 Bei dieser Geleg¬
365 3153 2737 3270 same Hausfrau zu sein, ohne daß ihr die leiseste Pedanterie nach befruchteten die hervorragenden dichterischen Fähigkeiten
2817 3164 3274 3274 dem Gedanken an einen
354 3212 1834 3296 ginge. Ihr Schreibtisch, der zwischen zwei Fenstern steht, die eine delle Grazie.
