3344 4352
268 176 1138 316 nous
1323 198 1795 307 b 44/10
711 1334 1922 1415 auf geradezu unglaubliche, für uns direkt unverständliche Art und
185 1353 582 1460 sul Schlenther.
713 1404 1767 1490 Weise herauszufordern. Besonders die Wallensteingeschichte
782 1452 1108 1505 Was war damit
775 1454 1922 1555 „Er läßt den Prolog in einem Zimmer sprechen. Dieses Zimmer
305 1473 651 1566 (Nachdruck verboten.
715 1531 1920 1587 sei — wie er den Herren der „Neuen Freien Presse“, des „Fremden¬
704 1570 1920 1634 blattes“ und des „Vaterlandes" gesagt haben soll mir sagten es
195 1559 679 1656 rgtheater?" fragte ich Her¬
711 1608 1916 1669 wenigstens die Herren, das Schillerzimmer in Marbach. Natürlich
1791 1658 1916 1718 Darau
711 1662 1761 1724 schrieben dies auch die drei genannten Blätter.
253 1645 683 1722 Vor acht Jahren lernte
195 1694 1922 1755 weil er uns Junge unter veröffentlich Schlenther: „So etwas könnte nur in dem
722 1735 1922 1806 Hirn eine Reporters entstanden sein.“ Nun müssen Sie
256 1755 679 1817 innig befreundet und
711 1785 1875 1836 bedenken, daß die Wiener Journalistik — anders als die Berliner
238 1782 679 1862 Schlenthers utriquen
711 1821 1922 1886 solidarisch denkt. Wird ein Reporter angegriffen, gilt das genau so
200 1845 679 1896 ren nicht
711 1868 1924 1922 viel, wie wenn ein Chefredakteur oder Feuilletonist angegriffen würde.
202 1877 685 1937 hardt zu mir und bat
251 1911 1907 1974 sei der einzige Mann in Das ist bei uns gleich. Wir sind alle Eines: Leute der Feder
713 1948 1920 2006 Die Empörung in Wien ist grenzenlos, sage ich Ihnen. Ich schreibe
191 1965 683 2023 zeiten. Das haben wir Alle
715 1997 1920 2055 ja keine Kritiken mehr, sondern Burkhardt schreibt sie für mich. Seit
200 2004 674 2068 er trotzdem hat er uns ent¬
713 2034 1920 2107 vier Tagen thue ich nichts anderes — ob Sie mir glauben oder nicht
200 2040 681 2111 scht ihn kein Mensch mehr
765 2079 1922 2139 als die Gemüther über Schlenther beruhigen. Denn es kann das
198 2085 674 2139 m Burgtheater eine große
711 2120 1793 2186 nur eine Verirrung sein, und ich glaube noch an Schlenther.
206 2135 681 2186 erstens ist er der große,
775 2163 1825 2229 „Und was sagen Sie zu unserer literarischen Richtung jetzt?
200 2169 681 2227 sicht modern, so doch der
784 2203 1911 2261 Sie geht zum Romantischen zurück. Der Höhepunkt des Natura
193 2212 687 2278 was geschieht? Er schmeist
200 2259 1913 2306 andre, hienolle Wittismus ist vorbei. Wir müssen etwas Neues haben. Sagen Sie
715 2289 1926 2349 was Sie wollen, ich halte den „Eroberer“ von Halbe, wenn auch nicht
195 2298 676 2358 lart, ehe sie an der Burg
713 2330 1920 2390 für ein reines Kunstwerk, so doch für ein Stück, das uns die neue
210 2339 679 2401 oder Jglau, Ich beschwer
715 2379 1916 2444 Bahn eröffnet, die wir Alle gehen werden. Wir müssen zum est
193 2375 676 2448 ter Schlember behandelt sie
719 2416 1815 2480 zurückkehren, der die großen Sachen der Menschheit behandelt.
200 2422 672 2485 nicht bieten lassen. Das ist
198 2461 674 2523 weite ist das Unfaßbare
775 2463 1621 2525 „Weshalb fiel dann „Cyrano in Wien so durch
193 2502 679 2566 von Meyer an der Burg
773 2487 1926 2568 „Cyrano ist ein Stück für Wien wie geschaffen, und mit Kainz
193 2545 679 2616 das Josefstädter Theater
711 2523 1922 2609 würde es kolossale Wiederholungen erfahren. Aber die Wiener Auf¬
219 2588 681 2652 Speidel schrieb: Es giebt
715 2590 1920 2646 führung ist hundemiserabel. Hartmann ist elend, während Herr
191 2616 672 2697 hheit gehabt hätte es auf¬
713 2637 1920 2689 Thimig, Frau Reinhold, Herr Devrient Karikaturen ihrer Rollen
711 2684 1913 2753 waren, wie sie keine Provinzbühne bietet. Selbst in einer nur mittel
202 2680 672 2753 te Schlenther wirklich un¬
195 2717 378 2777 verstehen.
711 2710 1707 2779 mäßigen Aufführung könnte das Stück oft und oft gehen.
198 2762 303 2813 das
780 2749 1866 2813 Wen halten Sie für unseren bedeutendsten deutschen Dichter?
775 2800 1922 2860 „Sudermann ohne Frage, insbesondere im „Johannes, den ich
236 2772 674 2865 Schlenther sei eben nur
715 2833 1920 2897 noch nie aufgeführt sah. Aber beim Lesen des Werkes überkam es
208 2822 679 2910 Schaut Euch den Bukovics
722 2891 1916 2940 ich so gewaltig, wie bei Tragödien von Otto Ludwig und Hebbel
191 2891 679 2955 glänzendes Theater hat er
232 2927 681 2981 ste Theater Wiens. Der
715 2931 1928 2987 von der Wiener Schule ist Hugo v. Hoffmannsthal. würklich
191 2966 674 3026 deutscher. Darauf kann ich
722 2981 1922 3037 großer Dichter, während Schnitzler und ich ja kannette Theater¬
195 3015 668 3075 ist aus Elberfeld, und wie
719 3011 973 3090 schen und
758 3037 1922 3112 Nun ergriffe, Frau Bahr, das Wort: „Ja, und zum Theater¬
193 3058 674 3131 seit 1 Jahren gestaltet.
704 3097 1920 3180 menschen habe nur ich ihn gemacht, und ich habe ihn veranlaßt,
713 3137 1050 3204 tücke zu schreiben.
225 3168 672 3238 Meinung eines Menschen
853 3150 1913 3241 f, ein großes Verdienst hab' ich mir um die dramatisch¬
223 3223 674 3275 hat, so liegt es glaube
707 3217 1911 3284 Kunst erworben, nämlich daß ich meine Frau von der Bühne na
193 3268 674 3320 t, man könne den Wienern
713 3277 1909 3342 genommen hat. Ein zweiter Laube, hab' ich die deutsche Bühne
195 3309 1024 3378 in nicht ernst zu nehmen. Rose Joel besen.
195 3354 679 3404 ich nicht. Es war es bis
760 3337 1138 3415 Der Friseur erschien.
734 3372 1499 3466 „Bubi, Tu must Dich jetzt rasiren lassen!"
206 3393 668 3470 nun beginnt er die Presse
2021 1349 2856 1432 „Na, denn los. Wir können ja trotzdem reden."
2021 1404 2362 1450 „Das denke ich auch
2014 1422 3163 1512 Bahr wird eingestift. Ziemlich viel Seife. Sein Gesicht ist ganz
1963 1452 2148 1548 on rund
2021 1497 3163 1606 sieht er nicht aus wie ein verunglückter Tenor, der Kellner ge¬
1954 1570 3165 1626 worden ist?" fragt sie lachend — sie lacht nämlich bildschön — und
1961 1611 2412 1679 kraut ihm in den Haaren.
2008 1626 3165 1718 Ich verstehe diese Anspielung auf Mierzwinsky nicht und frage weiter:
2014 1707 3168 1759 „Hören Sie mal, Neumann-Hofer meint, Sie seien der glänzendste
1965 1733 3165 1800 Journalist und könnten viel mehr auf dramatischem Gebiete leisten
1959 1793 3099 1830 wenn Sie die Journalistik an den Nagel hängen würden. Han
2006 1819 3161 1886 Das eingeseifte Gesicht lächelt gutmüthig: „Recht hat er, aber leider
1965 1868 3165 1939 bin ich verheirathet, und meine Frau kostet viel Geld; und das kann
1969 1916 2839 1982 ich einstweilen nur mit der Journalistik beschaffen.
2014 1956 2549 2017 Frau Bahr furt schon wieder.
2010 1969 3159 2059 „Bubi ist fertig rasirt und sein Kopf taucht in ein riesiges Wasch¬
1959 2023 3163 2102 becken. Wieder ans Tageslicht kommend, wirft ihm seine Frau zwei
1971 2085 3183 2150 handtücher über den Kopf und trocknet ihm im Tempo eines Allegro
1954 2128 2409 2182 furioso das theure Haupt.
2012 2152 3172 2244 Ich kann nicht umhin zu bemerken: „Donnerwetter. Ihre Fra¬
1952 2197 2702 2270 kann Ihnen aber den Kopf famos waschen.
2023 2221 3163 2309 Kann sie auch," ruft eine halberstickte Stimme unter dem Handtun
1965 2283 3103 2354 hervor. Ihre ganzen Bewegungen haben etwas Reisenhofersches."
1959 2343 3159 2405 bestätigte es auch. Er meinte darauf: „Ja, nur hat die Reisenhofe
1954 2382 2362 2433 einen schöneren Nacken.
2012 2405 3161 2495 Ich bedauerte, darüber bei dem hochgeschlossenen Kleid der gnädige
1965 2465 2504 2525 Frau nicht urtheilen zu können.
2006 2485 3178 2571 Während er nun frisirt wird, bekomme ich noch einen Sherr¬
1956 2540 3168 2609 Brandy, eine Virginier und die Schlußdaten: „Geboren am 19. Juli
1967 2594 3157 2648 1863, absolvirte ich das Gymnasium und die Universität in Graz
1959 2635 3129 2687 Wien, Czernowitz und Berlin, wo ich Seminar bei Wagn
1967 2678 3114 2727 hatte, den ich heute noch verehre, und bei Schmoller,
2049 2719 3159 2777 heute noch nicht ausstehen kann. Philoso¬
1959 2757 3120 2809 Nationalökonomie. Meine erste Stellung hatte ich 1892
1959 2805 3159 2863 sei der „Deutschen Zeitung", wo ich alles war in ein
1959 2845 3148 2897 Person, bis ich 1894 Die Zeit gründete. 1895 habe ich
1965 2886 3146 2940 vel occolo — geheirathet, wodurch ich die ganze Misere
1954 2933 3122 2979 heaterlebens kennen gelernt habe. Mein erstes Stück. Die
1961 2972 3075 3019 Menschen", flog an der Berliner Deutschen Bühne im Jahre 1
1969 3013 3148 3064 Jahre 1891 das zweite, „Die häßliche Frau, am Lessing=
1965 3058 3133 3101 denfalls durch. Dann kam „Die Mutter", mein beste Stück. Das
1971 3092 3054 3148 Das Tschapel 1895 im Carl-Theater und Lessinger,
1971 3142 3043 3193 Josephine am Volkstheater mit großem Kassenerfolg — und
2047 3185 3028 3249 ich mit „Der Stat am Lessing=Theater durch. Ein neu¬
2040 3223 2650 3262 Athlet, ist auch schon fertig.“ —
2032 3243 2901 3320 war auch fertig, ich auch fertig, daher ging ich¬
2933 3292 3071 3365 Mey
2115 3348 3062 3445 et die Prophetengabe Bahrs Schiffbruch gelitten,
2809 3393 3125 3481 ein schöner Er¬
