3392 4352
293 157 1154 282 13 Miscellaneous
1340 192 1822 289 box 44/10
464 773 1517 895 Die Capus und die anderen Ausländer.
369 862 1521 954 In der morgen erscheinenden Nummer der „Danzerschen
377 930 1517 991 Armee-Zeitung" lesen wir folgende treffenden Worte:
377 981 1521 1045 Die Waffenbrüderschaft im Felde hat in Deutschland
381 1028 1521 1092 auch in literarischen und künstlerischen Dingen ein
371 1072 1519 1140 gesteigertes Interesse für Oesterreich hervorgerufen. Dies
369 1123 1515 1187 beweisen nicht allein die Neugründung der „Oester¬
373 1181 1513 1243 reichischen Bibliothek des Leipziger Inselverlages und
369 1210 1515 1290 die Erfolge der Wiener Modebestrebungen auf deutschem
377 1267 1517 1334 Boden, sondern auch die Gestaltung der Spielpläne der
375 1315 1513 1383 deutschen Theater. So wurde beispielsweise in einem
371 1368 1511 1432 großen französischen Freilufttheater, die sich im Bereiche
373 1414 1513 1484 der deutschen Armee befinden, von ersten deutschen
383 1461 1511 1535 Schauspielern Grillparzers unvergängliches Lustspiel
402 1515 1513 1573 Weh dem, der lügt!“ aufgeführt. Das Hamburger
383 1566 1517 1626 Schauspielhaus kündigt für die kommende Spielzeit einen
381 1612 1515 1663 Zyklus von Werken österreichischer Dichter in chrono¬
377 1659 1515 1727 logischer Reihenfolge an, um, wie es in der Verlaut¬
371 1702 1521 1770 barung heißt, „das dramatische Schaffen auf der
390 1752 1511 1820 Seite unserer Bundesgenossen von Beginn des vorigen
379 1797 1517 1867 Jahrhunderts an bis zur heutigen Zeit auf die Bühne
379 1855 1517 1919 zu bringen.“ Aber auch in den Spielplänen aller an¬
371 1898 1505 1962 deren deutschen Bühnen nehmen die Werke österreichischer
373 1948 1507 2016 Dichter einen sehr breiten Raum ein. Leider sehen wir
375 1997 1505 2067 aber vielfach auch einen Anlaß zu dieser Bevorzugung
367 2045 1507 2110 österreichischer Autoren, der uns mit gemischten Gefühlen
375 2098 1505 2154 erfüllt: Der Krieg fegte die gewohnte leichte französische
381 2141 1507 2207 Ware aus der deutschen Offentlichkeit und die Capus,
371 2193 1502 2253 Cavuillet und de Flers, Richerin, Becque, Lavedan usw.
365 2236 1509 2300 dürfen nicht erscheinen, zum Schmerz der Theaterleiter
369 2294 1507 2356 und des unkritischen großen Publikums, die die pikante
365 2335 1505 2401 und flotte Mache bitter entbehren. Hier erscheint nun
369 2382 1502 2455 jene gewisse Gattung von Wiener Literaten als Rettung,
375 2442 1503 2500 wobei die Waffenbrüderschaft, Grillparzer, Raimund und
377 2483 1502 2547 Anzengruber nur den Vorwand bilden. Die Auern¬
369 2529 1505 2597 heimer, Salten, Schnitzler, Hirschfeld, Hans Müller
365 2587 1494 2638 usw. usw. machen ja ihre Sache beinahe ebenso reizvoll,
369 2626 1503 2690 anzüglich, vieldeutig und leicht obenhin wie die
369 2673 1422 2733 Franzosen, man merkt kaum den Unterschied.
369 2725 1500 2793 Daß die Ware, die wir solcherart exportieren — vor
363 2782 1502 2846 allem die Wienerische Operette, die ja auch schon vor
357 2822 1496 2887 dem Kriege den deutschen Markt beherrschte — minder¬
363 2865 1500 2931 wertig ist, wäre an sich kein so großes Unglück — wem
365 2916 1500 2980 das seichte Geplätscher und das gedankenlose Geklingel
371 2968 1500 3026 gefällt, möge sich daran ergötzen — aber leider hat
365 3019 1494 3089 dieser Export minderwertiger literarischer Ware noch
359 3067 1496 3131 eine unvorhergesehene, höchst bedauerliche Wirkung:
357 3110 1492 3182 Unsere Freunde im Deutschen Reiche bilden sich ganz
363 3159 1498 3228 unwillkürlich nach den geistfunkelnden und gleichzeitig
363 3205 1498 3261 sentimentalen und stets zum Ehebruch geneigten Männ¬
363 3260 1494 3328 lein und Weiblein dieser Wiener Salonstücke und nach
369 3370 1494 3438 den niedriggestirnten Tenorhelden der Operettentexte ihre
363 3427 1494 3500 Vorstellung von dem Wesen des Oesterreichers. Aber
363 3471 1494 3547 aus den Werken der Auernheimer und Salten spricht
359 3520 1494 3576 auch nicht ein Hauch des wirklichen Wiens, geschweige
359 3572 1500 3642 des wirklichen großen Oesterreichs und wir wollen so
363 3621 1490 3704 oft und so nachdrücklich wie nur möglich unsere schwache
371 3671 1331 3757 Stimme gegen solche Mißverständnisse erheben!
2840 1125 3345 1206 Situationen zu stellen, wenn
2115 1119 2784 1253 Tagesbericht.
2840 1183 3366 1247 der Alltäglichkeit sehen wollen,
2560 1193 2803 1272 a
2844 1232 3304 1296 Szenen, die Beschränkung
1867 1222 2760 1313 L'esprit du coeur auf der Bühne.
2842 1276 3347 1344 fordern, wie ermöglichen Sie
2129 1294 2488 1362 Von Marcel Schulz.
2834 1321 3242 1395 vor uns erstehen zu las
1805 1333 2809 1418 Aus einer in der Alliance Française abgehaltenen Conference.
2842 1342 3355 1449 verständlich zu machen, ei
1843 1379 2807 1469 Jeder hat eine andere Auffassung von der Bedeutung
2850 1414 3015 1482 schildern?
1801 1406 2803 1515 des Theaters: die einen wollen ihm durchaus eine mora¬
2935 1449 3353 1535 Daß die Frage doch lot
1812 1478 2803 1558 lische, erziehende Rolle zuteilen, in der festen Ueberzeugung,
2838 1513 3345 1587 Donnay, Porto-Riche, und
1803 1523 2807 1605 daß es ein verfeinerer Automat für beredte Strafpredigten
2842 1568 3355 1628 zustande gebracht? Mit Hilf
1805 1571 2805 1653 gegen die Laster der Gesellschaft sei; andere wieder bevor¬
2840 1616 3359 1680 fälligen kleinen Gottes, der sie
1807 1624 2803 1696 zugen heftige Erregungen; andere suchen im Theater bloß
2842 1661 3351 1717 Lippen zu setzen braucht, um
1807 1669 2803 1750 Zerstreuung, groben Witz, Nervenkitzel oder gar bloß ein
2836 1702 3361 1783 Seele hervorzuzaubern. Dieser
1795 1721 2805 1803 angenehmes Schlafmittel. Ich würde nicht fertig werden,
2834 1750 3133 1832 als der „Esprit.
1797 1754 2803 1832 wollte ich alle die Gründe aufzählen, die Pariser und
2929 1775 3351 1861 Vor einiger Zeit, als
1801 1805 2797 1888 Wiener dazu treiben, sich zwischen sieben und zehn, oder neun
2828 1849 3353 1923 reizenden französischen Stücke
1801 1849 2805 1952 und zwölf, in diese seltsamen Gebäude zusammenzudrängen,
1793 1896 2203 1964 die man Theater nennt.
2828 1898 3345 1970 ma femme“, schrieb J. N.
2824 1944 3347 1999 auf den „Esprit" und sagte
1894 1942 2791 2026 Beobachten wir aber vor einer „Premiere etwas ge¬
2819 1993 3337 2055 es nicht glauben, aber der „E
1793 1972 2795 2057 nauer diese kaum merkliche innere Unruhe, die durch das
2824 2040 3347 2106 Herzen einen reizenden, innige
1789 2030 2791 2108 Publikum zittert, so muß es uns zum Bewußtsein kommen
1785 2082 2791 2156 daß hier doch eine Anzahl von Menschen vor allem darauf
2925 2086 3339 2158 Schnitzler Donnay und
1783 2129 2787 2213 ungeduldig wartet, einige Stunden lang ein intensiveres
2819 2125 3335 2201 gepriesenen dramatischen
1793 2166 2789 2253 Leben zu leben. Ich erinnere mich, wie einmal, bei der
2828 2189 3322 2249 „Esprit" und Herz in dieser
1785 2216 2791 2292 Aufführung des „Duel“ von Lavedan, eine Dame hinter
2822 2226 3347 2302 also, was aus dieser Verbindu¬
1785 2263 2791 2350 mir plötzlich, ohne die geringste Pose, ohne die mindeste
2821 2277 3347 2327 reich entsprungen ist, und ver¬
1783 2310 2787 2395 Affektation, plötzlich ausrief: „Ah! j'aime le théâtre,
2824 2321 3337 2403 Theater zu legitimieren, da sie
1783 2358 2776 2432 parce que c'est la vie exaltée de l'esprit et du coeur!
2933 2372 3329 2444 In den meisten ihrer
1783 2399 2181 2473 Ob sie nicht recht hatte!
2815 2422 3347 2486 nannten Dramatiker mitten in
1884 2457 2789 2541 Wenn aber das Theater wirklich eine Steigerung des
2821 2463 3345 2519 das Leben, wo keine theatral
1783 2477 2776 2580 Geistes- und Seelenlebens hervorrufen soll, wie kann er
2819 2517 3341 2580 Handlung während eines Alt¬
1777 2535 2786 2624 diesen Zweck erreichen? Mit anderen Worten, wann sehen
2813 2560 3341 2611 in so kurzer Zeit so viele E¬
1783 2591 3341 2657 wir uns am meisten ergriffen, wann fühlen wir uns in Dialoge, in welchen troß allem
1789 2642 2782 2718 unserem Geiste am meisten geweckt und leicht? Ueber den
2813 2652 3345 2706 aus denen Charaktere lebendi¬
1779 2673 2780 2770 Punkt gerät man oft in Irrtümer, denn wir sind geneigt,
2813 2700 3339 2776 alles dank dem „Esprit des
1781 2723 2786 2803 die stärkste Wirkung, den außerordentlichsten Situationen
2920 2745 3335 2813 Dieser „Esprit" des
1777 2770 2776 2852 beizumessen, die man übrigens „dramatisch" zu nennen
2817 2768 3331 2855 nicht etwas Abstraktes, Un¬
1774 2819 2772 2898 übereingekommen ist, den Lustspielszenen, wo die „Charge
2813 2842 3335 2900 hübsches Wort, das vielerlei
1783 2863 2778 2947 sich bereits dem Unsinn nähert. Und doch steht das nicht
2815 2888 3320 2956 wort", wie Sie sagen, ein,
1785 2910 2776 2997 höher, als die einfache Erschütterung der Nerven, wie sie
2819 2927 3324 2990 sagen, und ich möchte Sie auf
1783 2964 2784 3042 etwa einen Schuß auf der Bühne begleitet. Nein, wir suchen
2815 2978 3318 3042 weisen, in welchen er zutage
1772 2995 2786 3089 vor allem im Theater, daß man uns lebenwahre Menschen
2819 3023 3331 3091 besten an den verschiedenen A
1772 3048 2776 3133 vorführe, die ein unmittelbares Echo in uns wecken, und
2813 3069 3316 3125 Donnay, Porto-Riche und
1774 3106 2776 3174 an denen wir Lust und Schmerz, Freude und Leiden
2815 3114 3312 3184 Temperament, dieser „Esprit
1777 3135 2780 3219 Hoffen und Verzichten sehen können — all das ohne grobe
2912 3166 3329 3230 Porto-Riche ist eine lei
1781 3186 3329 3281 Effekte, ohne grelle Farben, ohne falsche Beleuchtung, der feinen Stimmung, zu de
1783 3223 2782 3308 Freilich verlangt die Bühne ihre eigene Perspektive, ihre
2815 3261 3337 3316 stellt er sie in einem Augenbli¬
1774 3293 2776 3357 eigenen Gesetze, und wenn Sie dem Dichter das Recht ab¬
2809 3306 3331 3355 wo jede Ausdrucksfähigkeit üb¬
1775 3316 3331 3413 sprechen, seine Personen in aufregende und ungewöhnliche weint, aber man weint nicht be¬
