3296 4352
1294 192 1769 288 b 44/10
239 190 1106 299 13. Miscellanos
1075 941 1796 1031 Schweizer Illustrierte Zeitung
2914 976 2997 1041 485
930 1099 1926 1177 der seltensten Art schließt Straßer Arztschaft und Dichter¬
1998 1115 2995 1191 er sein glühendes Bekenntnis von dem Glauben in die Not¬
149 1141 848 1231 llung sind die Worte La possession du
934 1173 1926 1228 tum vollendet zusammen. Zuerst suchte er in seinen Schrif¬
1998 1180 3000 1235 wendigkeit zur letzten Wahrheit ab. Und in sehnsuchtsvollen
162 1217 857 1277 pas autour des canons. Auch der Pariser
927 1224 1928 1277 ten allem Zufälligen Sinn zu geben; aber bald verband
1998 1226 2995 1284 Gedichten (publiziert in den „Weißen Blättern) rief er die
155 1265 849 1321 etätigt sich als Romanschriftsteller. Neben¬
927 1272 1921 1328 sich das, was er erlebte, mit dem, was er ahnte, zu dichteri¬
2001 1273 2997 1331 Völker Europas zur Besinnung auf und stellte ihnen wie
160 1316 858 1377 einer interessanten Spezialität, nämlich
930 1321 1933 1382 schen Gebilden von großer Eindrucksfähigkeit. Er ließ in sei¬
1996 1330 2997 1381 einen Stern, der Verheißung ihre wahre Bestimmung vor
155 1363 851 1416 sen von reichen Amerikanern. Das „Ma¬
927 1375 1928 1425 nen Reisebüchern die Fremde vor uns erstehen — die end¬
1994 1372 2997 1432 Augen. Von Straßer erschienen „Das Pestschiff", „Wer
158 1411 858 1490 hm sein Bruder, ein berühmter Chirurg,
927 1425 1924 1481 lose sibirische Steppe, das blühende Japan mit seinen sonder¬
1996 1426 3000 1484 hilft?", „Gedichte", „4 neue amerikanische Dichter“, „Der
153 1458 851 1528 les Romain von der « Nouvelle Revue
927 1474 1921 1528 bar gewundenen Bäumen und das romantische Südamerika
1987 1481 2999 1548 Löwe Tolstoi, „Die Nervosität eine Zeitkrankheit?", „Das
151 1500 858 1567 des Zeichens ein Jünger Aeskulaps. Ro¬
930 1516 1924 1581 (Straßer durchquerte als junger Arzt alle Kontinente und
1996 1525 2997 1588 bekehrte Gespenst" (Ein Märchen, geschrieben im Jahre
151 1555 860 1616 el gehörten der literarischen Gruppe der
930 1567 1926 1643 befuhr alle Meere unserer Erdkugel). Aber er blieb nicht
1996 1571 2997 1641 3930) usw. Da Journalisten noch neugieriger sind als die
153 1606 858 1673 Etwa ein Dutzend dieser Männer lebten
922 1618 1928 1685 bei der bloßen Schilderung der Fremde; er verwandelte sozu¬
1996 1627 2999 1687 Frauen, reizte es mich ganz besonders, in Erfahrung zu
151 1664 849 1722 und wohnten zusammen. Sie setzten ihre
930 1669 1921 1725 sagen die Erde in Menschengestalt und brachte sie uns dann
1989 1676 2999 1736 bringen, warum Straßer in den letzten Jahren — ganz im
181 1717 858 1778 Arbeiten gemeinsam und ohne fremde
925 1724 1922 1782 durch die Eigenschaft seiner suggestiven Kraft nahe. Die
1989 1729 2992 1785 Gegensatz zu früher — in der literarischen Welt eigentlich
195 1766 858 1822 So besorgten sie auch die Drucklegung
922 1768 1926 1827 Menschen, die Straßer in der Ferne gefunden hatte, findet
1989 1776 2995 1833 wenig von sich reden machte. Sollte er etwa der Dichtkunst
151 1799 858 1875 in ihrer eigenen Druckerei selbst. — Auch
922 1817 1926 1877 der Leser in seiner Darstellung auch. Sie treten zu ihm
1987 1833 2990 1889 untreu geworden sein? Das wäre ein unersetzlicher Verlust
146 1861 858 1928 zer Dichtern unserer Tage gibt es viele
934 1870 1917 1931 heran und blicken ihm ins Auge, bis er ihnen seine Herzens¬
1996 1875 2992 1936 für das schweizerische Schrifttum der Gegenwart. Doch die
155 1922 851 1977 te. Dichter im Nebenamt z. B. ist Dr.
925 1915 1838 1977 türe ausmachen muß und sie zu sich eingehen läßt -
1993 1929 2986 1984 Leser dürfen sich beruhigen. Straßer hat mir das Geheim¬
151 1963 846 2028 Er hat im Valserdialekt (dem Dialekt sei¬
922 1972 1924 2031 ewige Kameraden, Freunde, Brüder. In der Praxis, die
1986 1979 2988 2035 nis seines mehrjährigen Stillschweigens gelüstet: seit dem
155 2017 851 2070 tales) die Geschichte „Archigi Lüt" und
925 2017 1926 2081 Straßer nach der Rückkehr in die Heimat eröffnete, lernte
1989 2026 2990 2088 Jahre 1918 hat er in aller Muße an einem dreiteiligen
157 2063 855 2125 a publiziert. Ferner in schriftdeutscher
925 2075 1926 2130 er in die letzten Tiefen der Menschenseele zu blicken. Vielen
1989 2074 2986 2135 Romanzyklus gearbeitet, der nun endlich druckfertig vor¬
151 2109 846 2170 an „Die letzten Schattenauer" und Reise¬
922 2119 1922 2176 Verzweifelten wurde er zum starken Führer. Hunderte, die
1993 2126 2988 2181 liegt und um dessen Publikation sich bereits die größten
151 2170 849 2218 Aegypten und Palästina. Ein geborener
915 2172 1921 2228 im Leben Schiffbruch gelitten hatten, erhielten durch ihn
1993 2181 2985 2242 deutschen Verleger bewerben. „Am 1918“ wird das große
151 2218 846 2274 r. O. Hinrichsen, Herisau. Als Drama¬
918 2220 1915 2281 neue Kraft und neuen Glauben. Die Mühseligen und Be¬
1993 2228 2986 2286 Werk heißen. Ueber seinen Sinn und Inhalt gibt der Unter¬
151 2255 853 2320 dem Namen „Otto Hinnerk" bekannt. Er
915 2265 1908 2327 ladenen, die ihn wie einen letzten Rettungsanker gesucht hat
1989 2285 2988 2341 titel „Chronik des Chaos" einigen Aufschluß. Was Straßer
158 2306 853 2373 se „Närrische Welt“, die Lustspiele „Graf
922 2320 1924 2378 ten, gingen einige Wochen oder Monate, nachdem sie mit
1986 2330 2988 2394 mir ausgeplaudert hat, will ich unsern Lesern verraten. Die
169 2358 839 2429 Liebesgarten", „Ehrsam und Genossen
925 2369 1917 2429 seinem leuchtenden, sieghaften Wesen in Berührung gekom¬
1993 2380 2985 2445 drei Teile des Buches heißen: Die Intellektuaille, die Durch¬
160 2417 853 2480 Liebhaberbühnen wird oft und gern sein
915 2431 1917 2480 men waren, wieder singend ins Leben hinein, neuen, ver¬
1993 2427 2981 2497 schnittlichen und die Enterbten. Mit dem interessanten Ab¬
151 2460 851 2527 et omen gespielt. Das Lessingtheater in
913 2468 1921 2536 heißungsvollen Zielen entgegen. Straßer ist ein lebendiger
1986 2483 2983 2548 lauf einzelner Schicksale verflechten sich Kriminalhandlun¬
164 2504 848 2568 nerzeit Hinnerks „Närrische Welt her¬
925 2522 1914 2587 Beweis dafür, daß ein Dichterarzt als Arzt nicht weniger
1986 2529 2979 2594 gen, Massen- und soziale Bewegungen. Der Gesellschafts¬
153 2566 849 2631 sien einen schönen Erfolg errang und dann
922 2571 1924 2633 zu leisten braucht als solche Aerzte, die mit der Muse der
1984 2577 2985 2642 kritik und Psychologie ist ein breiter Raum gewidmet. Aus¬
160 2617 849 2682 und schweizerischen Bühnen ging. In
925 2622 1917 2677 Poesie, der allezeit lieblichen, keine vertrauten Beziehungen
1984 2628 2985 2684 gehend von der Schieberzeit traurigen Angedenkens mündet
151 2672 849 2723 und Zeitungen findet man hin und wie¬
913 2675 1919 2738 pflegen, sondern daß ein Dichterarzt gerade als Seelenarzt
1993 2682 2985 2744 die Handlung in die Geschehnisse des Generalstreiks ein,
157 2716 851 2781 kleinere Erzählungen von Hinnert. Ein
915 2723 1924 2782 mehr leisten kann als solche Psychiater, denen Kunst und
1994 2726 2988 2782 führt aber dann aus der engeren Umwelt schweizerischer
157 2754 851 2825 ker nannte ihn einmal bezeichnenderweise
922 2772 1922 2830 Poesie müßige Tändelei bedeutet. Eine ganze kleine Armee
1984 2782 2983 2840 Verhältnisse in die internationalen Beziehungen und Zu¬
155 2818 848 2874 ernsthaften Narrentums". Einen ganz her¬
922 2826 1914 2879 gestrandeter Menschen lernte Straßer während des Welt¬
1989 2832 2983 2888 sammenhänge hinein, sowie in die Weltanschauung des Arz¬
157 2861 851 2935 Dichter und eine Persönlichkeit von un¬
915 2876 1928 2932 krieges in seiner Sprechstunde kennen. Da stellte er sich
1986 2877 2986 2932 tes und Dichters, der auf seiner einsamen geistigen Warte
151 2920 855 2978 maß besitzen wir in Dr. med. Charlot
915 2923 1917 2983 durch die packende Erzählung „In Völker zerrissen“ in die
1986 2932 2978 2999 über das Nationale in das gesamte Erdentreiben hinaus¬
148 2969 851 3030 scher Nervenarzt. Als ein Menschenfreund
922 2972 1915 3043 vorderste Reihe der Kriegsächter und ankläger. Hier legte
1984 2978 2084 3043 blickt.
1245 3101 1954 3255 Nun werde
2014 3108 2789 3255 ich für eine
1384 3294 2795 3419 Zeitlang keine neuen
1382 3415 2791 3563 Strumpfe benötigen.
1228 3635 2483 3725 Das habe ich der liebenswürdigen Ver¬
1224 3729 2476 3822 käuferin, die mich beim letzten Einkauf be¬
1228 3799 2478 3883 diente, zu verdanken. Meine Strümpfe sind
1238 3876 2482 3964 tatsächlich jetzt noch wie neu. Vergessen Sie
1231 3941 2478 4029 ja nicht, sie immer mit Lux zu wachen, sagte
1221 4017 2478 4110 sie mir Verwenden Sie nie schädliche
1226 4089 2485 4188 chemische Reinigungsmittel, weil diese das
