3344 4256
283 136 1139 258 13 Miscellanos
1327 159 1810 265 box 44/10
1425 750 1581 818 -
1264 786 2152 863 feierlichen Protest gegen die
208 802 299 890 we¬
333 813 2154 913 auch in scheinbar kleinen Angelegenheiten an sich, erstens einmal weil dem Gros der
342 901 1225 958 große Forscher war zu der Ansicht gelangt,
1264 901 2156 967 Berliner Bevölkerung das historische Bewußt¬
181 908 265 974 18.
333 951 1225 1006 die Stadt Berlin müsse als ehemalige Ange¬
1262 960 2152 1012 sein dafür fehle, daß Berlin einst Hansastadt
328 1003 1221 1058 hörige des alten Bundes der Hansa die rot¬
1264 1008 2152 1060 war; ferner aber führten doch auch Ham¬
337 1049 1228 1103 weißen Farben der Hansa wählen. Große
1259 1058 2152 1119 burg, Bremen, Lübeck sowie das Großherzog¬
337 1103 1223 1160 Geister sind ihrer Zeit stets um Dezennien
1253 1105 2156 1182 tum Hessen die rot=weiße Farbe, so daß es
324 1219 1216 1289 werden wir nicht so schnell vergessen. Dazu
1257 1230 2152 1307 jahrelang das unerfreuliche Schauspiel
322 1277 1214 1352 kommt noch ein wichtiger negativer Vorzug
1253 1291 2145 1368 mit ansehen müssen, daß dieser Dichter von
324 1336 1216 1395 dieser Saison: die neuwiener Poeten ließen
1255 1336 2143 1420 einer Sippe, wo immer er sich sehen
179 1330 288 1436 ?
324 1384 1207 1443 uns diesmal in Frieden. Und eine Saison,
1253 1388 1805 1463 ließ, verhöhnt wurde,
1884 1393 1964 1445 wie
2050 1393 2143 1452 etwa
331 1434 1223 1495 die ohne einen Schmachtlappen Schnitzlers,
172 1427 301 1504 sie ist
1388 1427 2134 1515 Straßenjungen einem Betrunkenen
328 1479 1212 1536 ohne eine Geckerei Hugo von Hofmannsthal¬
172 1481 294 1547 vorige
1255 1463 2136 1554 nachschreien. Er hatte diese Gesellschaft
331 1529 1212 1581 und ohne ein Gewitzel Herrmann Bahrs vor¬
181 1536 294 1599 Hoff¬
1259 1531 2136 1599 gerügt und über die Roheit einer
331 1581 1205 1640 überging, eine solche Saison soll uns drei¬
170 1586 299 1647 Herren
1255 1586 2136 1649 gewissen Kritik immer allzu berechtigt geklagt.
177 1626 686 1699 nen mal gesegnet sein.
1253 1635 2136 1690 Er hatte gezeigt, was in Berliner Theater¬
399 1647 1214 1744 Nun aber ergibt sich da eine Frage, die
1246 1678 2140 1746 kritiken möglich war: der eine Kritiker hatte
177 1683 294 1744 Kreise
333 1717 1216 1792 durchaus nicht ironisch gemeint sein soll, die
170 1733 292 1796 flogen,
1253 1728 2140 1792 von einer älteren Schauspielerin geschrieben:
349 1771 1207 1844 Frage: wo steckt Sudermann? Viele Jahre
1246 1789 2134 1846 „sie verbreitet Leichengeruch", der andere hatte
163 1787 292 1844 ninen
340 1830 1212 1905 hindurch hat er die Berliner Saison be¬
168 1830 301 1894 nicht
1250 1839 2136 1912 eine junge Künstlerin ein Nilpferd genannt.
337 1871 1214 1943 herrscht, hat seine Première neben dem
168 1878 308 1943 sodische
1246 1878 2131 1939 Diese Straßenjungentaten hatte Sudermann
333 1923 1207 1980 Hauptmannabend die große Geisterschlacht ge¬
1243 1937 2134 1991 gerügt, und nun flogen ihn die Pferdeäpfel
331 1973 1205 2032 bracht. Jetzt ist das zweite Jahr vorüber,
179 1975 292 2052 1908
1246 1984 2122 2038 um den Kopf, wo immer er sich sehen ließ.
324 2016 1207 2086 daß wir auf der Bühne nichts mehr von ihm
1320 2027 2136 2082 Und jammerschade wäre es doch, wenn ein
328 2072 1212 2136 hörten, und nun sehen wir uns nach ihm
165 2043 292 2134 in der
1246 2057 2131 2131 starkes dramatisches Talent, wie dieser Dichter
322 2125 1216 2199 um; wo steckt du, alter Kämpe, und wer hat
1246 2127 2131 2188 ist, sich durch solche Sippschaft von dem Felde
168 2122 299 2193 Rein¬
333 2163 822 2231 dir etwas zu leid getan?
1250 2179 2131 2231 verjagen ließe, das ihm so reiche Früchte ge¬
159 2172 297 2236 trennt
1250 2224 2131 2285 tragen hat. Elementen dieser Art imponiert
168 2224 290 2283 verliert
392 2193 1205 2288 Natürlich ist nicht nötig, daß der Dichter
156 2274 283 2335 blikum.
1250 2279 2131 2335 man nicht durch die altrömische Gebärde vor¬
322 2265 1203 2340 immer pünktlich zu Saisonbeginn mit seiner
1246 2324 2131 2376 nehmer Resignation; denen gibt man's mit
161 2326 292 2392 nigstens
328 2326 1205 2390 Ware antritt, so wie die Eierfrau Mittu och
1250 2371 2131 2426 der Faust aufs Auge. Und schreien sie und
159 2376 285 2435 ungen
322 2369 1203 2430 mit dem Wagen zum Markte fährt. Im
1250 2424 2127 2478 lärmen, daß man fortsoll, so bleibt man erst
152 2426 283 2482 der
322 2421 1207 2494 Gegenteil, der Premièrenzwang ist schädlich,
1234 2473 2127 2528 recht, schließt allenfalls das Fenster und schafft
149 2469 285 2537 schaft in
319 2473 1203 2532 und man könnte es einem Gerhardt Haupt¬
1241 2514 2122 2573 als wackerer Mann unbekümmert weiter. Das
154 2521 290 2584 cht
322 2519 1205 2582 mann nur von ganzem Herzen wünschen,
1241 2571 2125 2630 ärgert sie schließlich immer noch am aller¬
152 2571 288 2632 ieden
315 2575 1207 2632 daß er sich von dem Wahn freimache, er
1243 2616 1395 2693 meisten.
156 2621 288 2682 nutz¬
322 2618 1207 2677 müsse alle Weihnachten bei Brahm mit
149 2666 283 2729 die im
328 2668 1205 2747 einem fertigen Werke anklopfen. Dieser
1320 2648 2122 2741 Sudermann steckt die Leutchen, die jetzt
149 2718 283 2786 evolu¬
331 2723 1203 2781 Zwang entwürdigt, veranlaßt zu flüchtiger
1241 2716 2122 2777 die Bretter beherrschen, mit der größten Be¬
170 2766 285 2824 merk¬
331 2772 1203 2824 Arbeit, gerade so wie die Periodicität der
1241 2777 2122 2836 quemlichkeit allesamt in seine Tasche. Er
322 2815 1196 2895 Kunstausstellungen schon manchen Malers¬
1246 2820 2116 2881 hat das stärkste Theaterblut von all unseren
149 2863 285 2933 auch
322 2863 1203 2924 mann zu liederlichem Schaffen erzogen hat.
1246 2877 2120 2933 modernen deutschen Autoren, und wenn ihm
145 2911 281 2978 hnung.
331 2917 1194 2978 Wem an der Kunst mehr liegt als an den
1250 2922 2125 2985 Feinheiten fehlen, wenn sein Dialog und seine
161 2965 283 3028 dieser
322 2967 1203 3026 regelmäßigen Gang des Theatergeschäftes, der
1246 2976 2116 3035 Katastrophen der zarten lyrischen Stimmung
143 3015 283 3078 Haupt¬
324 3019 1200 3080 freut sich schon, wenn sich einmal ein recht¬
1234 3026 2127 3080 ermangeln, so kann das nur der beklagen,
149 3062 281 3137 heater¬
328 3067 1198 3123 schaffener Künstler für ein paar Jahre ein¬
1234 3069 2116 3126 der vom Theater Literatur verlangt und
181 3112 285 3173 Auch
324 3114 1205 3173 mauert und die Herren Interviewer die
1241 3121 2122 3176 nicht Theater. Die Szene erfordert starke
140 3160 285 3225 und
322 3169 836 3241 Treppe hinunter befördert.
1237 3171 2118 3246 Effekte, erfordert kräftige technische Linien und
149 3200 279 3273 vorge¬
392 3200 1205 3273 Aber bei Sudermann liegt die Sache doch
1243 3216 2113 3293 Strukturen und hat mit Stimmung nichts
143 3255 283 3316 itik es
319 3241 1196 3314 ein wenig anders. Es liegt da die Gefahr
1243 3266 2116 3325 zu tun. Nur bei uns in einer bis zur Per¬
149 3305 283 3366 ten im
319 3311 1196 3366 vor, daß dieser Künstler sich durch die Kritik
1241 3320 2113 3373 version raffinierten, überkritischen Kulturschicht,
149 3359 285 3420 hlings¬
324 3359 1196 3413 dauernd von der Bühne, auf die er
1241 3364 2111 3447 konnte der Aberwitz aufkommen, daß Theatralik
149 3409 279 3490 rah's
322 3409 1719 3493 hingehört, weggraulen läßt. Wir haben im Theater schädlich sei.
2193 811 2704 906 würde jest auf der Bast.
2190 872 3071 949 lichen russischen Vorschlage wer¬
2190 938 3078 994 tergeführt. Die Türkei vertrete hierbei den
2190 978 3071 1037 Standpunkt, daß die bulgarische Entschädi¬
2190 1026 3071 1078 gung von 125 Millionen Francs 47 an Ruß¬
2193 1078 3074 1128 land zu zahlenden Jahresraten gleichkomme,
2190 1121 3074 1185 während die russische Regierung nur 40 an¬
2265 1241 3074 1311 In allen andern Ländern verlangt man
2270 1293 3078 1373 der Szene starke naive Theaterkunst, im
2186 1341 3067 1404 England Shakespeares, bei den Franzosen,
2177 1391 3069 1459 die ja schließlich doch unser aller Meister sind,
2177 1438 3069 1499 und in Italien, wo der bretterfeste D'An¬
2177 1490 3065 1545 nunzio die Epoche beherrscht. Von den Süß¬
2190 1533 3062 1597 holzraspelern, die bei uns in Mode sind, will
2183 1590 3069 1644 da keiner etwas wissen. Deshalb kennt da
2181 1635 3062 1692 draußen keiner etwas von unseren Aller¬
2177 1690 3062 1746 modernsten, deshalb ist es grade unser ge¬
2183 1740 3065 1796 schmähter Sudermann, der Theatraliker, der
2177 1789 3060 1864 die gegenwärtige deutsche Szene als einziger
2181 1837 3053 1896 in Paris, in London, in Rom, selbst auf
2181 1884 2922 1941 den Bauerntheatern Siziliens vertritt.
2254 1909 3069 2009 Er soll sich sein Metier nicht verekeln lassen.
2174 1964 3051 2038 Er soll es einsehen, daß seine Stunde wieder
2165 2027 3051 2088 da ist, daß unser Geschmack schon jetzt wieder
2172 2079 3053 2143 leise, aber merklich von den Raffiniertheiten
2165 2131 3046 2193 weg auf klare, sichere Theaterkunst strebt. Auch
2177 2181 3051 2238 Wildenbruch hat einmal eine solche Periode
2165 2224 3053 2290 der Verbitterung durchmachen müssen, in der
2177 2279 3046 2335 Zeit nach der verunglückten Haubenlerche.
2172 2333 3046 2394 Dann kam er mit dem schlichten festen Vers¬
2165 2376 3046 2433 drama „König Heinrich" heraus und holte
2172 2424 3053 2501 sich den kamen Erfolg, den die neunziger
2172 2471 3037 2532 Jahre in Berlin sahen. Vielleicht liegt auch
2165 2521 3046 2582 jetzt beim Versdrama alten Stiles die Zu¬
2165 2578 3035 2650 kunft. Und vielleicht wird Hermann Suder
2156 2616 2897 2704 mann der Mann dieser Zukunft sein.
2226 2661 3044 2738 Das alles soll keine Reklame sein für
2165 2734 3037 2790 einen Mann, der die Reklame nicht braucht.
2159 2777 3042 2843 Man kann Sudermann aus der Geschichte des
2159 2829 3028 2886 Berliner Theaters nicht mehr fortstreichen,
2159 2886 3033 2942 und man kann seine Epoche auch nicht so
2165 2926 3035 2990 ohne weiteres verleugnen. Die Zeit, die den
2168 2976 2981 3028 starken Werken „Ehre" und „Heimat“
2165 3028 3037 3087 jubelte, ist vielleicht doch nicht ganz so dumm
2168 3076 3037 3135 gewesen, wie es jetzt die Jüngsten darstellen
2163 3126 3035 3185 mögen; sie wird vielleicht mehr Recht be¬
2165 3173 3035 3225 halten als die unsere. Aber es gilt, eine
2154 3225 3037 3280 Ungerechtigkeit wieder gut zu machen und
2154 3266 3035 3332 einem Mann, der jahrelang unser Führer
2154 3323 3028 3373 war, zu zeigen, daß nicht alle so denken, wie
2159 3370 3035 3443 die drei oder vier Schreier auf der schmutzigen
2163 3418 2310 3493 Straße.
2548 3418 2965 3499 Die eiserne Maske.
