3344 4320
241 203 378 290 13.
442 205 1103 324 Miscellaneous
1293 203 1767 304 box 44/10
2003 53 3212 188 de
2003 149 3197 232 der nach längerer Zeit wieder einmal Gelegenheit erhielt, ein Werk
2006 205 3191 268 Wagner's zu dirigiren und sich auch diesmal als bewährter Hüter
2002 256 3192 328 der Traditionen von Bayreuth erwies. Unter den Solistenleistungen
2015 304 3194 375 stand natürlich, wie stets, der glänzende Alberich des Herrn Takts
2003 360 3200 447 obenan. Annehmbar fand sich Herr Déri als Mime mit seiner heiklen
2002 393 2229 476 gabe ab.
2116 430 3195 530 Königstheater. Unter den seingestimmten Novellen, die
1996 492 3192 587 Hans Müller zu seinem „Buch der Abenteuer vereinte, gibt es
1996 576 3194 635 eine, die sich „Nux, der Prinzgemahl" betitelt. Sie erzählt, wie ein
2002 597 3192 670 junger, frischer Wiener Oberlieutenant von einer weniger jungen
1996 668 3192 731 und weniger frischen Duodezprinzessin zum Manne erkoren und
2051 716 3182 774 da es bei Prinzessinen keinen Widerspruch gibt — auch ge¬
1996 742 3188 828 heirathet wird und wie sich nun Nux in dem kleinen Herzogthum oben
2005 798 3183 876 für die Ueberrumpelung zu rächen weiß, indem er von seinen wesent¬
2009 849 3183 918 lichsten Rechten als Prinzgemahl nicht den geringsten Gebrauch macht.
2003 905 3197 971 Er und die Prinzessin, sie leben Beide trübselig und lieblos dahin, sie
2008 953 3197 1026 enttäuscht und verbittert, er entwurzelt, vom Heimweh nach seinem
2003 984 3201 1082 schönen Wien verzehrt. In die kleine Winkelresidenz aber hat sich
2003 1052 3188 1127 eine Wiener Damenkapelle verirrt und die blonde, fröhliche Prin¬
1999 1091 3176 1166 geigerin hilft erst Nur und dann sogar der Prinzessin aus alle¬
2006 1136 3176 1219 Noth. Denn wenn sie Abends auf dem Podium des kleinen Bier¬
2002 1193 3183 1269 gartens steht und von den Saiten ihrer Geige weiche wiegende
2000 1233 3179 1311 Walzertöne zu Nux hinüberschweben, so ist Nur glücklich, so glücklich
2003 1293 3188 1345 — daß es fast des weiteren verschwiegeneren Glückes, das sie ihm
2005 1324 3192 1415 schenkt, gar nicht bedürfte. Die Prinzessin aber ahnt, daß es die
1997 1377 3182 1464 Anmuth, die leichtbeschwingte Walzerfröhlichkeit Wiens ist, die
1996 1424 3177 1513 ihr Gemahl vermißt, und sie findet ein Mittel, ihm
1990 1488 3180 1562 etwas von dieser ins herzogliche Schloß zu zaubern: Sie nimmt,
2002 1541 3185 1612 ganz im Geheimen natürlich, Lektionen im Spielen von Wiener
1994 1580 3179 1652 Walzer, und diese Lektionen gibt ihr keine andere, als eben jene
1996 1627 3185 1707 blonde Geigerin, die freilich den Zusammenhang zwischen der Hoheit
1991 1684 3171 1755 und ihrem Nux nicht ahnt. Und so führt der Wiener Walzer dann die
1994 1719 3176 1797 beiden Eheleute doch noch zusammen und die kleine Geigerin steht
1990 1785 3164 1850 abseits, zerdrückt eine Thräne im Auge und findet, daß sie hier freilich
1990 1830 3173 1907 ausgespielt habe... Es ist eine ganz reizende Geschichte. Der
1991 1865 3173 1938 Uebermuth und die sanfte Grazie des Wiener Walzers steckt in ihr und
1990 1923 3171 1994 in der lächelnden Tragik der kleinen Musikantin auch seine leise Schwer¬
1997 1976 3171 2054 muth und Melancholie. Man versteht, daß diese Novelle Arthur
1993 2021 3168 2098 Schnitzler gewidmet ist und man versteht noch mehr, daß sie rasch zur
1991 2077 3170 2134 Operette verarbeitet wurde. Man sände wahrhaftig schwer eine zweite,
1985 2113 3170 2181 die sich so gut mit Walzermusik vertrüge, als diese, die förmlich aus
1991 2161 3167 2244 Walzerstimmungen emporwächst. Diese Novelle liefert nun das von
1993 2209 3168 2292 Benno Jacobson und Felix Dörmann zurechtgezimmerte
1984 2245 3165 2340 Libretto der Straußschen Operette „Ein Walzertraum“ („Varas¬
1984 2310 3170 2373 kering), die nach ganz ungewöhnlichen Erfolgen im Auslande heute
1985 2363 3168 2431 im Königstheater zum ersten Male aufgeführt wurde. Daß auf der
1978 2410 3164 2480 Bühne große Theile des ursprünglichen Textes gekürzt, weggelassen,
1981 2450 3164 2536 zusammengezogen, verstümmelt werden, daß Vieles verloren geht und daß
1985 2510 3164 2572 aus dem Idyll stellenweise eine ganz grobkönige Posse wird, das
1981 2555 3157 2637 nehmen am Ende nur die Wenigen krumm, die Hans Müller's
1984 2605 3165 2679 Novelle kennen. Und diese sind in der Minderzahl. Die Anderen
1987 2650 3165 2718 finden immer noch ein lustiges, bewegtes Libretto, in dem der gesunde
1981 2704 3157 2780 Menschenverstand nirgends vergewaltigt wird — also weit mehr, als
1982 2753 3164 2819 man auf der Operettenbühne unserer Tage zu finden gewohnt ist.
1978 2799 3154 2875 Und man nähme mit dieser Musik gern auch Schlechteres in Kauf.
1972 2847 3156 2914 Man kann ihr nichts Besseres nachsagen, als daß sie überall für die
1978 2888 3154 2981 bald sentimentale, bald groteske Stimmung des Ganzen den liebens¬
1978 2948 3150 3019 würdigsten Ausdruck findet, und daß sie, ohne stets durch melodiöse
1981 2993 3156 3069 Erfindung zu überraschen, Styl hat und eine Künstlerhand
1973 3046 3154 3127 verräth. Im Uebrigen hat es dort wenig Sinn, mit vielen Worten zu
1973 3094 3157 3176 loben, noch weniger kritische Einwände zu machen, wo der Komponist
1972 3141 3145 3221 auf etwa zweihundertfünfzig volle Häuser zurückblicken darf. Den Clou
1967 3197 3148 3273 der Partitur, jenen glatten, schmeichlerischen Walzer, den auch bei uns
1966 3242 3153 3314 lange vor der Première alle Zigeuner fiedelten, begrüßte man wie einen
1975 3284 3151 3356 lieben, alten Bekannten. Am liebsten hätte man ihn gleich mitgesungen.
1966 3329 3147 3421 Ueberhaupt lag heute von allem Anfang an der Erfolg in der Luft und
1964 3392 3153 3486 die allgemeine Applausfreude hielt ungeschwächt bis zum Schlusse vor¬
1972 3436 3142 3517 Die Operette wird somit auch bei uns ihren Weg machen, und das
1961 3498 3145 3558 umso mehr, als man auch an der Aufführung seine Freude haben
1964 3538 3142 3610 darf. Manches könnte ja anders sein und ob Herr Strauß, der
1963 3595 3144 3663 mit Herrn Jacobson aus einer Loge für viele Hervorrufe dankte,
1960 3645 3147 3716 über die gesangliche Wiedergabe seiner Lieder allzu entzückt
1961 3698 3142 3766 war, bleibt dahingestellt. Was aber etwa an Stimmen fehlte,
1960 3737 3142 3809 das wurde reichlich durch Temperament, Heiterkeit und nicht
1961 3785 3135 3853 zuletzt durch ungewöhnlich prunkvolle Ausstattung weitgemacht.
1961 3835 3139 3905 Den lautesten Beifall erntete Herr Räthonyi, ein Prinzgemahl
1955 3890 3144 3945 von gewinnender Eleganz und Flottheit. Doch auch die Damen
1949 3936 3133 4002 Petriss und Otvös boten vortreffliche, sehr sympathische
1956 3973 3139 4050 Leistungen und viel belacht wurden die grotesken Chargen der Herren
1958 4024 3136 4118 Papir und Nemet. Das Königstheater dürfte eine Weile lang
1952 4071 2569 4139 aller Premièresorgen enthoben sein.
2975 4094 3085 4173 E. G.
