3344 4320
182 219 1046 347 13. Miscellaneous
1234 236 1710 334 box 44/10
1421 1412 1708 1506 Nachdruck verboten.
855 1498 1446 1607 „Gefesselte Kunst.“
969 1590 1371 1672 Von Karl Beibtreu.
1125 1644 1236 1740 II. *)
690 1706 1748 1783 Die moderne Kunst als „capitalistisches Object" wird
587 1779 1738 1828 in Deutschland nur noch von Verlegern, Theaterdirectoren
587 1826 1742 1877 und Kunsthändlern fabricirt; nicht der Urheber, sondern
598 1875 1740 1924 der Besteller entscheidet. „Abonnementsbetrag und In¬
609 1926 1723 1982 seratengebüren, das ist die Seele von der Literatur.
592 1976 1736 2025 Noch nie knechtete man das freie Wort ärger als im ver¬
592 2021 1744 2070 preußten Deutschland. „Welches von den Werken un¬
598 2070 1742 2128 serer Classiker von Luther bis Hebbel, würde heute einen
596 2121 1742 2175 Verleger finden? Was wäre aus Goethe geworden, wenn
591 2168 1732 2220 er davon abhängig gewesen wäre, daß moderne Re¬
591 2214 1736 2272 dacteure seine Gedichte aufnehmen? Was aus Schiller,
596 2259 1738 2314 wenn er — seine Dramen hätte einreichen müssen? Was
581 2312 1742 2372 ist das bischen Hohenasperg gegen den Hungertod und
587 2361 1732 2421 die geistige Ausmistung, die heute dem Dichter droht?"
668 2409 1744 2469 Ja, in den finsteren, gottlob vom Aufkläricht über¬
592 2460 1738 2512 wundenen Zeiten, wo noch Fürsten, Bischöfe, ein vor¬
602 2511 1742 2565 nehmes Publicum die Kunst beschützten, da arbeitete man,
591 2556 1742 2610 um den Besten seiner Zeit genug zu thun; heute schafft
592 2602 1748 2659 man, will man irgendwie dem Erfolg fröhnen, für die
602 2653 1746 2704 Schlechtesten. Der lächerliche Goethe=Bund, der laut
598 2700 1744 2756 Bergs treffendem Ausdruck „seine innere Verlogenheit
598 2747 1740 2798 von vorneherein“ an der Stirne trug, wollte höchstens
598 2798 1731 2850 die Büttel und Zwingvögte tauschen. Denn die „liberalen
602 2846 1744 2908 Machthaber in Literatur und Kunst wollen gleichfalls nur
602 2895 1744 2948 dem Philisterpublicum dienen, um Geschäfte zu machen.
606 2940 1748 3006 Für eine große Kunst fehlt es ohnehin an Raum. „Die
602 2991 1736 3051 großen Tragödien würden das Theater sprengen, folg¬
598 3039 1744 3092 lich zwängt es sie ein, d. h. verstümmelt sie. Die Re¬
598 3084 1744 3139 dactionen bestellen ihre Beiträge nach Zeilen und Silben
596 3133 1751 3199 oder schneidern sie nach Bedarf zurecht. Die wahre Kunst
703 3195 1748 3287 *) Siehe Morgenblatt der „Deutschen Zeitung" Nr. 10594
1776 1446 2921 1517 ist aber unwirthschaftlich, Luxus, und der Künstler muß
2957 1446 3246 1519 überhaupt das
1783 1502 2918 1566 sich unabhängig ausleben können: wer bietet ihm diese
2957 1508 3249 1575 „Concurrenz",
1768 1549 2921 1612 ökonomische Grundlage, seit die Zeit der Mäcene, der
2957 1554 3238 1624 auf geistigen
1781 1596 2923 1665 fürstlichen Unterstützung, vorüber: Durch Gründung von
2962 1596 3283 1665 hin an Feigheit
1781 1654 2923 1708 Akademien und Stiftung von Preisen ruinirt man nur
2957 1650 3264 1714 Billigkeit heißt
1772 1693 2923 1749 die Kunstentwicklung, degradirt die freien Schöpfer zu
2961 1697 3195 1766 Zuguterletzt
2957 1748 3204 1811 da, um als
1781 1744 2927 1809 Beamten und Professoren. Fast nie trifft ein staatlich
1778 1796 2921 1854 patentirter Preis den Würdigen, fast nie geht aus Aka¬
2957 1791 3274 1860 haupt nichts Ve
1781 1843 2923 1901 demien ein origineller Selbstschöpfer hervor. Wenn man
2961 1841 3248 1909 Ganz treffend
1787 1869 3270 1944 sich täglich vor der Kunst blamirt, darf man sie nicht! „Das Publicun
2966 1935 3264 1999 so schlecht, wie
1791 1941 2923 1995 fördern wollen. Bildhauer, Maler und Theaterdilettanten
1778 1989 2923 2040 als Leibgarde der Hohenzollern, das ist die neueste Ent¬
2961 1988 3261 2053 drücken sie es
1776 2019 3279 2092 deckung. Ach ja, der böse Clericalismus mag schmunzelnd Zu hoch für un
2957 2085 3279 2152 Gipfel der Men¬
1778 2085 2921 2145 das Geständniß Bergs entgegennehmen: „Das Mittel¬
1776 2126 2921 2192 alter hatte noch ein besonders wohlthätiges Institut für
2961 2132 3270 2198 zu ihnen hinauf
1778 2186 2923 2235 die Ausscheidung aus socialer Gemeinschaft, das Kloster.
2957 2179 3268 2244 land nicht, eine
1776 2229 3268 2288 Hier war auch der Künstler der Noth und Sorge ent= Scheinheiligkeit
1781 2288 2927 2338 hoben, hier blühten Künste und Wissenschaften in einer
2957 2280 3285 2351 treibt im Insel
2957 2331 3274 2396 vorn hat er me
1787 2331 2923 2392 Zeit, als noch ganz Europa ein Barbarenland war." Die
2968 2374 3261 2434 schild. Das ist
1776 2378 2923 2428 Abhängigkeit der Literatur von Fürsten oder, wie be¬
2961 2424 3261 2488 Bordell. Die
1787 2428 2923 2482 sonders in England, einer gebildeten Aristokratie schadete
2966 2469 3274 2535 gegen die Weltu
1776 2477 2923 2539 ihr nichts; die wahre Unfreiheit herrscht erst in unserer
1783 2520 3283 2574 Aera der Bourgeoisie, wo sie wie ein Handelsproduct dem auf den Schütze
1776 2571 3274 2627 Marktgesetz von Angebot und Nachfrage unterliegt. abhängige Schri
2961 2619 3274 2683 diese öffentliche
1783 2618 2925 2676 Handelsartikel kann man aber nur quantitativ ein¬
2957 2668 3270 2730 Masse, ward he
1792 2668 2921 2726 schätzen — also nicht die Schönheit einer Zeile, sondern
2957 2713 3276 2782 Zusätze des hint
1781 2722 2923 2777 pro Zeile wird bezahlt, nicht das Werk, sondern das
2957 2764 3270 2828 den Capitalism
1776 2768 2923 2826 damit zu machende Geschäft. Was Wunder, daß die
2957 2812 3261 2886 mus, der auch
1787 2811 2921 2871 Krämerlogik daraus folgert: Keinen Kunstwerth hat, was
2957 2861 3264 2927 ja erst recht a
1791 2865 2923 2929 sich nicht auf dem Markt bezahlt macht! Das Kunst¬
1783 2902 3259 2968 product läuft durch die schmierigen Pforten der Zwischen aber die Kunst,
2957 2953 3259 3019 Gleichmacherei
1781 2961 1967 3019 händler
2025 2957 2927 3022 Agenten, die als Kuppler das Talent ver¬
2957 3002 3270 3073 Geistesfürst fühl
1791 3008 2923 3066 schachern — und wird so durch den Geschmack solches
2961 3054 3276 3122 als „Arbeit" un
1781 3058 2923 3112 Gesindels, das noch unter dem Durchschnittspöbel steht
2957 3103 3274 3165 Die Berufszünf
1781 3107 2923 3172 und nur auf schlechte Instincte speculirt, noch tiefer herab¬
1787 3152 3266 3236 gewürdigt. Da die inhaltlose Schmiererei sich immer besser Leute, die ihr
2957 3197 3259 3283 noch allzeit in
1783 3204 2927 3283 bezahlt macht, so liegt den Kunsteunuchen die Aufgabe ob,
