3344 4352
174 252 1033 363 13. Miscellaneous
1220 241 1693 347 box 44/10
995 978 1808 1056 dem Hausherrn noch ganz unbekannter junger
1928 1006 2643 1069 Die beiden Lustspiele sind von dem Publi¬
998 1040 1796 1107 Mann darf sich hier mit der Tochter verloben,
1855 1053 2657 1108 kum zwar nicht ohne Widerspruch, aber im
1004 1080 1791 1147 dann gleich im Hause das Frühstück einnehmen
1853 1101 2651 1162 ganzen doch beifällig aufgenommen worden. Der
1002 1130 1802 1185 den Besuch eines Freundes empfangen, der ihn
1856 1149 2644 1200 Einakter wurde von Frau Witt vortrefflich ge¬
1005 1171 1800 1234 vor der Verlobung als einer Philistrosität warnt,
1858 1188 2650 1254 spielt; während Herr Hartmann, seines starken
1005 1221 1798 1273 und endlich die Vorstellung der ganzen Familie
1849 1231 2653 1298 Erfolges in der „Großen Gemeinde" zur Unzeit
1005 1257 1793 1328 entgegennehmen — alles das in einem Akte,
1852 1281 2642 1339 eingedenk, dem ganz in Sicherheit gehüllten Ehe¬
1001 1298 1796 1369 Der Witz — das ist die stärkste Waffe Auern¬
1849 1326 2643 1378 mann in der ergötzlichen Szene mit dem Neben¬
1005 1352 1798 1402 heimers; es ist freilich mehr der Witz des Feuille¬
1853 1359 2644 1424 buhler leider nicht den Ton ironischer Überlegen¬
996 1395 1803 1453 tonisten, der um seine Witze eine Handlung als
1853 1402 2644 1470 heit, sondern unterdrückter Heftigkeit verlieh,
998 1443 1795 1501 Rahmen spannt, als der des eigentlichen Lust¬
1844 1461 2647 1512 worunter die komische Absicht des Dichters zu
1004 1479 1796 1536 spieldichters, der sie aus den Charakteren und
1849 1495 2643 1560 Schaden kam. Herrn Walter aber sollte man
996 1535 1796 1590 aus der Handlung herausspringen läßt. Wir
1843 1533 2641 1606 doch endlich aufhören erotische Neigungen er¬
1004 1575 1796 1628 finden alle Formen des Witzes: solche, die die
1849 1588 2647 1652 wecken zu lassen und mit seinem fleischlosen,
996 1620 1796 1672 Handlung begleiten, und andere, die ihr voraus¬
1849 1627 2644 1692 knochigen und zum Grinsen neigenden Knaben¬
992 1669 1795 1730 gehen und erst hinterher in Handlung umgesetzt
1853 1675 2646 1738 angesicht an einen Platz zu stellen, wo zwar auch
993 1707 1791 1766 werden, wie das „Mädel aus gutem Hause", das
1847 1727 2645 1785 unreife, aber doch blühende und frische Jugend
993 1755 1790 1802 gleich darauf erscheint, oder die drei stereotypen
1846 1765 2643 1819 verlangt wird. In dem größeren Lustspiel ver¬
998 1801 1791 1850 Fragen, auf die uns der Dichter eher aufmerksam
1850 1815 2644 1863 mißte man ganz die Wiener Lokalfarbe, die vom
992 1849 1790 1897 macht, ehe sie eins, zwei, drei fallen. Witze, die
1843 1852 2635 1906 Dichter zwar nur leise aufgetragen ist, aber ge¬
996 1885 1791 1937 zu der Situation und in den Mund der sprechen¬
1837 1898 2642 1960 rade deshalb in der Darstellung hätte verstärkt
992 1934 1793 1985 den Person passen, wie wenn der warnende
1837 1936 2642 2004 werden müssen. Auch war die Ausstattung um
999 1976 1792 2024 Freund sagt: „Mein lieber Freund, seine Geliebte
1840 1984 2644 2041 einen ganzen Ton zu hoch gestimmt, wie das
993 2021 1787 2066 heiraten, d. h. ein Gedicht in Prosa auflösen:
1844 2030 2642 2085 jetzt öfter vorkommt; es gehört zu den Eigen¬
993 2066 1791 2113 man macht das in der Schule, später nicht
1846 2076 2640 2141 tümlichkeiten unserer modernen Regiekunst, daß
992 2110 1781 2168 mehr“, oder: „Immer wenn einer sich öffentlich
1846 2117 2644 2184 die Leute immer in neuen Häusern wohnen, in
993 2157 1791 2207 verlobt, läßt er sich heimlich scheiden" (von seiner
1838 2169 2643 2219 neuen Kostümen auftreten und daß die Damen
993 2194 1791 2243 Geliebten nämlich) — und andere, die nur der
1837 2206 2642 2273 immer die allerfeinsten Toiletten anhaben. Bei
993 2238 1791 2294 komischen Wirkung wegen da stehen, wie wenn
1838 2245 2636 2305 einem kaiserlichen Rat, der so gierig darauf be¬
983 2283 1787 2345 die Tochter der Mutter, die ihr vom Heiraten
1835 2294 2633 2361 dacht ist, seine Tochter nicht bloß versorgt,
989 2335 1785 2382 redet, zuruft: „Das höre ich den ganzen Tag,
1843 2336 2642 2402 sondern auch versichert zu wissen, und dessen
992 2372 1785 2437 ich kann doch nicht den ganzen Tag heiraten“,
1840 2392 2635 2449 zweite Tochter einen Mäen suchen muß, der
992 2416 1785 2477 oder wenn sich zwei Liebende unter der gar zu
1843 2429 2635 2487 sie für die Musik ausbilden läßt, geht es im
992 2463 1790 2519 durchsichtigen Chiffre „Freie Liebe" schreiben.
1837 2475 2627 2532 Leben nicht so hoch her, wie im Burgtheater,
989 2507 1786 2561 Auch ein recht häßlicher und frecher Witz läuft
1844 2512 2632 2576 wo sogar die alte Großtante (Frau Wilbrandt)
987 2554 1785 2612 gelegentlich mit unter, wenn der Arzt und
1838 2564 2627 2626 mehr den Eindruck der Herzogin aus der „Welt,
984 2596 1788 2646 Nebenbuhler dem Bräutigam zu seiner schönen
1841 2601 2629 2667 in der man sich langweilt, als den einer gut¬
987 2641 1785 2692 Braut mit den Worten gratuliert: „Wie schön
1843 2648 2632 2717 bürgerlichen Tante aus den sechziger Jahren
996 2681 1785 2735 sie ist, das weiß nur ich — der Arzt." Alle
1835 2690 2628 2752 machte. Herr v. Zeska hatte bei dem rasch ver¬
989 2727 1781 2783 Arten und Gattungen also — nur keiner, der
1832 2747 2631 2805 wandelten Literaten die Wahl, ihn von vorn
995 2775 1778 2828 seine Wirkung verfehlt. In diesem Punkt darf
1831 2776 2629 2844 nach hinten oder von hinten nach vorn zu
990 2818 1786 2861 man Auernheimer nicht bloß mit den neueren
1837 2826 2627 2878 spielen; er hat das letztere vorgezogen und, an¬
986 2860 1780 2914 deutschen Lustspieldichtern, sondern auch mit den
1840 2871 2623 2930 statt in Zynismus und Dekadenz zu posieren,
984 2905 1778 2957 modernen Franzosen vergleichen und er wird
1831 2920 2629 2983 einfach einen flotten Bonvivant gespielt. Sehr
990 2949 1777 3000 kaum hinter einem anderen zurückstehen. Das ist
1840 2959 2629 3020 fein und charakteristisch wirkte Herr Römpler
987 2996 1786 3043 immerhin etwas, das ist viel — wenn auch noch
1825 3013 2627 3063 als pessimistischer Papa. Als Verlobte empfahlen
987 3040 1778 3084 lang nicht alles. Zum Schnitzer reicht Auernheimer
1832 3047 2627 3103 sich Frau Retty und Herr Treßler; sie haben
983 3084 1777 3143 literarisch noch nicht hinan. Er hat vorläufig
1829 3101 2627 3145 ungefähr dieselben Rollen in diesem Winter
987 3121 1785 3177 nur die Gebärde und lenkt, wenn er längere
1841 3140 2607 3204 schon einmal als Vermählte („Tür ins Freie"
990 3174 1785 3229 Zeit auf dem Weg ins Freie gewandelt ist, von
1834 3194 2629 3252 gespielt und werden sie auch künftig noch öfter
989 3220 1778 3294 selber wieder in das gutbürgerliche Geleise ein.
1831 3223 2373 3308 mit dem gleichen Erfolg spielen.
2444 3231 2586 3305 Minor.
1604 3323 1996 3438 Rundschau.
979 3410 1177 3492 Geschichte.
1835 3434 2623 3497 schichte Nieder= und Oberösterreichs“, Raimund
1059 3474 1773 3532 Aus der landesgeschichtlichen Abteilung der
1829 3486 2615 3540 Friedrich Kaindls zwei Bände der „Geschichte
981 3519 1774 3576 großen „Europäischen Staatengeschichte", sind
1820 3533 2620 3580 der Deutschen in den Karpathenländern“, und
979 3569 1768 3618 bisher drei Werke österreichischen Inhaltes hervor¬
1826 3574 2620 3633 Hans Widmanns erster Band der „Geschichte
981 3614 1769 3684 gegangen: Mar Vanesas erster Band der „Ge¬
1820 3620 2614 3699 Salzburgs". Sind jene beiden in dieser Zeit¬
