3344 4224
219 86 1088 236 13. Miscellaneous
1278 117 1750 230 box 44/10
1022 1139 1112 1222 ﻿164
566 1243 1671 1353 so verkündeten die Literaturgiger des Café
456 1306 779 1380 Grössenwahn
814 1336 1656 1411 ihr Jungwiener Theater auffangen
461 1372 1656 1449 und gleichsam wie in einem Brennspiegel wiedergeben.
461 1414 1653 1500 Und siehe da, alle Hände regten sich, um den
464 1465 1653 1552 Wienern die neuen Ausdrucksformen, zu vermitteln.
459 1506 1648 1599 Obercommandant Felix Salten bestieg den Nudel¬
453 1563 1657 1650 brettschimmel der Moderne und theilte die Parole aus.
455 1614 1647 1690 Hugo v. Hofmannsthal erhielt den Auftrag, das
452 1666 1650 1752 Goethe'sche Terrain zu recognoscieren und den Alten
449 1720 1648 1800 von Weimar, der ja gottlob für unsere Generation
452 1756 1647 1841 bereits zu den Ueberwundenen zählt, ins Moderne
447 1815 1641 1878 um- und abzuschreiben. Ueberdies sollte Herr v. Hof¬
444 1866 1647 1937 mannsthal die dunklen Ahnungen der Seele, die
443 1898 1638 1989 nach Ausdruck ringen, in einem Ballett zusammen¬
444 1952 1641 2045 fassen, in welchem der Erbe, der das Salböl der
440 2004 1635 2076 todten alten Frau an Adler, Lamm und Pfau ver¬
438 2069 1626 2142 schwendete, als Hauptperson ein Menuettchen tanzen
440 2105 1629 2190 müsste, dessen Musik Herr Hugo Felix beizubringen
440 2160 1629 2234 verpflichtet wurde. Hermann Bahr, der, so oft er sich
444 2202 1624 2289 wieder einmal selbst überwindet, ein Stück seiner
431 2250 1629 2327 Stirnlocke opfert und sich infolgedessen fast schon
431 2310 1623 2367 einer lang herabwallenden Glatze erfreut, wurde com¬
435 2355 1627 2438 mandiert, sich zunächst wieder eine ordentliche Locke
425 2396 1614 2482 wachsen zu lassen und dann eine Pantomime zu
429 2452 1617 2519 dichten, deren Hauptperson der liebe Augustine
423 2488 1612 2582 seligen Angedenkens persönlich werden sollte. Die
422 2540 1614 2630 Rolle des lieben Augustin war dem berühmten
419 2599 1614 2680 Coulissen demolierungs-Tenor Streitmann zugedacht,
419 2635 1614 2731 der sein Engagement in Berlin eigens abbrechen
420 2696 1603 2777 musste, um den Wienern das Jungwiener Theater¬
416 2737 1611 2825 mund gerechter zu machen. Man denke sich nun das
417 2794 1599 2875 dionysische Entzücken der Wiener, wenn sie Herrn
410 2839 1605 2918 Streitmann in einer Pantomime auftreten sehen, in
410 2900 1599 2966 der er nicht singen darf, weil sich das bei einer
408 2936 1599 3024 Pantomime nun einmal nicht schickt. Hermann Bahr
410 2998 1602 3066 setzte sich auch stracks nieder und dichtete seinen
411 3036 1594 3126 Lieben Augustin. In den Kreisen des Literaturgiger¬
401 3093 1590 3195 thums erzählte man sich geradezu Wunder, wie gross¬
2342 1242 2485 1335 165 —
1797 1369 2984 1449 artig Herr Bahr den pantomimischen Augustin auf¬
1800 1444 2987 1500 gefasst hatte. Wie der betrunkene Augustin mit seinem
1803 1495 2987 1548 picksüssen Hölzel in weinseliger Laune durch die
1794 1545 2987 1597 Strassen der Stadt torkelt, dann in die Kalkgrube fällt
1792 1587 2987 1648 und mit der linken grossen Zehe bedeutungsvoll in
1797 1639 2986 1708 der Luft hin- und herwackelt, mit welcher Bewegung
1792 1690 2981 1750 er gleichsam blitzartig die morsch und faul gewordene
1797 1734 2981 1791 Moral der Wiener Gesellschaft zur Zeit der grossen
1792 1780 2139 1845 Pest beleuchtet
2256 1780 2975 1839 das soll das Gewaltigste und
1792 1835 2980 1896 Grossartigste sein, was Symbolismus und Mysticismus
1789 1884 2975 1941 seit Maeterlinck und dem Clownkomiker Josef
1791 1929 2977 1989 Link der Welt geoffenbart haben. Sonderbarer¬
1792 1989 2996 2036 weise gesellte sich auch Arthur Schnitzler zu
1792 2034 2981 2078 den Jungwienern, indem er ihnen das Versprechen
1794 2078 2980 2144 gab, eine seiner Anatoliaden Herrn Maran auf des
1789 2127 2978 2184 Leib zu schreiben und solcherart den ewig wehleidigen
1789 2178 2975 2232 Anatol endlich einmal geniessbarer zu machen. Auch
1794 2226 2981 2279 Vincenz Chiavacci war schwach genug, sich par
1786 2280 2981 2343 ordre de mufti die weissen Haare blond färben zu lassen,
1792 2327 2981 2384 und leistete in die Hände des General-Feldmarschalls
1789 2369 2980 2438 Salten den Eid, dass er Scenen aus dem gemüthlichen
1797 2425 2981 2476 Wien, aus Lichtenthal und Thury sowie aus allen
1792 2471 2977 2537 jenen schönen Gegenden, wo die Fenster und Köpf
1792 2525 2978 2579 verpickt san mit Lahm, beisteuern werde zur höheren
1789 2564 2978 2633 Ehre des von den Jungwienern neu erfundenen
1794 2620 2978 2674 Wienerthums. Endlich Peter Altenberg der Göttliche
1789 2665 2978 2731 und Gewaltige, hatte die Aufgabe, die complicierte
1792 2717 2981 2774 Psychologie der modernen Gesellschaft durch eine
1792 2768 2978 2824 seiner berühmten Causerien noch complicierter und
1786 2813 2975 2869 unverständlicher zu machen. Alle Mann an Bord, Felix
1792 2866 2977 2917 Salten und seine Getreuen zogen die Wache auf.
1785 2917 2972 2972 Die Welt wird staunend erschauen, was wir Jung¬
1792 2965 2536 3025 wiener zu leisten imstande sind!
1908 3001 2975 3073 Jawohl, die Welt staunte und schaute. Etwas
1783 3060 2969 3120 Läppischeres und Jämmerlicheres hat man in Wien
1783 3105 2983 3171 wohl noch niemals gesehen. Also das ist der Liebe
1786 3156 2972 3217 Augustin, um dessen willen die jungen Herren Literatur¬
1783 3207 2972 3283 gigerin von Wien seit einem halben Jahre so viel
