3344 4352
172 281 339 372 13.
361 277 1044 387 Miscellaneous
1215 285 1705 387 box 44/10
2847 1398 3033 1493 1
2690 1460 3033 1544 haftig nicht,
1018 1478 1325 1559 -
128 1496 3033 1591 die Gesellschaft, die Menschlichkeit an sie den Kampfesreihen zu treten. Welch erfreuliches auch die Zahlgren des Nu an-sich selbst=Denkens,
1015 1577 3037 1635 Bild boten in dieser und jeder Beziehung die wie es zum Beispiel manchen ostelbischen Interessen¬
142 1580 986 1642 Die Sorgen, welche die Großen bedrücken,
1015 1621 3033 1690 deutschen Städte Mährens, wie stolz muthete die kreisen eigen ist, ist ihnen nicht eigen, aber sie
106 1613 989 1686 auch auf den Kleinen, und einmüthig soll nun
2033 1730 3037 1792 in anständiger Gesellschaft nicht offen gesprochen wurde.
1015 1737 2008 1821 Wiederkehr erotischer Motive. Und dies aus guten
91 1745 986 1818 Unsere heutige Nummer umsatt Seiten und
2033 1781 3026 1836 Bei diesem Bemühen ging noch dazu das Bischen Ursprüng¬
1011 1799 1183 1862 Gründen.
106 1807 416 1858 folgende Beilagen:
2040 1829 3033 1880 lichkeit, dass sie vielleicht besaßen, verloren; denn sie ahmten
1110 1803 2008 1898 Vor Allem ist das unablässige frivole Spiel mit
102 1821 986 1913 fortsetzung des Romans „Die Lebensgefährtinnen
2033 1872 3033 1920 die Franzosen nicht blos im Stoff, sondern auch in der
1015 1876 2011 1942 Gedanken an das andere Geschlecht dem Wesen des Deutschen
95 1905 730 1967 org Freiherrn v. Ompteda. Seite 41.
2033 1913 3033 1975 Mache nach. Unschwer kann man sich überzeugen, daß solche
1015 1931 2015 1989 fremd. Das Volk der Denker denkt nicht so beharrlich an
102 1942 610 2000 rauen=Zeitung. Seite 19 und 20.
2037 1964 3030 2011 Bücher ganz in der Manier Maupassants, Prevost's, der
1007 1971 2011 2033 die Weiber als der heißblütige Roman. Wir können es
95 1982 737 2044 in Aussing in den Wienerwald. Seite 23.
1011 2011 3037 2084 ja deutlich in den Werken unserer großen Dichter bis in Marni u. s. w. geschrieben sind, also undeutsche Machwerke
106 2026 814 2099 pas= und Wasserfach ausstellung 1901. Seite 25.
2040 2059 3022 2110 darstellen, die man als nichts Anderes denn als plump
1007 2062 2008 2124 die jüngste Zeit herauf verfolgen, wie der Deutsche sich zur
102 2088 591 2161 port. Seite 35 bis inclusive 39.
2040 2102 3033 2150 Speculationen auf die heimliche Sinnlichkeit bezeichnen
1011 2110 2011 2172 Erotik stellt. Seine Frauen sind ihm zu gut für eine leicht¬
99 2132 442 2194 Militärisches. Seite 45.
2040 2150 3037 2212 kann. Als solche thaten sie in der Regel ihre Wirkung, wie
1011 2164 2015 2226 fertige Behandlung. In der Regel sind es nur starke, ge¬
2033 2194 3033 2248 denn die Courtisane stets mehr Anbeter hat als die an¬
1007 2201 2011 2263 waltige Conflicte, die in der Dichtung festgehalten werden.
2044 2237 3026 2296 ständige Frau. Natürlich warfen sich nun die französelnden
1011 2252 2004 2314 Das Kleinleben der Liebe, zumal das anrüchige, galante
358 2245 650 2354 Feuilleton.
2040 2289 3026 2336 jungen Herren in die Brust und stolzirten herum, als hätten
1015 2300 2004 2365 spielt bei dem Deutschen keine Rolle, wenn man ihn nicht
2040 2336 3026 2383 sie den Nationalschatz der deutschen Literatur um ebenso
1007 2343 2011 2409 wie es leider schon geschieht, mit den Sitten Anderer
2029 2383 3030 2427 viele Meisterwerke vermehrt. Glaubt doch auch Herr v. Wol¬
1007 2394 2008 2449 ankränkelt. Es darf behauptet werden, daß viele Bücher
2033 2427 3022 2478 zogen mit seinem „Ueberbrett!“ eine künstlerische That voll¬
245 2409 741 2515 Lüsternheit.
1007 2435 2008 2489 der jüngsten Zeit nicht geschrieben worden wären, wenn der
2033 2471 3022 2529 bracht zu haben, während er in Wirklichkeit nur das ge¬
1015 2486 2004 2544 deutsche Großstädter Paris nicht so nahe hätte. Auch dor
339 2486 668 2570 (Predigt in der Wüste.)
2037 2515 3030 2566 Pfefferte Pariser Cabaret mit dem melodienreichen Wiener
1018 2522 2011 2584 ist es ja bekanntlich nur eine Insel der Verkommenheit im
91 2533 986 2621 Die dichtende Jugend von heute wehrt sich gegen den
2033 2566 3033 2624 Volkssängerthum zusammengeschweißt und anspruchsvoll
1018 2566 2004 2643 Ocean einer sonst tüchtigen Bürgerschaft, wo die
91 2602 989 2668 turf, daß das Erotische ihr Um und Auf sei, oder
1018 2613 2526 2683 „Mondainen" den ganzen lieben Tag nur an Liebes¬ auf die Bühne gebracht hat.
102 2646 993 2712 hr, sie sucht zu beweisen, daß das so sein müsse und immer
2139 2624 3030 2705 Noch ist das eigentliche Volk unberührt von diesen
1011 2661 2000 2719 abenteuer denken, oder wenigstens von dergleichen Dingen
91 2697 989 2763 pesen sei. Zum Theil hat sie Recht. Das Erotische
2033 2675 3022 2759 verderblichen Anlehnungen an eine entartete Cultur. Aber
1011 2708 2000 2767 lesen, weil sich begabte Schriftsteller in ihrem Hunger nach
95 2738 986 2796 alten zu wollen aus der Dichtung, hieße der Wahrhei¬
2037 2745 3030 2796 wehe, wenn es Geschmack daran findet! Sobald eine Nation
1018 2756 2000 2810 Gold nicht schämen, ihr Talent an die Sybariten weg¬
102 2792 993 2854 besicht schlagen. Es ist das wichtigste Element der
2033 2792 3026 2847 immerfort hinter und neben der Liebe hertändelt, sobald
1015 2803 2000 2858 zuwerfen. Es ist dieser Zustand vergleichbar mit dem Ein¬
110 2840 986 2891 und des Romanes. Was wäre die Welt ohne die
2040 2840 3030 2887 sie in den Sumpf der Lüsternheit geräth, ist sie verloren.
1011 2840 2015 2913 drucke, den Wien auf einen Fremben machen müßte, sofern
117 2880 982 2938 Nie werden die Menschen müde werden, von Lieb
2037 2884 3026 2942 Dann kommt wieder ein ungeschlachter nordischer Barbar,
1015 2887 2004 2949 er es nur nach einigen illustrirten Witzblättern beurtheilen
2029 2931 3030 2989 der von süßen Mädeln" nichts hält und tritt mit seinen
110 2931 986 2993 und erzählen zu hören; es wäre ja trostlos, wenn
1018 2938 2008 3000 sollte. Da findet er die Wienerin nie anders als im Hemd
2040 2975 3030 3030 groben Füßen alle die Unnatur kurz und klein, bis die alte
99 2978 431 3037 anders sein könnte.
1011 2978 2004 3051 oder im Tricot abgebildet, auch wenn sie ihrem Dienst¬
2040 3022 3022 3084 Ordnung hergestellt ist, nach der die Kraft eines Volkes
102 3000 986 3081 Aber das Hohelied der Liebe war es auch gar nicht
1015 3026 1869 3106 mädchen irgendeinen gleichgiltigen Befehl ertheilt.
2033 3070 3026 3124 in seiner Unverdorbenheit liegt. Die Geschichte ist eine
99 3073 989 3124 einer gewissen literarischen Richtung der Gegenwart
1113 3062 2004 3139 Jene sogenannte Boulevard-Literatur hat nur
2040 3113 3022 3172 furchtbare Lehrmeisterin. Als in Rom die großen Schwein¬
91 3121 993 3172 worfen wurde. Die Tadler sind nicht verstanden
1026 3132 2008 3190 manchen unserer jungen Dichten den Kopf verdreht. Sie
2040 3165 3026 3216 igel auftauchten, denen nicht wie Horaz, Ovid, Martial,
102 3161 993 3219 n. Nicht das Erotische an sich meinten sie, sondern
1026 3179 1997 3248 sahen den Erfolg und glaubten ihn auch in ihr Vaterland
2033 3212 3026 3259 Catull blos zuweilen ein Zötchen in die Verse floß, sondern
91 3208 989 3278 Küsterne. Das ist ein erheblicher Unterschied, so
1018 3234 2004 3300 verpflanzen zu können, wenn sie nur von der Liebe redeten
2037 3256 3026 3314 de mit der Zote um ihrer selbst willen hervortraten, wie die
91 3259 993 3311 etwa wie zwischen Naturwein und Kunstwein. Gegen
1026 3281 2008 3343 natürlich nicht von der hohen, edlen, sondern von der gemeinen,
2026 3296 3026 3354 Poetae latini minores, denen wir die verschiedenen Lusus
95 3303 986 3369 jungmodernen Schriftthum sich ausdrückend
99 3358 3037 3449 nheit wird zu Felde gezogen, nicht gegen die stete die zwar immer vorhanden war, von der aber bis dahin in Prianum, Perrigilium Veneris, Cento nuptialis
