3392 4352
1340 245 2710 305 portava dall'America in Europa as¬
985 240 1285 323 VIENNA, Marzo
1334 297 2713 344 sième a qualche delusione, telegrafo Weekind, Strindberg e Schnitzler
672 297 1319 381 Forse perche dalle finestre di casa
1340 336 2710 386 probendo ai suoi attori di recitare Schnitzler sopratutto con Regen
636 370 2710 422 mia vedo continuamente il bell'edifi¬ commedia simile, l'indignazione dunque. Anni fa, nel vecchio ta¬
639 409 1308 459 cio dell'Opera, ho finito col formar¬
1334 414 2718 456 della stampa rossa non conobbe litro nella Josefstadt, uno dei primi
631 451 1308 493 mi la convinzione che in questo pae¬
1334 453 2713 493 miti e siccome Reinhardt dispone a drammi di Strindberg fu accolto già
636 487 1311 539 se la vita teatrale si sia accaparato
1340 493 2713 539 Vienna di un teatro che è retto dal al primo atto con tal coro di fischi,
636 529 1311 573 l'interesse del pubblico, quasi al pun¬
1334 526 2705 581 mecenatismo, i socialisti rimprovera-ce l'attore Jarno, avanzatosi alla
641 571 1308 610 to da farsene un monopolio. E ram¬
1337 566 2716 623 rono al mecenate d’aver costretto il ralta, grido eccitatissimo al pubbli¬
2033 607 2716 649 co: «Questa sera non è caduto lo
641 607 2007 654 mento che una volta Max Reinhardt directore del suo palcoscenico a sacri¬
636 652 1311 696 me ne diede una plausibile spiega¬
1334 641 2721 696 ficare una commedia a lui sgradita, autore, ma sono caduti tutti quelli
633 680 2716 732 zione: mi fece rilevare che qui la Questo: il proprietario di un teatro che hanno fischiato.... Nei teatri di
2041 719 2716 769 Vienna, si fischia di rado, però ha
633 732 2015 769 miscela delle razie tsche ita¬
1340 758 2705 808 no il diritto di exprimere desidereggiato di fischi pure il severe
633 761 1314 808 liani, slavi ed ebrei, ungheresie fran¬
2033 792 2713 842 Burgtheater nel 1909, cioè a dire
636 787 1467 855 cesi — ha creato un tipo d'individuo nesti?
1376 811 2716 889 Un altro questo è stato sollevato quando ancora era palcoscenico delle
636 844 1316 891 particolarmente sensibile a tutte le
633 868 2716 930 forme d’arte. L'osservazione potrebbe dal sostituto maestro di ballo dell'Imperatore. Si dava una commedia
2035 910 2710 956 di quattro atti di Hans Müller e lo
631 925 2009 975 essere completata ragionando che i pera, signor Dubois, e da alcuni suo
2035 949 2710 993 elegante pubblico, dopo di essersi di¬
636 964 2007 1014 popoli di natura cosi mista rivenorgani che all'ordine imparti¬
2038 990 2705 1032 vertito a turbare i dialoghi sulla sce¬
631 1006 1306 1053 poi, dal lato politico, qualità netta-
1334 998 2009 1058 dal directore del corpo di ballo, Sa¬
2033 1024 2708 1074 na con mordaci interruzioni, allor¬
626 1042 2708 1113 mente negative; ma siccome vogliate seguir alle prove¬
623 1084 2015 1139 mo oggi parlare solo di arte e non tutti i movimenti, hanno risposto che
2038 1108 2713 1147 graziare — in omaggio alla consue¬
631 1129 2716 1199 di politica, lasciamo correre. Del re¬ alle prove i movimenti non vengono tudine del luego — fischiò e urlo
626 1165 2710 1230 sto, la signora Jeritza si da cura di eseguiti, bensi si accennano soltanto, senza misericordia. Il dottor Paul
631 1199 1306 1243 dimostrare che pure le artiste liriche
1337 1207 2708 1264 Il questo suona: alle prove l'artista Schlenther, che da anni reggeva le
631 1241 1306 1285 s'intendono moltissimo di diplomazia
1337 1248 2012 1295 può limitarsi ad accennare, segnare
2035 1261 2710 1311 sorti dell'imperiale palcoscenico, ci
623 1285 2307 1342 e di politica, tanto vero che quando, come in gergo locale si dice, à rimise il posto,
623 1327 1506 1371 arriva in una capitale d'Europa o marcare?
2062 1308 2705 1381 a quasi stavo dimenticando le
623 1360 1303 1415 d'America e s'imbatte in un rappre¬
1371 1366 2716 1418 Un inchiesta indetta da un grande trovate spiritos del signori in platea
623 1400 2007 1446 sentante dell'Austria repubblicana quotidiano fa apparire i più autore¬
2033 1413 2716 1462 e nel loggione. Non sono salaci a
623 1436 2705 1496 che, non ricevendola con troppi ono oli attori e directori partigiani del simiglianza di tante partite dalle
618 1483 2004 1530 ri, a suo giudizio mal rappresenta la principio che anche alle prove l’arti¬
2035 1488 2710 1535 bocche di spettatori italiani, però se
623 1512 2009 1572 patria, lo richiama all'ordine in pub¬sta debba recitare la sua parte com¬
2035 1527 2705 1579 ne narrano di graziosissime. Eccon¬
620 1556 1308 1611 blico ed in private, comportandosi
1337 1569 2716 1621 pletamente. Il prof. Beer, directore del una: al Deutsches Volkstheater si
618 1603 2713 1673 alla stregua di un ispettrice del Deutsches Volkstheater, ha osservato dava una sera Giuseppina, lavoro na¬
618 1626 803 1689 Ballhaus.
1329 1650 2708 1694 che una prova incompleta non ha poleonio di Hermann Bahr. Napo¬
662 1652 2007 1728 Signora Jeritza — scrisse un gior scopo la popolare attrice Hansi Nie¬
2035 1689 2710 1731 leone lo personificava Adolfo Weisse.
623 1689 2716 1775 nale poco rispettoso dei capricci del¬se dice che il segnare non è artistico, Quando il grande Corso entrava sulla
620 1751 2716 1804 la diva, — le salta forse in mente di costituisce una villania verso i colle¬ scena, un attore doveva dire: «Con¬
618 1801 2705 1845 fare l'ambasciatrice d'Austria, come gli e finisce col danneggiare lo stesso che Napoleone me l’ero imma¬
620 1827 2710 1887 la bella e celebre signora Kollontai so attore che segna. Farkas, il crea ginato ben diversamente ». A queste
623 1871 2710 1921 fa l'ambasciatrice della Russia sovie¬ tore alla moda di lussuose e comiche parole qualcuno gridò dal loggione:
618 1908 2004 1963 tica (con un lusso che levati)?..... riviste, dichiara che anche le rivist¬
2033 1921 2713 1973 Anche noi , e il successo d'ilarità
618 1944 2278 2017 La signora Jeritza si offese di questo soffrono del vizio di certe stelle di fu fantastico.
618 1994 1301 2035 irriverente attacco e dopo di aver
1332 1994 1994 2041 non fare le prove con coscienza. Ego
2481 2002 2666 2085 Il face
620 2035 1999 2077 risposto dalle colonne di un altro Friedell, simpatico attore (nel qual
626 2069 1999 2116 giornale fece sapere che le era calata noi giornalisti contiamo pure un col¬
623 2108 2028 2166 la voce e che per il momento non lega di stile e cultura non comuni,
618 2155 2004 2210 avrebbe cantato. Grande il cordoglio clude l’obbligo di recitare alle pro¬
620 2187 2004 2236 del viennesi, i quali ardevano dal de¬ giusto come allo spettacolo sole
623 2226 1298 2267 siderio di riapplaudire (prezzi ecce¬
1327 2228 1978 2280 peri comici il cui successo dipen¬
618 2265 1960 2304 zionali e supplemento) la stella ridall'improvisazione personale. M¬
620 2301 1955 2356 tornata dall'America, dopo lunghi più grande comico viennese con
620 2340 930 2400 mesi di assenza.
1321 2353 1986 2393 poraneo, Hans Moser, il cui no¬
1316 2387 2007 2437 per molti cartelloni va diventando
923 2406 1001 2479 ...
1316 2429 1994 2473 avallo di una spassosa serata, sen¬
1319 2463 2007 2512 tenia: o non segno mai; lo recto
652 2497 2004 2554 lo dico, seguitando, che se qui non la mia parte, comprese le principali
612 2528 1301 2583 ci fosse da occuparsi del mondo tea¬
1327 2541 1996 2593 frasi improvisate, dalla prima pro¬
620 2575 1994 2630 trale, ci resterebbe come unica de¬ a d'insieme fino alla sera della rap¬
615 2614 1298 2674 lizia la lettura della rubrica econo¬
1327 2622 1994 2669 presentatione. La recito a casa quan¬
620 2653 2004 2710 mica: mercato del lavoro pesante, do la leggo per la prima volta, la
612 2692 2002 2747 diminuzione del numero delle Società recito mentro ceno, mentre prendo
612 2729 1996 2791 anonime, aumento dei concordati il bagno, al caffe, in spirito, nel son¬
623 2776 2004 2828 preventivi, diminuzione del numero no e perfino se, glocando Rummy,
618 2817 2004 2869 delle Banche, fallimenti et similia, sono morto e debo aspettare la pros¬
612 2849 1595 2903 E neppure tal rubrica, si disinteressima partita,
612 2885 1303 2948 sa delle vicende della vita artistica,
623 2932 1287 2982 giacche nelle sue colonne riscontra
1355 2945 1994 3015 Un questo la cui soluzione defini¬
612 2974 1293 3028 mo continue crisi di teatri: ne par¬
1321 3002 1996 3049 tiva mi sembra lontana è il seguente:
618 3008 970 3060 lammo altra volta
652 3049 1996 3091 Quando i critici teatrali non hanno ha il pubblico il diritto d'improvi¬
615 3081 1989 3133 da esprimere ai lettori giudizi su mere anche lui e di turbare lo spet
618 3122 1996 3172 lodrammi, tragedie e commedie sgor- tacolo con frasi magari spiritosis¬
605 3159 1428 3211 gati da menti indigene o straniere, i sine
1353 3182 2004 3253 La risposta è difficile, perche il
610 3198 1287 3250 loro cervelli si esercitano a resolver¬
620 3240 2004 3297 questi più o meno complicati, solle pubblico questo diritto se lo prende.
620 3279 1999 3328 vati dall'intemperanza di un attore, Anche se verranno minacciate rigo¬
618 3315 2009 3367 dagli umori del pubblico o dalle ten¬ rose punizioni, ci sarà sempre, in
620 3357 1999 3406 denze di un direttore. Settimane or platea o in galleria, il capo ameno
618 3399 2004 3448 sono tememmo d'essere alla vigilia di che si lasciera sfuggire la frase dalla
618 3438 1301 3492 incidenti gravi come quelli del 1. di¬
1329 3440 2004 3485 quale deriva popolarità, forse per una
620 3472 1285 3524 cembre del 21 o del 15 Julio del 2
1316 3479 2004 3524 sera, forse per più. Nella storia del
623 3513 2007 3589 le due fosche date di Vienna post teatro viennes, scandali provocati
620 3542 1295 3602 bellica), perche si stava per dare una
1319 3560 1999 3607 da improvisazioni degli spectatori
620 3591 2004 3641 commedia di Hasenclever dal titolo se ne trovano parecchi, però non
618 3623 1295 3675 I matrimoni si concludono in cielo
1327 3633 2002 3683 troppi. L'ultimo rimonta a due anni
618 3646 2009 3724 Nella commedia figurano il buon Dio, addietro, quando al Bürgertheater fu
618 3703 1287 3758 Maria Magdalena ed altri personage
1321 3711 2009 3776 dato un lavoro di Frank Keller, Bi¬
618 3748 2007 3805 che, siamo sinceri, calcano i palco sogna naturalmente classificare in
602 3776 2004 3844 scenici assai di rado. La stampa cat altra categorie gl'incidenti dovuti a
618 3823 1996 3875 tolica pose il veto, quella di destra passione politica o religiosa, come a¬
612 3868 1996 3920 aderi, la socialista domandò con aria vrebbe potuto provocarne la citata
612 3909 2004 3954 di sfida se proprio si fosse intentio¬ comedia di Hasenclevere come
612 3935 1996 4003 nati, nella rossa Vienna repubblicana, nel febbras del 1907 ne provoca¬
612 3982 2004 4027 a rispettare il buon Dio come al tementsches Volkstheater, un dra¬
618 4021 1999 4076 po dei cattolicissimi Absburg. Quan¬ Beyer, che respu-
605 4055 2002 4128 do Reinhardt, dal proscaso che lo riblico arcastico anziehe tenero. Cha¬
