3392 4384
250 284 1116 397 13. Miscellaneous
819 1873 1173 1979 Feuilleton.
769 1978 1242 2048 „Vom andern Ufer“.*)
673 2038 1340 2112 Drei Einakter von Felix Salten.
585 2091 1475 2150 Morituri stand über der ersten Einakter=Trilogie
524 2149 1470 2199 (von Sudermann), die uns den straffsten Einakter, ihrem
524 2191 1469 2238 Verfasser sein technisches Meisterstück („Fritzchen") gab.
530 2236 1475 2285 Morituri sind auch Felix Saltens Helden: der schwind¬
530 2284 1463 2331 süchtige Aristokrat, der vom Tode auferstandene Lebemann
533 2329 1472 2372 und selbst der entlarte Hochstapler; denn obwohl ihm
534 2369 1469 2417 sein Betrug — es ist eine pia traus, in seinen wie in
530 2416 1469 2467 des Dichters Angen — nicht den Kopf kosten wird, sieht
528 2458 1472 2507 er mit Verzweiflung sein schönes Lebenswerk zusammen¬
530 2506 1475 2553 stürzen, hat er die Empfindung, daß „alles vorbei, daß
524 2547 1451 2624 der einzige ist, der die Zeche bezahlt. „Letzte Worte
524 2589 1473 2643 „onnte Saldens Zyklus heißen. Mit einem von ihm
517 2639 1469 2684 selbst geprägten Terminus. Er zog es vor, ihn „Vom
522 2677 1469 2733 andern Ufer zu nennen. Schließlich läßt sich auch dieser
528 2725 1472 2782 Titel voll symbolischer Gebärde rechtfertigen. Man soll
528 2769 1475 2819 Titel nicht auf die Goldwage legen. Ohne kleine Ge¬
522 2815 1463 2863 waltsamkeiten geht es selten ab. Drei verschiedene Wein¬
524 2855 1469 2908 sorten tragen nicht einmal dasselbe Etikett. Einerlei:
528 2897 1371 2955 legen wir lieber die Werkchen auf die Goldwage
799 2984 1199 3057 Graf Festenberg.
579 3037 1463 3100 Joseph Wessely (für die Aufführung am Lessing¬
512 3080 1466 3138 Theater norddeutsch „Müller" umgetauft, hat bei einem
517 3136 1463 3191 Dragonerregiment gedient, ging dann nach New-York
512 3178 1432 3232 zu Delmonico, wo er sich ein Vermögen erwarb
516 3226 1463 3286 glauben wir es ihm aufs Wort! — kam dann nach
585 3277 1090 3350 *) S. Fischer Verlag, Berlin
996 3334 1078 3399 0
1308 289 1780 391 box 44/10
1519 1865 2463 1922 Paris ins Hotel Scribe, trotzdem er schon ein Vermögen
1519 1920 2460 1975 in der Tasche hatte, wo damals die Komtesse Helene
1519 1961 2457 2008 Laurentin mit ihrem Oheim, dem Reichsgrafen, wohnte.
1523 2007 2461 2058 Sie sehen und lieben war für den Kellner eins. „Es
1518 2047 2460 2098 gibt so viele Grafen, die Kellner geworden sind, warum
1519 2093 2460 2147 soll denn ein Kellner nicht einmal Graf werden?", das
1517 2139 2463 2184 war der Gedanke, der ihn fortan beherrschte. In seiner
1519 2180 2463 2232 dienenden Stellung fühlte er sich als „das Opfer eines
1517 2224 1807 2286 Besetzungsfehlers
1845 2222 2454 2275 — seltsam, in so feuilletonistischer
1519 2272 2448 2323 Terminologie denkt ein Mensch, der keine Theaterstücke
1525 2316 2451 2370 schreibt! —, der Kellner kam sich als verkappter Graf
1519 2362 2454 2406 vor. Und die Transformation war ihm leicht. Er hatte
1519 2405 2454 2451 in Amerika die Papiere eines elend zugrunde gegan¬
1519 2444 2454 2500 genen Grafen Festenberg angekauft. Was hinderte ihn
1513 2496 2457 2539 noch, sich für den Verschollenen auszugeben? Er brauchte
1519 2540 2452 2588 sich nur einen Bart wachsen zu lassen, um von der Ge¬
1513 2582 2448 2635 liebten, wenn er wieder vor sie hintrat, nicht erkannt
1513 2624 2451 2681 zu werden. Aber er hatte die Rechnung ohne den Vetter
1511 2669 2457 2717 gemacht, den abgewiesenen Vetter seiner Frau, der dem
1513 2714 2451 2770 hergelaufenen Kerl stets mit Mißtrauen begegnet war
1511 2758 2457 2810 und jetzt seine Vergangenheit aufdeckt. Der Herr Graf
1505 2801 2449 2852 wird ins Gefängnis spazieren. Doch vorher entwickelt
1513 2846 2448 2895 er in wohlgesetzter Rede seine Theorie, die in dem Satze
1504 2891 2455 2943 gipfelt: „Ich habe mich zu dem gemacht, zu was ich
1505 2934 2452 2989 geboren bin!“ Und er begründet sein Recht zu solchem
1507 2984 2445 3046 Tun damit, daß das Leben so stümperhaft, so lächer¬
1513 3022 2018 3069 lich zufällig, so talentos" sei.
1567 3063 2451 3118 Der Kellner als Programmatiker! Joseph Wessely
1505 3109 2454 3166 das Sprachrohr Felix Saltens! Wie Mephisto verkün¬
1505 3154 2451 3207 det er: „Vom Rechte, das mit uns geboren ist, von dem
1505 3198 2449 3249 ist, leider! nie die Frage.“ Ein geborner Aristokrat
1505 3246 2451 3296 (wie der rachsüchtige Vetter) kann eine Bureaukraten¬
1499 3287 2451 3359 natur sein, ein Kellner das Zeug zu einem Aristokraten
2495 1869 3350 1929 haben. Ein jeder darf die lächerliche Stümper
2501 1915 3348 1966 Schicksals" verbessern. Warum nicht? Diese W
2495 1955 3338 2010 ist so alt wie der Thüringer Wald. Glaubt sie
2505 2003 3353 2064 Salten im Ernst? Wir werden sehen, daß er im
2504 2057 3348 2110 ten Stück seinen gräflichen Kellner widerlegt oder
2495 2093 3334 2147 mindesten die Kehrseite der Medaille zeigt. Sol
2499 2135 3318 2188 daraus ein Strick gedreht werden? Durchaus
2501 2186 3317 2242 schließlich ist kein Gedanke richtig oder falsch;
2495 2227 3326 2287 Logik leiht ihm den größeren oder geringeren
2495 2275 3342 2325 von Wahrscheinlichkeit. Alles hängt von dem
2495 2318 3344 2363 punkt des Denkenden ab, von seinen Erfahrungen
2495 2366 3344 2416 Summe seiner Lebensschicksale und nicht zum min
2495 2407 3334 2454 von seinem Temperament. Und doch — keiner
2495 2449 3344 2501 über den Zufall seiner Geburt hinweg. Joseph A
2494 2498 3353 2555 will ihn nicht gelten lassen; aber er ist viel zu ge¬
2489 2534 3342 2607 um nicht zu wissen, daß Ausnahmen auch hier un
2493 2577 2777 2631 Regel bestätigen.
2550 2627 3342 2675 Salten hat in der Wahl seines Stoffes einen
2498 2671 3348 2723 ordentlich glücklichen Griff getan. In der Figur
2498 2713 3348 2764 vornehmen Schwindlers, der sich nicht bereichern,
2500 2759 3353 2804 dern auf den ihm kraft seiner Tüchtigkeit gebühr
2499 2802 3332 2852 Platz in der Gesellschaft stellen will — in dieser
2498 2843 3344 2905 steckt Erfindungsgabe. Freilich geht es nicht ganz
2495 2895 3348 2950 gewagte Voraussetzungen ab, die man immerhin
2499 2940 3353 2989 Freude über die Kühnheit der Fabel ruhig hinne
2499 2980 3344 3034 darf. Bedenklicher scheinen mir die Folgerungen
2489 3025 3332 3101 von einem sehr bürgerlichen Kopf gezogen werden.
2698 3143 3235 3216 Der Ernst des Lebens.
2551 3188 3330 3258 Es ist ein Januskopf. Hier zeigt er seine
2499 3245 3349 3298 seite. Verteidigt die Auffassung, daß das Leben geen
2483 3287 3348 3346 die einzige Form sei, „sich des Lebens einigerm
