3344 4352
1209 176 1691 284 box 44/10
161 170 1023 284 s
439 547 2912 677 und vom Mittelzimmer sieht man weit hinaus ins Land und in dem von seinem schönen Bart die Rede war. Herr Schnitzler
439 640 2915 757 freut sich der Nebelgebilde, die über den Städten hängen. Der erklärt, ihn würde das nicht ärgern, und Herr Bahr ist der
445 711 2003 773 echte Bahr aber zeigt sich mir im Studirzimmer. Es ist den gleichen Meinung
1793 708 2909 813 Wir kommen auf die Schauspielkunst der Duse. Ob Herr
442 760 1660 825 schönen Künsten und vor Allen Klimt geweiht. Da grüßt im
436 785 2909 893 Mittelfeld die „Wahrheit", mit dem häßlichen Antlitz und dem Bahr der Ansicht ist, daß ihre Kunst auf die deutschen Schau¬
439 859 2145 918 violeten Leib, und läßt an aller frauenhaften Anmuth zweifeln, spielerinnen gewirkt hat
1784 859 2915 958 Herr Bahr verneint sehr energisch. „Nein, sie haben nichts
436 909 1654 961 Aber es bannt den Besucher wohl und kann ihn in noch ge¬
448 940 2918 1014 sättigter Lanne zum Nachdenken bringen. Und das Ganze ist ein gelernt von ihr, oder doch Einiges. Sie zerraufen sich die
436 992 2909 1060 Tempel, nur daß dieses Bild von Sais sich Einem immerfort auf Haare, tragen keine Mieder und gefallen sich in den unmög¬
436 1039 2912 1113 drängt und die Nerven bedroht. Denn Bahr hat dem Erbauer lichsten Schaukelbewegungen." — Herr Bahr zeigt mir diese Dar¬
1685 1088 2912 1156 stellungskunst sehr drastisch, indem er seine noch immer stattliche
442 1100 1651 1162 des Hauses klar seine Ansicht kundgethan, für die Wahrheit
445 1134 2915 1209 Klimt's sollte ein Raum geschaffen werden, der das Bild in den Mähne kraut und im Sessel lustige Wippübungen macht. Und
436 1190 2921 1292 Vordergrund drängt und alles Andere in Form und Farbe ihm er hält überhaupt nichts von dem Adlernen, dem Copiren. Es
1685 1230 2912 1298 werden Namen genannt von Leuten, die Jeder auf seiner Walze
442 1255 1342 1317 zu Füßen legt. Das ist nun trefflich gelungen.
1682 1286 2915 1348 hat, und dann zwei, die nicht nachzuahmen sind: Baumeister,
550 1277 1657 1363 Bahr erzählt Wundervolles von dem Bild. Es hält ihn in
439 1317 2918 1407 Stimmung, es stärkt und kräftigt. Tritt er früh Morgens in sein Mitterwurzer, Schnitzler nennt auch den Namen Girardi, und
1685 1382 2912 1465 wie es kommt, daß seine unantastbare Originalität so viele Nach¬
436 1397 1654 1456 Zimmer, dann ist die Wahrheit vom Licht umfluthet, dann erleb
1688 1444 1954 1509 beter verträgt.
442 1444 1654 1502 er etwas wie Sonnenaufgang. Und stets, auch in trüben Tagen
1799 1453 2924 1549 „Das hat schon seinen Grund," sagt Bahr. „Er schöpft eben
436 1499 1657 1586 hat das Bild seine Kraft gewahrt. Da begreift sich's, daß er
1679 1524 2918 1592 aus dem Volk und es ist nur ein Beweis seiner Echtheit, wenn
439 1546 609 1620 es liebt.
1688 1580 2921 1648 Viele so sprechen wie er. Ich kenne einen Bäcker, der zur Zeit
553 1564 1663 1654 Wir sprechen nun von Klimt, und Hermann Bahr nennt ihn
442 1629 2921 1725 einen großen, fertigen Neuschen, der nur wie zufällig hier lebt, meinem Stubenmädchen den Hof macht, und ich kann nicht
983 1691 2915 1759 wahr ist, wie etwa die Franzosen, genug staunen, wie er dem Girardi in Gesten und Worten
436 1691 927 1753 der aber mit seiner Ko¬
445 1728 2918 1833 Er zeige mir die Bild der Duse, die sie zumeist in velker ähnelt, obzwar es sicher anzunehmen ist, daß er ihn vielleicht
1688 1771 2828 1858 nur einmal in seinem Leben auf der Bühne gesehen hat —.
433 1784 1660 1845 Sinnlichkeit wiedergeben. Wie theuer sie ihm ist, das weist wohl
1790 1811 2918 1898 Ob man Journalist und Bühnenschriftsteller sein kann, ohne
445 1830 1651 1901 ein Spruch der Künstlerin, der mit fester, erzwungener Männ
1679 1876 2680 1951 in einem eine Nebenbeschäftigung erblicken zu müssen?
436 1889 1530 1963 lichkeit über der Eingangsthür zu seinen Zimmern prangt.
1793 1920 2912 1985 Arthur Schuller läßt die Fragestellung nicht zu: „Das
553 1923 1663 1991 Und dann sprechen wir im Studirzimmer von all den
439 1972 2909 2043 tausend Dingen, über die der erfahrene, kluge, geistvolle Hausherr dürfen Sie doch nicht Bahr fragen, der Beides ist, denn über
436 2015 2915 2093 wie selten Einer zu sprechen weiß. Er stand Pathe, da viel sich selbst kann man nicht bei Beantwortung einer Frage stehen.
436 2071 2906 2167 große Dinge entstanden, aber sein Ruhm übertrifft seine Thaten Ich glaube aber, daß Goethe, Lessing und Hebbel den Be¬
436 2114 2906 2192 und er hat nur das Ueble, daß alle Auswüchse, alle Phrasen fähigungsnachweis erbracht haben, sie waren Kritiker, Journalisten,
445 2170 2915 2244 auf sein Conto kommen. Er lächelt und ereifert sich darüber Schriftsteller; man kann Arzt sein als Schriftsteller, man kann
1688 2223 2668 2284 Taschendieb sein, man muß nur Zeit genug haben.
439 2232 1660 2281 nicht, er gibt gern zu, daß viel hinter ihm liegt, daß er ge¬
1799 2275 2359 2325 Wie Hermann Bahr arbeitet
439 2278 1663 2340 sucht, getastet hat. Aber er vertritt das nur so beiläufig. Und
1799 2291 2912 2374 Es muß ihm etwas einfallen, blitzmäßig muß es ihn er¬
445 2318 1663 2383 so fand ich keinen Feuergeist, ahnte nur sein Temperament und
439 2362 2915 2430 war am meisten enttäuscht, als ich die Bahr=Locke verschwunden leuchten, das Andere geht dann leicht; der Weg von Hietzing nach
442 2411 2915 2507 fand, die so lange richtunggebend für das Aeußere junger seiner Wohnung in Ober=St. Veit kommt ihm prächtig zustatten,
1685 2464 2912 2516 da kommen die hübschesten Ideen. Auch Schnitzler ist gern allein
433 2470 696 2553 Talente war.
1685 2516 2912 2600 bei der ersten Arbeit, er liebt noch die Ortsveränderung, das
547 2488 1657 2578 Ein Get kam, da wir eben sprachen, und ich muß ihn ein
1685 2563 1892 2643 Radfahren.
445 2538 1654 2628 führen, denn es ist Dr. Arthur Schnitzler. Der machte sich um
1793 2584 2912 2668 Wir begeben uns ins blaue Zimmer und ich verabschiede
436 2618 1570 2680 gleich bequem, und es schien ihm ein Vergnügen, zu sehen,
1682 2649 2915 2714 mich. Da sieht man, was die Gewohnheit ausmacht, die grelle¬
439 2668 1558 2720 ein Anderer porträtirt wird. Bahr ist sehr leicht zu treffen,
1688 2711 2915 2764 Reflexe wirken jetzt nicht mehr so störend, und man wünschte in
439 2714 1549 2767 er macht Einen die Arbeit auch angenehm. Kennt er
1580 2711 1660 2770 doch
1688 2760 2912 2825 diesem Raume eine Frau zu sehen, mit rothem Haar und er¬
436 2757 1536 2841 selbst das Meter und weiß, daß es nichts Angenehmeres
442 2810 2396 2897 als auf ein Modell zu stoßen, das Kanten und Ecken hat, an gethan mit weißen, losen Gewändern.
1790 2825 2915 2906 Noch einmal kommt das Gespräch auf ver¬
436 2862 937 2937 die man den Meißel setzt.
1685 2890 2909 2965 gangene Zeit. „Weißt Du noch," sagt Schnitzler, „wie
556 2884 1654 2971 „Ob er seinen Einfluß auf die Auswüchse der Moderne
1768 2952 2912 3011 an jenem Abend zusammensaßen im Loth ager
436 2949 1660 3033 in Literatur und Kunst zugesteht oder ob es Legenden sind, die
1679 2995 2906 3082 Bierhaus und Du das Wort „die Moderne", kurz vorher geprägt,
430 3008 1202 3085 ihm die vielen Vaterschaften zusprechen?"
1685 3048 2890 3110 auf den Antrag eines Gastes zurücknahmst? Es war lustig!
544 3033 1657 3116 Bahr lächelt und zögert mit der Antwort, und Schnitzlei
1743 3094 2900 3169 Und Bahr lacht herzlich in der Erinnerung an jenen Abend
439 3085 1657 3175 meint mit seiner feinen, gut abgetönten Stimme: „Ist das nicht ein
1679 3153 2794 3212 es war ja doch eine Zeit, die Männer zum Reisen brachte.
436 3153 788 3233 bißchen zu grob
1793 3169 2906 3252 Auf dem Heinweg schien mir die Natur fabelhaft necht,
553 3175 1654 3258 Herr Bahr verwahrt sich dagegen, so vieles Unfruchtbar
1691 3237 2909 3305 Bahn's Stolz, der Marillenbaum hatte violette Flecke und seit
436 3240 1654 3314 gezeugt zu haben. Es sind also Legenden. „Denken Sie," sag
1691 3289 2912 3351 Haus war in grelles Roth getaucht, seine Hunde aber bellter
439 3295 1660 3351 er, „Mirbeau entdeckt Maeterlinck in Paris und ich führe den
1688 3345 2906 3400 blau. Ich glaube, so muß es jedem Naivling ergehen, der aus¬
439 3351 1657 3400 Dichter, durch den Artikel im „Figaro" angeregt, in Wien als
1691 3397 2405 3484 sieht, die Wahrheit zu schauen...
2640 3388 2872 3475 A. D.-G.
1332 3397 1657 3475 Oder denken Sie
436 3391 1292 3471 Conferencier ein. Bin ich da der Vater¬
433 3444 1666 3527 vielleicht, daß ich die Secession erfunden habe, oder daß ich an
393 3478 1233 3577 den Versen Hofmannsthals Schuld trage
550 3524 1660 3620 Und das Café Griensteidl? Die legendarische Kaffeehaus¬
430 3561 621 3666 literatur?
550 3604 1657 3694 Bahr lächelt und Schnitzler greift in die Debatte ein
430 3675 1663 3750 Der Eine erklärt, in seinem Leben nur zweimal mit Schnitzler
430 3731 1663 3787 und Hofmannsthal zusammen in dem genannten Café gewesen
430 3781 1663 3842 zu sein, der Zweite ist geärgert darüber, daß man noch immer
439 3833 1663 3883 in „trefflich" informirten Zeitschriften von ihm als Kaffeehausdichter
433 3883 1666 3938 spricht. Und ich entnehme den Ausführungen Folgendes: Das
436 3926 1663 3978 mit dem Café Griensteidl und den großen Schlagworten, die
436 3972 1663 4028 dort von Bahr ausgegeben worden sein sollen, ist Erfindung und
436 4028 1663 4084 Eselei. Aber Bahr amüsirt sich darüber, daß die Legende noch
433 4068 1666 4130 heute erhalten ist. Er will Mode gemacht haben vor Jahren in
433 4118 1669 4170 Berlin, als er, Tovote und Holz einen neuen Stil creirten
