3344 4320
216 192 354 284 13.
401 187 1078 305 Miscellaneous
1266 187 1736 288 box 44/10
2867 492 3035 577 Nr. 8.
1589 492 2044 577 Die Gegenwart.
597 495 700 586 122
594 639 1782 718 nach diesen Ehe=Erfahrungen? Was man haben will, kriegt
1853 629 3038 715 mittelbar schädlich, sofern man sie als das Echte, Wahre,
1859 709 3039 758 Große ausprahlt, indeß sie höchstens eine anregende Specia¬
600 704 1785 758 man wohl auch ohne Heirath — um dies Gleichniß fort¬
1859 757 3035 811 lität bilden. Weß Geistes Kind aber solch jeweiliger Cultus,
597 754 1782 816 zusetzen. Aber ach, wenn man eine Frau wahrhaft liebt,
1862 806 3038 865 zeigt das Verfolgen oder Todtschweigen alles Andern, das
603 803 1784 855 begnügt man sich ungern mit Anderem als Heirath. Und
1862 846 3038 905 nicht in den Kram paßt, das Versündigen auf jede nur er¬
597 850 1785 911 die Frau selber hat da ein Wort mitzusprechen. Die Muse
1859 899 3039 956 denkliche Weise an allem Selbstständigen, was außerhalb
600 896 1778 957 läßt sich auf bloße Flirts nicht ein, sie will solide, unzer¬
1859 950 3039 1006 der Cliquenschablone schafft. Kann es da Wunder nehmen,
603 950 1788 1012 trennliche Ehe. Wenn sie solche Rücksichten verdient! Wie
1862 1000 3047 1055 wenn bei manchem Unterdrückten eine persönlich antisemitische
603 996 1776 1058 leicht macht man Dummheiten, wenn man zu den Männern
1865 1051 3045 1101 Tendenz erwacht, wobei persönlicher Zorn sich mit idealer
606 1055 1786 1107 gehört, die am Weibe zu Grunde gehen! Dann kann man
1859 1095 3044 1150 Ueberzeugung verschmitzt, indem man die Alleinherrschaft
606 1098 1779 1161 sich freilich guten Rath sparen. Denn man pflegt Freunde
1865 1147 3041 1205 jüdischen Geschmacks für den Ruin deutscher Literatur hält?
603 1149 1778 1199 nicht ins Vertrauen zu ziehen, ihnen keine Geheimnisse an¬
1862 1190 3047 1259 Jeder Vernünftige wird sich stets von Pöbelantisemitismus
603 1196 1785 1266 zuvertrauen. Es muß also Jeder selbst allein wissen, auf wie
1862 1245 3047 1296 und Vorurtheil gegen den einzelnen anständigen Juden frei¬
600 1248 1403 1303 intimem Fuße er mit seiner Muse steht
1862 1292 3047 1355 halten, sich wirkliche jüdische Genialitätserscheinungen wie
704 1290 1788 1351 Sie fragen mich mit schönem Idealismus, ob denn meine
1871 1342 2635 1409 Heine und Lassalle nicht rauben lassen.
606 1344 1792 1403 Ausfälle auf die Shylockpresse wirklich berechtigt seien, und ich
1956 1382 3050 1442 Aber vermuthlich täuscht man sich überhaupt, wenn man
600 1394 1785 1455 wirklich glaube, das Judenthum allein für unsere Literatur¬
1862 1437 3047 1489 den Einfluß des Judenthums in Literaturbeherrschung anders
606 1442 1779 1507 zustände verantwortlich machen zu sollen. Da haben Sie mich
1865 1489 3041 1546 als rein materiell und praktisch auffaßt. Allerdings sind
603 1483 1798 1550 gründlich mißverstanden. Freilich bleibt der von mir erhoben
1859 1540 3050 1598 Literaturgeschichten des Berliner Thiergartenviertels wie die
603 1541 1785 1599 Vorwurf, das Literaturjudenthum beurtheile alles lediglich
1868 1590 3044 1639 von R. Meyer und E. Engel ganz dazu angethan, solche
606 1590 1786 1651 vom persönlich jüdischen Standpunkt, zu Recht bestehen. Viel¬
1865 1632 3041 1685 Täuschung zu erwecken. Doch wir wollen hier keine Psycho¬
603 1635 1784 1693 leicht hängt dies aber mehr mit dem Capitalismus jüdischer
1871 1685 3047 1737 logie der Retourkutsche treiben und vielmehr allgemeinen Zeit¬
609 1688 1794 1740 Verlegersultane als mit dem eignen Empfinden jüdischer
1874 1736 3026 1806 symptomen nachgehen, die ganz und gar nichts mit „Jüdischem
600 1731 1782 1795 Literaten zusammen. Denn man soll nicht vergessen, daß so
600 1788 1788 1846 wilde Antisemiten wie Richard Wagner und Eugen Dühring
1865 1785 2148 1849 zu thun haben.
1965 1800 3050 1889 Ein pietätloses Strebergeschlecht ist aufgekommen, das
600 1834 1791 1889 begeisterte jüdische Anhänger fanden. Zur Ehre der Juden
1865 1885 3050 1934 über alle einstigen Vorkämpfer zur Tagesordnung übergeht
606 1883 1786 1943 sei es gesagt: alles Großgeistige berührt anregend ihr leb¬
1868 1935 3048 1984 und mit jugendlicher Frechheit von sich aus einen neuen Styl
603 1931 1791 1999 haftes Geistesleben. Nur daß eben oft das Minderwerthige
1865 1981 3045 2033 datirt. Wer sind denn diese Kerr, Bartels, Busse u. s. f., diese
609 1983 1785 2045 eines Großen (z. B. bei Wagner seine ungebärdige Sinnen¬
1871 2023 3047 2085 schönredenden Literaturdocirer wie Meyer und Erich Schmidt,
609 2027 1791 2094 gier) ihre Instincte erfreut und das Starr=Germanische,
1865 2081 3050 2134 daß sie als Finder neuer Maße sich brüsten? Nicht einer von
609 2082 1791 2134 wo immer es auftritt, sie abstößt. Daß nur durch die
1865 2125 3047 2183 ihnen könnte auch nur ein Capitel einer wahren Literatur¬
608 2128 1789 2185 Berliner Clique das Verdienst in die Ecke gedrängt und
1874 2174 3047 2235 geschichte leisten, wie außer mir auch Julius Hart es vermochte.
609 2180 1794 2244 die Blague auf den Schild erhoben werde, heißt einseitig
1877 2226 3050 2283 Selbst auf ihrem angemaßten Kritikgebiete sind sie alle nur
609 2222 1789 2280 urtheilen. Es wäre vornehmdenkenden Juden gewiß unsäg¬
1870 2278 3047 2326 kümmerliche Anfänger, denen jede wahre Grundbildung, näm¬
609 2277 1791 2332 lich unangenehm, wenn die Zustände der Literatencanaille
1871 2322 3047 2379 lich genaue Kenntniß der außerdeutschen Weltliteratur, voll¬
609 2327 1789 2381 einzig von findigem Hebräerthum herrührten. Aber ein
1880 2377 3041 2437 ständig fehlt. Man staunt über solche Ungezogenheit und
609 2375 1789 2430 Vernünftiger wird auch nie behaupten, daß die Juden als
1874 2421 3050 2476 muß aus vollem Halse lachen, wenn schon die jüngsten Bürsch¬
614 2426 1795 2486 solche hier die allein Schuldigen sind. Allerdings haben
1873 2475 3047 2524 chen ihr Rotznäschen über Männer rümpfen, die im Kampfe
618 2476 1791 2536 sie den alten Geisteslastern der Deutschen neue eingeimpft,
1877 2521 3050 2577 standen, als sie noch in den literarischen Windeln lagen. Bei
600 2527 1795 2586 doch es muß stets betont werden, daß die deutsche Literatur
1871 2562 3051 2629 den jüngsten weihevollen Kunsttiftelern versteht man kaum
609 2570 1789 2640 verloren wäre, an materieller und akademischer Auszehrung
1874 2619 3050 2671 mehr unter einem Wust von orakelhaften Redensarten, was
618 2622 1798 2678 stürbe, wenn nicht die Juden mit ihren starken geistigen Be¬
1874 2669 3050 2727 sie eigentlich wollen, indem sie in Verstiegenheiten eines Hoff¬
606 2671 1794 2726 dürfnissen und ihrer Emotionsfähigkeit, die auf künstlerische
1871 2714 3056 2770 mannsthal einen wunderbaren Höhenaufstieg besingen. Das
609 2717 1797 2776 Reize reagirt, das Stagniren hinderten. Und bei einer Nation,
1865 2763 3056 2818 alles klingt so weise und förmlich hegelianisch tiefsinnig, in
609 2769 1791 2830 wo tüchtige Volksschriftsteller, wie Rosegger, Ganghofer u. dgl.
1871 2810 3056 2880 Frankreich und England ist man noch nicht so weit. Wenn
606 2818 1791 2867 oder tiefer hinab gar ein Tanera oder May zu den allergelesensten
1868 2864 3056 2915 mans so hört, möchts leidlich scheinen! meint das arme Gret¬
612 2864 1785 2920 Autoren zählen, kann man im Verhältniß hierzu die vom Juden¬
1874 2915 3056 2967 chen, das Aschenbrödel gesunder Menschenverstand. Ach, man
615 2912 1773 2974 thum inscenirten Modegrößen noch als wenigstens „literarisch
1868 2959 3053 3017 lasse sich keinen Bären aufbinden! Worte, Worte, Worte und
609 2961 1791 3022 begrüßen. Die erste Phase der Herrschaft des Judenthums
1874 3010 3056 3059 nichts dahinter. Neuer Styl der Decadents? Welchen denn?
606 3004 1794 3065 in Literatur und Presse brachte die Aera Lindau=Blumenthal:
1871 3057 3051 3115 Den der großspurigen Impotenz. Und selbst den nicht mal!
609 3056 1789 3111 die Theetischeleganz der Heyse und Ebers. Nachdem dies
1877 3108 3050 3161 Eine große That in Worten kündigen sie prahlend an, und
615 3105 1797 3170 Regiment durch die „Revolution der Literatur“ gebrochen,
1870 3155 3047 3216 besieht man sich dann die Mißgeburten, sind Bastard=Wechsel¬
609 3157 1794 3212 bemächtigte sich das tonangebende Judenthum der realistischen
1877 3203 3057 3265 bälge ältester Style, Romantik und Classicität unorganisch
609 3207 1791 3264 Bewegung. Zuerst stellte die Mosse=Clique den schönbärtigen
1874 3252 3056 3308 verquickt. Ihre Kraft steckt lediglich im ästhetisch verzückten
615 3259 1795 3322 Sudermann als Messias auf, dann schuf Brahm, der hierfür
1877 3301 3057 3354 Wort, mit dem die Jugend ja so bald fertig ist. Der naive
606 3299 1794 3360 das gesammte Salonjudenthum mobil machte, den Haupt¬
1877 3344 3054 3415 Leser kann es nicht anders leugnen wie Paula Erbswurst,
606 3347 1788 3409 mann, nebenbei auch ein kleines Nachahmertalent wie G. Hirsch¬
1874 3401 3056 3454 daß so geistreich klingt, was sie orakeln. Doch in diesem
615 3406 1795 3457 feld einschmuggelnd. Sobald neuerdings diese Gattung in
1874 3451 3056 3508 neuen l’art pour l'art formkünstelt nur der antigermanische
606 3454 1794 3506 Mißcredit kam, schlug man „intime" und symbolistische Töne
1868 3497 3056 3557 Kult des Aeußerlichen. Soll man daneben das Aufblähen
612 3500 1792 3558 an und proclamirte, — Liliencron und den kraftvoll fau¬
1873 3551 3054 3609 der sogenannten Heimathkünstlerei als gesunderen Zug be¬
609 3540 1794 3609 nischen Dehmel bei Seite schiebend, die schon in Sinnlichkeit
1877 3595 3057 3652 grüßen, der sich in den Provinzen gegen das herrschende
615 3594 1425 3649 und „Plastik", das Feld geebnet hatten
1504 3597 1792 3667 vier weihevolle
1871 3640 3053 3705 Berlino=Juderthum rührt? Nehmen wir Freussen als
612 3647 1792 3699 Eklektiker, (sämmtlich Juden), Schnitzler, Hofmannsthal, Beer¬
1874 3687 3062 3745 beliebtestes Schnittmuster dieser Mode, so haben wir nur
618 3699 1791 3757 Hofmann, Stephan George, als Messiasse. Nun soll die Be¬
1865 3735 3053 3796 Neuaufwärmung der seligen Bauerngeschichte, kein Jota
606 3741 1788 3805 gabung all dieser Literaten nicht verkannt werden. Doch die
1874 3788 3047 3848 wahrer. Angebliches Hinabsteigen in Tiefen der Volks¬
606 3797 1791 3855 maßlose Ueberschätzung insbesondere Hauptmanns als eines
1877 3840 3050 3903 seele darf nie zu moralisch-sentimentalen Lyrismen führen,
615 3843 1791 3895 Ganzgroßen beruht nur auf einer künstlichen Schwindelmache.
1871 3887 3053 3939 wenn noch ein Fünchen Wahrheit angeblasen werden soll.
614 3891 1791 3947 Jede diese literarischen strebungen, kleinbürgerliche Epik des
614 3939 855 4001 Pseudor
1874 3937 3050 3995 Dieser Volksseele harte Dürre und Nüchterne und kindlich
1101 3940 1791 3998 kann, französischer Hautgout Suder¬
1874 3986 3050 4046 primitive Naivität allem Großgeistigen aber kann nie
609 3980 1791 4069 mannelige Formpflege der Wiener, wirkt un¬
