3344 4352
209 196 361 286 13.
413 180 982 296 n
1267 195 1738 299 box 44/10
1439 1031 1737 1098 DER KIEBITZ.
1107 1145 2014 1230 Dann tat er zum Blatt der Steyrermühl
1102 1221 1889 1303 Zu Wilhelm von Isidor springen,
1107 1281 1743 1351 Er blieb dort weiter Original,
1115 1343 1881 1426 Wollt nicht wie Wilhelm singen.
1102 1437 1987 1539 Es wurden ihm plötzlich Minen gelegt,
1102 1519 1743 1579 Das Feuilleton ihn bekämpfte
1103 1575 1746 1636 Und seine kritische Tatenlust
1101 1639 1749 1704 Man ohne Rücksicht dämpfte.
1096 1760 2012 1828 Da nahm er den Ruf nach München an,
1096 1809 1696 1887 Drei Bühnen dort zu leiten,
1101 1872 2003 1955 Jedoch die Schwarzen begannen sogleich
1101 1927 1652 1995 Mit ihren Grausamkeiten.
1101 2042 1683 2124 Sie riefen alle Heiligen an,
1096 2108 1877 2184 Um Bahr in den Grund zu bohren,
1100 2174 2053 2242 Besonders Sankt Veit, trotzdem den Prozess
1100 2228 1714 2317 Die Gegner damals verloren.
1097 2348 2006 2421 Jetzt kommt der Hermann nach Berlin,
1100 2413 1803 2490 Man hört von Triumphen sagen,
1091 2463 1835 2531 Jedoch zu früh, es ist noch nicht
1095 2533 1831 2626 Die Hermannsschlacht geschlagen.
1094 2633 1987 2718 Der Reinhardt, dieser geschickte Mann,
1097 2699 1753 2769 Will setzen ihn dort in Szene,
1101 2769 1981 2840 Wer weiss, ob für lange, es ist wohl nur
1090 2826 1966 2915 Ein Sommernachtstraum, wie ich wähne.
1091 2938 2037 3004 Wen nehme ich jetzt nach Hermann Bahr?
1091 2997 1690 3063 Ein wenig dabei ich stocke
1089 3060 2038 3144 Je nun, ich fasse den Schnitzler beim Haar,
1090 3120 1722 3211 Er hat eine praktische Locke.
1089 3231 1868 3308 Sein Vater, der grosse Kehlkopfarzt,
1089 3299 1817 3358 Musst ihn zum Dichter gestalten,
1088 3354 1963 3432 Er lehrte ihn, der Menschheit mit Kunst
1089 3409 1621 3495 Den Spiegel vorzuhalten.
