3344 4352
1211 195 1676 289 box 44/10
157 188 1009 306 nous
2160 1009 2245 1084 767
994 1070 2244 1173 ... Hugo von Hofmannsthal! Ich verehre in ihm einen Menschen
865 1142 2237 1214 von eminentestem, repräsentativem Kulturcharakter. An Wissen, an
872 1192 2240 1264 Geschmack, an Sprache, an Gefühl für Schönheit kommt ihm kaum
870 1245 2233 1303 einer gleich. Er schreibt Verse von einem Wohlklang und von einer
881 1291 2244 1358 süßen Reife, daß sie wie ein schimmernder Rausch einem ins Blut
882 1344 2240 1409 gehen und doch gleichzeitig unser geistiges Wesen aufs innigste beschäftigen.
877 1395 2240 1454 Seine Prosaaufsätze sind solche Wunderwerke, daß ich sie mit Boulle¬
874 1442 2233 1501 Uhren vergleichen möchte. So herrlich sind sie in ihrer Struktur und
879 1484 2237 1553 so verschwenderisch in der wohlberechneten Fülle ihre Schmuckes. Und
865 1542 2233 1611 damit Sie nicht meinen, daß ich des Dramatikers Leistungen unterschätze,
867 1594 2238 1650 will ich bekennen, daß ich der „Elektra“ einen der überwältigendsten
872 1633 2237 1700 Kunsteindrücke meines Lebens verdanke; und daß ich es als einen meiner
877 1683 2235 1746 schmerzlichsten Verluste empfinde, bisher „Odipus und die Sphinx" nicht
867 1732 1221 1797 gesehen zu haben.
990 1782 2235 1855 Trotzdem werfe ich die Frage auf: schenkt dieser Dichter uns neue
874 1826 2233 1902 Visionen unseres Lebens? Wühlt und arbeitet in ihm eine Kraft, die,
867 1891 2242 1948 aus unterirdischen Quellen kommend, bisher verborgene Edelmetalle ans
870 1931 2240 1999 Licht schwemmt? Ich wage nicht, Ja zu sagen. Dafür hat mir die
869 1980 2228 2052 Gesamtheit der Hofmannsthalschen Dichtung zu viele Voraussetzungen.
869 2030 2233 2093 So reich sie ist, so lauter sie funkelt, sie ist doch überall bedingt und
870 2084 2237 2143 abgeleitet. Sie ist durch und durch Kulturprodukt. Insofern also
872 2126 2232 2197 gewiß auch Repräsentant einer Kultur (hoch, höher, am höchsten),
932 2182 2233 2249 doch eines leider nicht: kulturschöpferisch. Sie weist nicht in die
870 2233 2232 2300 Zukunft, sondern sie baut sich zusammen aus Vergangenheiten. Sie
870 2276 2232 2343 ist ein Museum aller schönen Worte, erlesenen Gefühle, durchgereiften
874 2322 2232 2392 Weisheiten. Und schafft neue Museumsstücke hinzu, voll aparter Ein¬
867 2368 2225 2435 fälle, feinstudierter Wendungen, sinnvoller Abstufungen, reizender Über¬
862 2432 2225 2491 raschungen. Überall spüren wir das bereits Erreichte, nirgendwo das
860 2480 2232 2548 noch zu Erreichende. Wir wissen uns in der besten und vornehmsten
862 2529 2226 2592 aller Gesellschaften, aber die Fenster sind geschlossen, und der Wildbach,
858 2565 2225 2649 der draußen tobt, dringt nicht an unser Ohr. Oder wenn er es dennoch
865 2623 2225 2681 tut — so ist sein elementarisches Wüten durch eine kunstvolle Stufen¬
860 2666 2228 2745 leiter von Übertragungen derart sinnreich in ein wohlabgestimmtes Tönen
862 2717 2096 2789 verwandelt, daß es ohne innere Schrecken uns ästhetisch ergötzt
2144 2729 2232 2811 wie
865 2763 1363 2844 ein Rossinisches Gewitter.
987 2818 2225 2878 So wird man denn sagen müssen, daß der Hofmannsthalschen
862 2866 2220 2931 Dichtung das Erlebnis fehlt. Oder vielmehr, sie kennt nur ein einziges
870 2914 2221 2977 Erlebnis: ihre eigene Entstehung. Gewiß, dies soll das letzte und
864 2962 2223 3037 höchste Erlebnis jeder Dichterseele sein. Aber die Dichterseele ist doch
857 3025 2221 3087 nur der innerste Kern einer Menschenseele, und erst, was diese durch¬
855 3073 2221 3124 macht an Bangnissen, Ungewißheiten, Seligkeiten und Schrecken und
860 3124 2214 3187 alles, was ihr aufgeladen ward an leidvollen Entbehrungen und schick¬
869 3160 2228 3222 salsschweren Verantwortungen, erst das formt für sie den Stoff innerer
865 3213 2228 3275 Erlebnisse, der dann in den Berührungen und Reibungen mit der
858 3263 2221 3326 äußeren Welt sich schöpferisch entzündet. Ich meine also dieses: eine
862 3309 2225 3370 Dichterseele muß teilhaben am Leiden der Gesamtheit, und gerade an
862 3357 2221 3420 ihren primitivsten und alltäglichsten Leiden, sie darf sich in der Hinsicht
858 3417 2221 3466 nicht unterscheiden wollen, sie muß animalisch, elementarisch und ge¬
870 3456 2232 3521 schwisterlich sein — das gibt ihr ihren höchsten Reichtum und schafft
855 3506 2221 3581 ihr ihren lebendigsten Untergrund. Gräbt man bei Hofmannsthal in
858 3555 2228 3630 die Tiefe, so spürt man von allem diesem äußerst wenig. Hingegen
