3344 4352
191 204 339 299 13.
373 192 996 289 Miscellano
1239 172 1704 291 box 44/10
1261 395 2251 497 Bukovics un murhat.
1622 475 1892 555 (Wechselgesang.)
1633 534 1874 602 Burckhard:
1341 603 2068 666 Wie geht's, College, was machen Sie
1352 644 1843 710 In diesen schönen Tagen?
1350 681 1964 753 Schlug ein die jüngste Première
1347 744 2052 813 Und wird sie der Casse was tragen?
1657 803 1881 878 Bukovics:
1344 851 2179 927 Mir scheint, mein Herr, Sie frozzeln mich,
1349 920 1933 988 Sie wissen es doch am besten,
1359 948 2032 1026 Mit Wiener Autoren geht es nicht,
1355 1013 2002 1087 Es geht nur mit fremden Gästen.
1657 1082 1899 1149 Burckhard:
1353 1140 2167 1211 Sie spielen am Ende auf Schnitzler an?
1353 1193 1961 1266 Den lasse ich mir nicht schelten.
1359 1240 2005 1306 Sein Vater war ein edler Mann,
1362 1290 2072 1372 Wir mußten dem Sohn es vergelten.
1666 1365 1889 1437 Bukovics:
1353 1415 2173 1476 Mein David ist auch ein prächtiger Herr,
1371 1472 2016 1535 Ist Kritiker auch, wie Sie wissen.
1371 1525 2046 1597 Und Solchen widersteht man schwer
1368 1570 1853 1651 Im Reiche der Coulissen.
1654 1642 1902 1705 Burckhard:
1371 1702 2103 1758 Wir wollen durchaus es nicht bereuen,
1365 1754 1961 1818 Daß wir den Wiener Autoren
1372 1792 2074 1864 Entgegengekommen, denn solche Mühe
1372 1855 1895 1927 Ist sicher niemals verloren.
1680 1906 1902 1981 Bukovics:
1377 1969 2050 2044 Ich blute gern für heimische Kunst,
1369 2027 1905 2087 Für Wiener Dramendichter,
1375 2068 2056 2134 Besonders wenn für Journale auch
1379 2129 1990 2195 Sie wirken als kritische Richter.
1677 2184 1918 2257 Burckhard:
1374 2242 2065 2307 Bei mir entfällt auch dieses Motiv,
1385 2295 2069 2361 Ich mache mir nichts aus Kritiken,
1385 2342 2134 2416 Aus Liebe zur Heimat komme ich bloß
1385 2402 1993 2477 Entgegen den Wiener Stücken.
1696 2464 1918 2533 Bukovics:
1379 2509 2141 2581 Bei mir kommt noch Brociner d'ran,
1391 2570 2169 2631 Der einst die „Sintfluth" mir brachte.
1391 2619 2160 2699 Ach „Nässe schadet", wie ich erst jüngst
1387 2671 1930 2743 Beim „Regentage“ dachte.
1688 2740 1933 2809 Burckhard:
1397 2796 2204 2851 Sein Sie beruhigt, mein werther Freund,
1400 2850 1958 2907 Es wird schon was gelingen,
1400 2895 2028 2969 Das Volkstheatergeschäft, das ist
1406 2947 1986 3022 Entschieden nicht umzubringen.
1704 3008 1927 3076 Bukovics:
1406 3048 2187 3133 Ich will es hoffen, d'rum geh' ich sofort
1412 3118 2182 3182 Jetzt nach der Hauptstadt der Franken.
1409 3174 2030 3226 Die beste Küche findet man dort
1406 3227 2018 3292 Und die besten Theatergedanken.
1478 3321 2182 3413 Neue Redensart aus Madagascar.
1347 3408 2065 3496 Habens kann Howa gesehen?
1406 3535 2272 3636 Von der Landtagswahl im I. Bezirk.
1338 3616 2416 3685 Merkwürdig! Sowohl die liberalen Blätter, als die anti¬
1247 3680 2421 3749 semitischen schweigen sich über meine Wahl in den Landtag
1239 3733 2420 3792 gründlich aus. Am Ende hat's ihnen doch nicht die Red ver¬
1243 3769 2297 3846 schlagen, die ich bei meiner Candidatur gehalten habe?
2054 3801 2370 3884 Der Gewählte.
1353 3926 2426 4012 Landtagsabgeordneter Picker tritt bloß als Einjähriger
1250 4005 2424 4058 in den Landtag. Bis zum Führer wird er es kaum bringen.
