3344 4352
1813 109 2786 203 .
788 165 1787 215 l'analogie des productions littéraires: peu d'é¬
1813 193 2811 243 ni dans l'avenir, c'est d'être le poète d'un tout
788 210 1787 279 crivains allemands ont moins imité les Français
1818 238 2809 299 petit monde fermé qu'on embrasse d'un regard
791 256 1790 324 que Schnitzler, et pourtant aucun d’entre eux
1815 281 2804 340 et qui se confine dans les préoccupations mi¬
788 304 1787 365 ne ressemble davantage à Maurice Donnay ou
1813 332 2811 390 nuscules de l'heure présente. De l'amour, de la
788 355 1095 423 à Maupassant.
1810 378 2811 444 joie, un peu de mélancolie, beaucoup d'égoïsme;
824 373 1780 461 Ses personnages n’ont ni la gravité, ni la rai¬
1820 426 2799 482 quelques viveurs, quelques grisettes, des ac¬
786 446 1790 515 deur des Allemands du Nord ; ils sont plus lé¬
1820 469 2809 535 trices, des littérateurs et des officiers, voilà ce
788 504 1777 563 gers et plus artistes. Les grands problèmes mé¬
1820 522 2809 581 qu'il décrit sans cesse. Et aucune de ces créa¬
788 550 1787 608 taphysiques et moraux ne les préoccupent guère
1820 573 2809 636 tures frivoles et vibrantes de vie animale ne se
834 598 1782 654 mais ils ont l'instinct de la vie heureuse. Ils
1815 621 2816 684 pose de questions troublantes sur la puissance
783 644 1785 707 recherchent le plaisir comme des êtres naïfs,
1820 667 2819 728 de la volonté, sur la destinée humaine, sur le
791 687 1780 755 prime-sautiers, tout proches encore de la na¬
1815 717 2819 778 sens moral de l'univers. Ces gens ne s'efforcent
786 745 1787 799 ture, — ils en jouissent avec des âmes com¬
1820 763 2814 824 pas de réaliser un type, ils n'ont pas la préten¬
786 791 1785 854 plexes, affinées par une culture excessive. L'idée
1818 814 2816 867 tion d'incarner quelque obscur symbole. Ar¬
786 842 1790 910 de la mort ne les fait pas réfléchir, mais elle
1820 852 2819 913 thur Schnitzler ne pense pas, il se contente de
791 890 1780 953 es trouble et les épouvante ; car ils aiment la
1818 908 2816 968 de peindre. En d'autres termes, comme les
788 935 1787 1006 vie avec sensualité et ils ne voient au delà que
1818 948 2816 1027 classiques français, il fait de la psycholo¬
791 986 984 1049 e néant.
1818 999 2821 1075 gie sans y mêler de la métaphysique, et
821 1017 1785 1088 L'auteur de Liebelei, d'Anatol, de Lebendige
1820 1044 2821 1110 c'est chose assez rare et généralement peu
791 1080 1790 1138 Stunden ne semble pas avoir eu d’autre ambi¬
1818 1095 2819 1161 goûtée en Allemagne. Et, d'autre part, dans
793 1136 1780 1194 tion que de faire l'analyse très subtile de ces
1813 1148 2816 1204 toutes ses œuvres (dont plusieurs, il faut
786 1181 1780 1237 sentiments très simples et vieux comme l'hu¬
1813 1197 2821 1257 bien le dire, sont assez médiocres), Arthur
786 1232 1785 1280 manité : le plaisir de vivre, la peur de mourir.
1813 1242 2819 1295 Schnitzler donne une importance très grande à
793 1278 1785 1338 M. Schnitzler est le fils d'un médecin — il a été
1820 1288 2821 1359 la forme ; il veut avant tout qu’elle soit limpide
788 1323 1780 1382 médecin lui-même ; c'est sans doute ce qui lu¬
1815 1336 2821 1407 et bien équilibrée, et qu’il se rapproche aussi
791 1374 1790 1432 permis de rajeunir des sujets aussi banals. Pour
1820 1379 2819 1445 des habitudes françaises au grand scandale des
783 1420 1782 1480 lui le vouloir vivre n’est pas une réminiscence
1810 1430 2816 1501 amateurs d'esthétiques nébuleuses. N'est-il
793 1468 1792 1536 philosophique; c'est une brutale réalité qu’il a
1825 1478 2816 1536 donc pas permis de regretter que son nom scit
786 1524 2819 1582 chaque jour anxieusement observée : dans la à peine connu en France, alors que, depuis
783 1559 1790 1630 nouvelle intitulée Sterben, Félix révèle à son
1818 1584 2824 1665 Liebelei (1895), il est presque célèbre dans l'Eu¬
783 1610 1790 1676 amie qu’il est destiné à mourir phtisique.
1820 1630 2117 1704 rope entière?
788 1663 1790 1719 Elle l’aime, elle lui promet de se tuer quand
2269 1648 2778 1744 EDMOND FLEGENHEIMER.
786 1716 1800 1774 l'heure sera venue ; mais il ne veut pas
793 1757 1820 1830 qu'elle meure avec lui. Félix est courage
786 1800 1795 1871 et généreux; Marie est gaie, naïve, sentimen¬
791 1856 1795 1916 tale. Ils continuent de s'aimer. Ils oublient la
791 1901 1792 1965 mort qui les guette. Mais la phtisie amaigrit et
791 1949 1792 2023 défigure l’insoucieux amant ; et voici que, dans
786 2000 1797 2053 son corps décharné, une âme nouvelle éclôt, une
788 2046 1800 2107 âme égoïste, dure et jalouse. Il souffre et il
793 2099 1800 2162 voudrait qu’on souffrit autour de lui ; il rappelle
793 2142 1800 2205 cruellement à Marie sa promesse ; il exige
791 2185 1802 2254 maintenant d'elle le sacrifice qu’il avait d'abord
788 2233 1802 2312 refusé. Il la hait parce qu'il se sent mourir et
801 2282 1792 2358 qu’elle a encore la force de vivre et, dans un ac¬
796 2332 1795 2393 cès de désespoir et de délire, il tente de l'assas¬
801 2383 1800 2441 siner. Cependant, chez elle, l’amour a fait place
796 2431 1795 2484 à la pitié, puis la pitié à l'indifférence. Ce mori¬
801 2477 1792 2538 bond l'effraye et l'ennuie. Tandis qu’il agonise,
804 2527 1802 2588 Vienne resplendit au soleil du printemps nou¬
796 2578 1696 2639 veau, Félix meurt, Marie s'enfuit délivrée.
849 2621 1810 2690 La situation est plus singulière encore dans
804 2677 1805 2738 un petit acte que Schnitzler a publié cette
806 2725 1805 2783 année-ci : les Derniers Masques. L'auteur a
806 2778 1810 2839 voulu montrer ici comment, à l'approche de la
804 2814 1802 2885 mort, toutes les mesquines vanités d’une âme
809 2870 1807 2928 vindicative peuvent subitement s'évanouir. —
811 2913 1805 2984 Une petite chambre d’hôpital où causent ami¬
806 2961 1807 3027 calement l’acteur Florian Jackwerth et le jour¬
804 3019 1810 3067 naliste Karl Rademacher. Il ne leur reste pas
811 3057 1810 3118 deux jours à vivre. L’acteur ne croit pas perdre
806 3113 1810 3169 son temps à l’hôpital ; il y a fait une découverte :
804 3161 1818 3219 c'est que par une intuition mystérieuse on peut
804 3209 1815 3265 dégager d’un visage triste ou souffrant une ex¬
806 3252 1810 3316 pression comique ; il suffit à Florian Jackwerth
809 3301 1810 3369 de regarder un homme qui meurt pour savoir
809 3344 1810 3417 quelle tête cet homme ferait si on lui racontait
811 3402 1815 3463 un bon mot. Rademacher attend un « ami » sur
809 3448 1813 3508 qui Florian pourra faire des études de physio¬
809 3493 1807 3564 nomie. Il y a bien longtemps que le pauvre jour¬
809 3539 1810 3605 naliste, le lamentable raté, n'a pas adressé la pa¬
819 3597 1820 3650 role à son vieux camarade, le célèbre poète
814 3640 1818 3696 Alexander Weihgast; il vient de le faire appeler
809 3686 1820 3747 afin de passer un quart d'heure avec lui, et il se
819 3734 1820 3797 promet de savourer pendant ce quart d'heure une
816 3777 1828 3853 joie assez délicieuse pour compenser cinquante¬
819 3825 1823 3894 quatre années de déboires et d'amertume. Voici
819 3884 1823 3939 ce que Rademacher veut dire à Weihgast :
819 3927 1825 3990 « Tu te crois sans doute beaucoup plus fort que
816 3977 1823 4031 moi, mon vieux camarade. Eh bien! permets¬
816 4028 1848 4109 moi de te détromper. Ce que je vais faire est
