3436 4320
297 147 1165 279 sans
1348 173 1818 275 box 44/10
2212 223 3072 345 dernen literarischen jungen Mann¬
2159 320 3119 408 (in diesen Tagen erscheinenden) dritten Heft ber
2069 386 3116 449 chen Zeitschrift „Hyperion" (Verlag Hans von Weber
1982 396 3116 498 in München) veröffentlicht Franz Blei drei Briefe an einen
1988 459 3116 545 imaginären „jungen Mann“, der ihn zu Beginn seiner
1985 503 3116 581 schriftstellerischen Laufbahn um Rat fragt, wie er solche am
1982 551 3120 626 besten und aussichtsvollsten ins Werk setzen könnte. Wir
1985 595 3120 672 geben aus den uns vom Verlage zur Verfügung gestellten
1976 633 3119 716 Aushängebogen schon heute den folgenden köstlich satirischen
1982 676 2305 746 Abschnitt wieder:
2032 745 3109 819 Was ich Ihnen, verehrter Herr, im andern Briefe schrieb,
1976 769 3115 865 betraf einiges Ihres äußeren Lebens, Ihre Aufmachung so¬
1985 825 3109 912 zusagen (um Ihre Existenz in einem Worte zu nennen), war
1981 871 3106 947 die Lehre von der auffälligen Unauffälligkeit, von der an¬
1969 917 3109 991 maßenden Bescheidenheit, von der Zurückgezogenheit, die
1969 957 3109 1037 überall ihre Fühler hat, von der Harmlosigkeit, die immer auf
1969 1004 3110 1085 dem Sprung ist. Ich gab Ihnen einige Vokabeln in Ihr
1975 1045 3109 1114 Kaleidoskop, nun drehen Sie es bitte und lassen die Leute
1969 1087 3107 1167 durchschauen, aber nicht sich durchschauen. Sie sind manchmal
1975 1141 3100 1201 etwas absonderlich, aber immer comme il faut, nehmen öfter
1963 1188 3107 1254 mit H. v. H. den Tee und grüßen im Theater etwa vage nach
1971 1217 3109 1300 der Richtung hin, wo Herr Arthur Schnitzler sitzt, den Sie
1969 1267 3107 1341 natürlich dazu gar nicht zu der Sie nicht,
1973 1313 3105 1387 und sagen zu Ihrer Nachbarin in der Loge: „Der gute
1973 1348 3100 1427 Schnitzler wird immer dicker. Aber sagen nicht etwa, Sie
1966 1390 3109 1461 wären gut befreundet mit ihm, denn die Dame könnte Lust
1963 1439 3102 1520 bekommen, durch Sie Herrn Schnitzler kennen zu lernen. Ich
1971 1477 3095 1560 sagte Ihnen schon: nie lügen! Immer nur so tun. Ihre
1965 1523 3103 1600 Rede muß immer so sein, daß der Zuhörer das für Sie An¬
1956 1583 3100 1642 genehmste mit Ihrer leichtnickenden Nachhilfe heraushören
1959 1619 3106 1685 kann, aber auf seine Kosten und Gefahr. Sie müssen leichten
1963 1656 3109 1730 Herzens in der schwierigsten Situation fragen können: „Habe¬
1962 1700 2381 1757 ich je gesagt, daß ...?
2432 1707 3106 1772 Von der Freiheit, die Sie sich damit
1958 1737 3092 1810 Ihrem späteren kritischen Tun vorbehalten, gar nicht zu
1959 1795 3092 1859 reden. Wie die Dinge jetzt liegen und auch späten liegen
1961 1825 3093 1909 werden, dürften weder Herr von Hofmannsthal noch Herr
1966 1868 3092 1941 Schnitzler je den Wunsch haben. Sie persönlich kennen zu
1952 1908 3095 1979 lernen. Es genügt, daß Sie die Herren auf Ihre Weise per¬
1965 1952 3089 2033 sönlich kennen. Außerdem kennen Sie Peter Altenberg auf
1966 2001 3090 2081 jede Weise persönlich, denn P. A. kennt jeder, da er in Ihrer
1959 2052 3097 2119 Stadt eine öffentliche Einrichtung ist. Lassen Sie es sich mit
1958 2079 3092 2159 ihm genügen. — Wenn ich kurz noch nachhole, daß Sie das
1953 2122 3090 2206 Bekanntwerden Ihrer wirklichen Liebesaffären durchaus ver¬
1951 2182 3095 2247 meiden müssen — Frauen und Kammerdienern ist nichts
1952 2211 3086 2288 heilig —, dafür aber Ihre fingierten Verhältnisse, so weit sie
1953 2267 3090 2329 ganz außer der Kontrollierbarkeit durch Ihre Gesellschafts¬
1949 2304 3082 2382 klasse, also in höheren Kreisen, stehen, unter der Hand ver¬
1959 2348 3089 2424 breiten — seien Sie sehr mäßig —, glaube ich nur so Ge¬
1946 2387 3085 2465 ringes im Bereich Ihres äußeren Lebens vergessen zu haben,
1951 2437 3089 2511 wie, daß Sie z. B. nicht rauchen, nie von Wilde oder was
1953 2485 3080 2560 gerade der Tagesenthusiasmus ist reden und im allgemeinen,
1959 2523 3083 2598 so schwer es auch einem jungen Mann wird, lieber zuhören
1952 2567 3086 2635 sollen. Mit einem gut dreinschauenden Kopf schweigen, wenn
1952 2613 3083 2687 über große Dinge gesprochen wird, bringt den guten Kopf oft
1952 2651 3077 2723 in den Ruf, größer als die großen Dinge zu sein. Schweigen
1948 2691 3085 2777 hat immer etwas Bedeutungsvolles und blamiert nie. Fran¬
1955 2747 3086 2819 zösisch sprechen Sie; im Englischen lernen Sie noch hundert
1948 2788 3077 2851 Vokabeln über das hinaus, was man beim deutschen Tennis
1953 2826 3080 2906 braucht; italienisch behaupten Sie lesen, aber nicht gleich gut
1946 2856 3080 2952 sprechen zu können; birmanisch treiben Sie als Liebhaberei.
2022 2917 3077 2996 Ihr Bücherl in zweihundert Exemplaren ziehen Sie, kaum
1949 2976 3072 3046 daß es erschienen ist, sofort aus dem Handel schreiben in jedes
1949 3010 3079 3089 Exemplar eine beziehungsvolle Widmung die genanntesten
1943 3054 3072 3123 Autoren Europas und schicken es ihnen eingeschrieben mit
1946 3099 3077 3175 der Adresse des Absenders und dem handschriftlichen Ver¬
1949 3146 3072 3218 merk nicht mehr im Handel“. Den Sendungen an die be¬
1951 3189 3077 3260 rühmten deutschen Autoren geben Sie auch noch einen Brief
1939 3218 3085 3298 bei, der den Empfänger zu irgend einer Antwort mit jedem
1949 3272 3082 3350 Satze reizt. Nach diesem ersten Schlag verlassen Sie sofort
1939 3313 3077 3395 die Stadt, wie in Scham darüber, daß Sie durch das Buch
1949 3356 3072 3436 Ihren bisherigen Ruf als europäischer Gentleman schädigten.
1948 3399 3072 3475 Deuten an, daß drängende Freunde die Schuld an der Ver¬
1945 3443 3074 3516 öffentlichung trügen, an die zu denken Ihnen bei dem heutigen
1948 3486 3074 3549 Tiefstande unserer Dichtung nie auch nur im Schlafe einge¬
1951 3529 3069 3605 fallen wäre. Und hätten ja auch sofort die ganze Auflage
1943 3579 3073 3649 einstampfen lassen. Dies und ähnliches schreiben Sie auf dem
1945 3619 3072 3694 wappengezierten Briefpapier eines Bekannten, zu dem Sie
1946 3661 3070 3737 sich für die vierzehn Tage zur Jagd einluden, an ein paar
1933 3702 3069 3775 Leute, von denen Sie genau wissen, daß sie überall hinkommen
1943 3749 3073 3825 und aus Mangel an eigenem fremde Bagatellen mit großer
1945 3788 3067 3857 Wichtigkeit erzählen. Vergessen Sie nicht: immer noch sind
1945 3835 3074 3898 Sie der keusche Amateur, wenn auch bereits mit einem wort¬
1935 3878 3072 3951 los zugegebenen Stich in den Berufenen; irgend was an
1941 3918 3066 3991 Ihnen, im Gang, in der Haltung, in der Kravatte, muß
1933 3957 3066 4033 dieses Geständnis unbefragt machen. Sie müssen diskret
1938 4013 3060 4083 merken lassen, wie heftig Sie sich noch gegen das Dichterische
1930 4047 3067 4127 das in Ihnen ist, sträuben. Wie es aber doch stärker ist als
1935 4094 3060 4156 all Ihr gegensätzlicher Wille, wie es eben eine Elementar¬
1932 4133 2638 4183 kraft ist, gegen die sich nichts wachen
