3436 4320
234 205 390 283 13.
434 201 1108 302 Miscellaneous
1290 223 1770 315 b 44/10
1612 1322 1700 1398 86
1056 1464 2251 1537 daß Sinnen und Verlangen ausreiften dir zur Tat. Es
1058 1523 2251 1586 grüßt dein reines Wirken, es drückt dir war die Hand
1064 1583 2251 1635 von anderen Bezirken — ein Freund aus Jugendland.
1067 1620 2249 1687 Es kann, wiewohl die Sätze hier fortlaufend gedruckt
1056 1682 2248 1731 sind, auch dem Laien nicht auf die Dauer verborgen
1062 1721 2248 1794 bleiben, daß es sich um Verse handelt. Sie bringen
1065 1775 2245 1840 mit stiller Nachdenklichkeit die Wehmut zum Ausdruck,
1059 1830 2242 1883 die sich immer einstellt, wenn ein Dichter erkennt,
1059 1871 2248 1932 daß er in ganz andere Bezirke gekommen ist, als in
1064 1923 2248 1981 der Jugend ausgemacht war, nämlich auf die Wieden
1058 1975 2248 2032 und in die Leopoldstadt. Indem aber ein Libretto auf
1056 2017 2248 2078 Empfehlung eines Zigarrenagenten von einem Fürsten
1059 2062 2248 2138 Lubomirski zur Komposition angenommen wurde, zeigt
1059 2124 2245 2182 sich, daß das Schicksal zwar seine Zusammenhänge, aber
1059 2169 2245 2224 auch seine guten Seiten hat, und daß Beaudelaire ein
1056 2213 2248 2273 Pechvogel war. Von einer ähnlichen Schwermut erfüllt
1055 2279 2248 2331 sind schon die Jugendgedichte Arthur Schnitzlers
1059 2319 2249 2379 selbst, mit denen der Merker seine Festnummer eröffnet,
1055 2359 2245 2419 offenbar, um mit diesem aus Dämmer und Schimmer
1059 2420 2245 2472 gewobenen Kitsch zu beweisen, daß der Jubilar nie ein
1056 2465 2245 2520 Lyriker war. Der Merker werde bekanntlich, und wie
1062 2518 2245 2579 er selbst wünscht, so bestellt, daß weder Haß noch
1056 2563 2248 2619 Lieben das Urteil trüben, das er fällt. Da er keines zu
1055 2614 2245 2669 haben scheint, so ist die Forderung leicht erfüllbar.
1059 2661 2240 2712 Herr Georg Hirschfeld, dessen schicksalhafte Zusammen¬
1064 2704 2254 2774 hange der deutschen Literatur darin bestehen, daß
1064 2761 2254 2813 er zuweilen mit Schnitzler durch die stillen Gassen der
1067 2802 2245 2872 Wiener Vorstadt geht, da er an der Seite Gerhart
1056 2853 2245 2917 Hauptmanns weniger profitieren konnte, dankt jenem
1059 2910 2245 2963 nicht nur für das Durchdringen in der Kunst, wo er
1058 2951 2245 3023 sein ehrlicher Förderer geworden. In Maitagen,
1056 3008 2248 3063 die Schnitzlers Geburtsfest umschließen, sei er mit
1056 3046 2248 3104 ihm gewandelt, und nicht schwach an der Seite dieses
1059 3100 2248 3155 Starken gewesen. »Leise, leise habe sich eine positive
1055 3145 2252 3203 Lust am Dasein in ihm gemeldet. Wie oft folgte ich
1059 3194 2242 3253 Schnitzlers Blick, wenn er die schönen Mädchen der
1056 3256 2237 3313 Josefstadt betrachtete, die Christinen (mit einem n)
1059 3302 2242 3356 und die Schlagermizzis. Leise, ganz leise zieht durch
