3344 4352
562 300 870 395 Hermann Bahr
567 1577 898 1665 Wilhelm Exner
508 2804 977 2898 Prof. Siegmund Freud
580 4081 972 4168 Prof. Anton Hanak
1200 87 2008 164 de vue de
3147 123 3240 187 r
1162 144 2878 208 Academie Française, die über vierzig Unsterb. Geheimen Rates. Er beschloß seine akademische
2911 159 3242 241 augenblicklich der
2037 185 2883 233 Laufbahn als Professor der Hochschule für
1165 200 2008 256 liche verfügt, die Unsterblichen der Nation
2911 223 3255 282 Bildhauer, ein ei¬
2034 233 2883 285 Bodenkultur in Wien, die ihm das Ehrendok-
1157 244 1978 308 durch eben diese Auszeichnung evident hält.
2916 264 3260 321 Visionen in Stein
2037 272 2880 321 torat verlich. Seine fachwissenschaftliche, tech¬
1200 290 1980 359 Es wird ein Numerus clausus geschaffen
2037 308 3247 369 nische und technologische Tätigkeit fand in wohl die Skulptur
1200 351 1967 403 werden, so daß nur vierundzwanzig öster¬
2914 344 3270 416 Österreichischen Ga
2657 359 2888 413 über diese
2037 362 2586 408 zahlreichen Standardwerken
1198 395 1978 446 reicher und vierundzwanzig ausländische
2914 390 3270 469 tet er an einem De¬
2034 403 2880 451 Materie ihren Niederschlag. Er war Herren
1198 436 1980 510 Persönlichkeiten zu gleicher Zeit Inhaber
2034 446 2883 498 hausmitglied und hat sich auf fast allen Gebie¬
3127 441 3247 516 Prof.
1277 487 1906 544 dieses Ehrenzeichens sein können.
2039 490 2886 544 ten der Wirtschaftspolitik, der Industrie- und
2916 495 3234 564 der schöpferische
1208 531 3270 605 Wie gesagt, werden die ersten zwölf Träger, Gewerbepolitik schöpferisch betätigt. Die von der der österreich
2044 572 2888 626 ihm geschaffene Gewerbeförderung mit ihren
1165 587 2016 636 die den Grundstock des Ordens bilden und
2914 590 3270 649 Jahrzehnte Richtung
2044 618 2880 667 Musterbetrieben gilt als auch im Ausland viel
1165 623 2016 685 die über die weiteren sechsunddreißig Würdi¬
2911 636 3263 705 Er gilt als die stär
2042 662 2852 726 fach nachgeahmte Art der Wirtschaftspflege.
1170 672 2014 746 gen zu entscheiden haben, auf Vorschlag des
2329 705 2616 780 Sigmund Freud
1170 716 1698 782 Unterrichtsministers ernannt.
1211 739 2893 818 Wir nennen nachstehend mit Bedachtnahme ist der Begründer der Psychoanalyse und als
1167 803 2891 862 auf ihren künstlerischen und wissenschaft solcher weltbekannt. Eine lange Reihe von
2042 852 2891 900 Werken, in alle Kultursprachen übertragen, be¬
1170 859 2014 913 lichen Rang zwölf Persönlichkeiten der öster¬
1170 898 2893 954 reichischen Kunst und Wissenschaft, die für kräftigen den Ruhm dieser internationalen
2044 941 2901 990 Kapazität auf dem Gebiete der Seelenkunde.
1165 944 2016 998 die Verleihung dieser hohen Auszeichnung der
1172 982 2891 1041 Republik Österreich in Betracht kommen Seine Hauptwerke, die richtunggebend für die
1167 1023 2898 1080 können, wenn moderne Anschauung und die ganze Wissenschaft sind, heißen: „Über den
1883 1975 2193 2160 de
2434 2198 2578 2329 2
1924 2257 2193 2375 -
1444 2586 2655 2678 Sensationelle Ausgrabungen bei Krems
1216 3983 2893 4063 In der Nähe von Krems wurden, wie wir darüber ausführlich berichteten, anläßlich von Aus¬
1208 4027 2914 4119 grabungen 25.000 Jahre alte Knochen und Gerippe von Urtieren gefunden. — Unser Bild zeigt
1498 4073 2624 4145 Mammutzähne und andere Knochen an der Auffindungsstelle.
3145 4048 3273 4127 Prof.
