3392 4320
285 151 1159 294 13. Miscellaneous
1337 176 1820 290 box 44/10
196 1106 851 1166 sig des Romans „Eine Frau über
892 1116 2033 1193 märz allüberall die konservative Richtung dominierte und
187 1157 844 1241 Klaus Rittland befindet sich auf
887 1168 2021 1232 nur gemäßigte Anschauungen sich geltend machten. War
887 1225 2014 1289 auf dem musikalischen Gebiete Mendelssohn der Ausdruck
892 1264 2019 1325 der Zeit, so schwärmte das Burgtheaterpublikum für seinen
883 1305 2019 1371 lieben Bauernfeld. So pflegte denn Holbein mit Vorliebe
185 1280 486 1394 muilleton.
883 1355 2014 1421 das intime Stück, für welches eben auch Fichtner, Luise
881 1401 2021 1469 Neumann, La Roche zur Verfügung waren, dabei brachte
192 1385 668 1492 des Burgtheaters.
885 1453 2014 1515 er auch Stücke des jungen Deutschland auf die kaiserliche
187 1471 700 1549 at Freiherrn v. Niebauer.
871 1483 2012 1556 Bühne, von Gutzkow „Richard Savage“, „Ein weißes Blatt",
189 1526 842 1608 Sekretär des Burgtheaters hat
883 1547 2012 1601 „Werner oder Herz und Welt“, „Der 13. November,
883 1597 2012 1656 „Die Schule des Reichen" und von Laube „Monaldeschi".
189 1590 837 1652 takte im alten Hause den Epilog
881 1636 2014 1695 Allerdings nicht ihre politischen Tendenzstücke; als aber mit
182 1638 844 1688 rordentlichem Beifall aufgenommen
189 1686 833 1743 ger!" brauste es noch lange nach
876 1681 2005 1750 dem Frühjahre 1848 der große Umschwung hereinbrach,
876 1731 2014 1793 wußte Holbein auch den neuen Anforderungen Rechnung
185 1727 837 1786 ich das Haus, so daß der Name
876 1773 2010 1836 zu tragen. Noch im April gingen die „Karlsschüler“ in
185 1775 846 1857 sächlich das letzte Wort bildete,
205 1816 614 1887 jubelnd widerhallten.
885 1825 2005 1882 Szene, trotz des Kopfschüttelns der Damenwelt wurde
178 1850 833 1950 mit dem hoffnungsvollen Verse:
876 1868 2012 1932 Hebbel mit „Maria Magdalena" eingeführt, bald folgte die
883 1928 2001 1985 „Judith", der „Wallenstein" gelangte nun in seiner ganzen
178 1919 650 1976 es das alte Burgtheater!
876 1966 2005 2023 Gestaltung zur Darstellung, nicht mehr in der freilich sehr
176 1944 835 2026 ! Was liegt nicht alles in diesen
876 2010 2010 2067 geschickt ersonnenen Zusammenziehung Schreyvogels. Aber
176 2021 837 2076 unvergänglichen Ruhmes! Eine
876 2062 2010 2110 noch im Juni 1849, obzwar sich wieder eine politisch rück¬
182 2055 835 2119 testen darstellenden Künstler, deren
871 2101 2005 2163 läufige Bewegung zeigte, wußte er Gutzkows „Uriel
180 2112 826 2179 ten, gegen Schillers Ausspruch
876 2144 2005 2208 Acosta" für das Burgtheater zu retten, zu dessen dauern¬
182 2167 830 2222 Nachwelt keine Kränze Eine voll
867 2190 2001 2261 dem Gewinne. Gleichwohl blieb Heinrich Laube ein großes
182 2204 833 2284 monie der Vorstellungen! Eine
878 2238 2001 2304 Feld offen für reichliche glänzende Tätigkeit. Man er¬
196 2249 484 2325 des Theaters
871 2288 2010 2354 innert sich, wie es die Schaffung der Generalintendanz der
176 2290 714 2366 natürlich der Hofbühne
746 2284 835 2368 eine
871 2329 2001 2411 Hoftheater war, welche nach langer Tätigkeit den hochver¬
178 2347 716 2423 Lichtung. Fügte Schreyvogel
751 2352 833 2409 das
865 2379 1896 2448 dienten Mann veranlaßte, die Demission zu erbitten.
169 2391 744 2461 Repertoire, so pflegte Holbein
171 2439 744 2507 sick, während Heinrich Laube
949 2436 2001 2530 Da wären wir denn bei der wichtigen Organisations¬
871 2461 1189 2566 frage angelangt.
169 2477 826 2557 legierung bemüht war, zyklusartig
192 2541 828 2592 über die wichtigsten dramatischen
949 2523 1992 2607 Ich gestehe, daß mir der gegenwärtige Zustand der
167 2589 826 2644 angenheit und Gegenwart. So
862 2596 1992 2671 richtige zu sein scheint. Seit dem Abeben des General¬
178 2628 830 2715 in seinen bedeutendsten Stücken
865 2644 1998 2706 intendanten Freiherrn v. Plappart nämlich wurde diese
169 2674 689 2747 er zu neuem Leben erweckt.
865 2685 1994 2751 Stelle, wenn auch nicht förmlich aufgehoben, so doch nicht
160 2706 826 2788 günstig über die in die Vier¬
867 2738 1998 2806 mehr besetzt. Das Burgtheater untersteht, wie es in der
164 2774 824 2829 rektionsführung Holbeins. Aller¬
865 2781 2003 2849 Epoche Laubes dem Oberstkämmereramte direkt unter¬
169 2820 821 2884 und mit Laube war er nicht zu
865 2822 1992 2884 stand, wieder direkt einer obersten Hofbehörde, dem
167 2865 2003 2966 te nicht vergessen, daß im Vor-Obersthofmeisteramt, und wie damals Hofrat Raymond
2065 1136 3185 1220 fungiert jetzt Hofrat Horsetzky als Referent für die Hof¬
2058 1191 3187 1259 theater. Eine verzögernd wirkende und nur zu Konflikten
2065 1234 3176 1312 Anlaß bietende Zwischeninstanz gibt es zur Zeit nicht.
2060 1278 3182 1360 An dieser tatsächlichen Einrichtung sollte festgehalten und
2060 1332 3185 1401 nicht mit neuen Experimenten — ich lese von einer An¬
2051 1376 3182 1451 regung, dem Direktor einen Delegierten des Unterrichts¬
2062 1421 3180 1487 ministeriums an die Seite zu geben — begonnen werden.
2062 1467 3185 1533 Das Wichtigste ist und bleibt ein richtiger Direktor. Aller¬
2051 1517 3180 1588 dings eine schwere Aufgabe! Vielleicht ist es leichter,
2058 1560 3185 1629 einen guten Finanzminister zu finden als einen guten
2055 1608 3189 1681 Leiter des Burgtheaters! Daß der Kandidat früher schon
2053 1654 3182 1713 an einem Theater wirkte, erscheint uns nicht gerade not¬
2053 1700 3176 1761 wendig zu sein. Weder Schreyvogel noch Laube hatten
2055 1747 3180 1825 früher Stellung bei einem Theater, höchstens daß der
2046 1800 3180 1859 letztgenannte es liebte, die ersten Proben seiner Stücke zu
2051 1843 3180 1925 leiten, wie man den Vorreden zu den gedruckten Werken
2046 1887 2386 1962 entnehmen kann.
2133 1919 3173 2003 Was weiter in Betracht kommt, sind gute Stücke und
2053 1978 3173 2051 hervorragende Künstler. Leider läßt sich nicht verkennen,
2046 2042 3173 2092 daß die Epoche großartiger technischer Entdeckungen und
2044 2083 3180 2154 Erfindungen nicht auch die richtige Atmosphäre bildet für
2053 2131 3173 2190 das Aufblühen idealer Kunst, für das Entstehen großer
2049 2179 3164 2240 Dichter und großer Schauspieler. Die traurigen Lücken,
2049 2229 3166 2284 welche grausam Alter und Tod in die Reihe unserer be¬
2049 2279 3176 2331 rühmten Darsteller gerissen hat, müssen gleichwohl, tant
2042 2322 3171 2386 bien que mal, ausgefüllt werden, was eine Hauptaufgabe
2042 2370 2886 2436 des neuen Direktors zu bilden haben wird.
2138 2393 3176 2482 Was die Verfasser guter Stücke betrifft, so sind wir
2044 2457 3164 2537 jetzt in Deutschland wesentlich auf zwei bedeutende Namen
2035 2521 3173 2607 beschränkt: Gerhart Hauptmann und Artur Schnitzler.
2112 2578 3007 2644 Wie stellt kein Dritter mehr zur Wahl sich ein
2122 2619 3055 2692 Und ist man streng da, wo die Wahl so klein?
2122 2685 3171 2740 Vielfach mußte daher Freiherr v. Berger zu aus¬
2042 2728 3169 2808 ländischer Literatur Zuflucht nehmen, wollte er dem
2042 2783 2660 2861 Publikum Novitäten vorführen.
2119 2799 3164 2902 Unter diesen Umständen wird es wohl geboten sein,
2030 2872 3157 2961 dramatischen Schöpfungen der Vergangenheit die Aufmerk¬
2411 3077 2936 3205 .
