3344 4352
593 451 2922 557 Man sieht also, Alsberg hat nicht das mindeste vor flüchtig, weil er die Rache von H. fürchtete. Trotzdem be¬
506 521 2925 602 gebracht, was die wissenschaftlich fest und sicher begründete mühte der Freund des Ermordeten sich weiter, und auch er
506 575 2050 645 Lehre, die nordeuropäische Rasse sei „die schönste Blüte, die wurde erschossen,
1804 593 2931 687 Alle Versuche in Br. Co., H. unter Anklage zu stellen,
503 627 1698 684 reifste Frucht am Baume der Menschheit“, irgendwie er
1732 654 2925 730 schlugen lange fehl, weil keine Zeugen und keine Geschworenen
509 660 1701 727 schüttern könnte. In einem anderen Aufsatz, „Neuere Pro¬
1726 711 2928 775 aufzutreiben waren, oder der mit H.'s Hilfe erwählte Staats¬
506 708 1701 775 bleme der menschlichen Stammesentwickelung" (Arch. f. Rassen
509 754 1701 817 und Gesellschaftsbiologie, III 1) hat Alsberg nicht nur der
1729 757 2543 823 anwalt die Anklage nicht erheben wollte.
506 799 1708 863 von mir in die Wissenschaft eingeführten Namen Homo
1820 796 2937 863 Schließlich meldete sich der Angeber in einem entfern¬
506 842 1708 914 primigenius für die Neandertalrasse angenommen, sondern
1732 845 2931 911 ten County und teilte mit, er sei bereit, Zeugnis abzuregen.
509 893 2934 945 kommt darin auch mit keinem Wort auf den früher von ihm wenn ihm seine Sicherheit verbürgt würde. Er erzählte die
512 929 1704 990 behaupteten, von mir widerlegten, australischen Ursprung des
1732 935 2940 996 Einzelheiten der Unterredungen und nannte die anwesend Ge¬
512 972 2946 1066 Menschengeschlechts zurück, ein Zeichen, wie berechtigt ich bin wesenen. Nach einem Sturm der Entrüstung in der Presse
1726 1026 2934 1087 des Staates, nach ernstem Drängen des Gouvernörs, ver¬
509 1020 975 1096 an ihm Kritik zu üben.
1732 1066 2943 1129 stand sich der Kreisrichter endlich zur Verlegung der gesamten
1735 1111 2946 1175 Verhandlungen in ein entferntes County, dessen Geschworene
1726 1153 2937 1220 vor der Rache des H. sicher waren. Dort kamen noch andere
1735 1202 2946 1262 Zeugen zur Vernehmung, die inzwischen aus Br. Co. verzogen
1729 1244 2940 1305 waren. Es wurde über allen Zweifel hinaus nachgewiesen,
1729 1284 2940 1353 daß der Richter H. sämtliche Mordaten angestiftet hatte. Und
1729 1329 2940 1393 nun instruierte der Richter die Geschworenen: „Wenn Sie
1738 1374 2943 1435 über alle vernünftigen Zweifel hinaus aus den Zeugenaus¬
536 1353 1698 1453 Amerikanische Grundsätze und die
1738 1414 2949 1483 sagen die Ueberzeugung gewonnen haben, daß der Angeklagte
893 1435 1353 1535 Rechtspflege.
1738 1459 2946 1523 entweder den Schuß selber abgegeben hat, oder der Person, die
1735 1502 2943 1571 es tat, so nahe gewesen ist, daß er ihr beim Schießen oder beim
805 1526 1426 1614 Von W. v. Nostitz=Louisville, Ky.
1738 1547 2946 1605 Entkommen oder durch Zeichen, daß der Moment günstig für
1747 1586 2949 1650 die Ausführung der Tat sei, helfen konnte, so haben Sie ihn
602 1599 1717 1683 Die deutsche und mit ihr die ganze nordeuropäische Ein¬
1753 1632 2946 1720 schuldig zu sprechen, anderenfalls ist er der Anklage nicht
509 1653 1723 1732 wanderung in Amerika, wenn sie nicht stolz sein darf auf das,
1756 1677 2949 1738 schuldig.“ Von der Anstiftung zur Tat keine Spur, obgleich
521 1723 1726 1777 was sie in politischer Beziehung geleistet hat, kann doch zum
1750 1720 2949 1783 sich die ganze Beweisführung darauf bezogen hatte. Der
518 1759 1720 1820 mindesten stolz sein auf das, was sie verhütet hat. Wer die Zu¬
527 1768 2949 1859 stände in den von der Einwanderung nicht berührten Land=Richter erklärte das damit, daß die Anklage von dem eben¬
1753 1804 2952 1874 falls wählbaren und dem Einfluß der Parteigrößen für seine
530 1844 1723 1916 strichen mit denen vergleicht, die in den Staaten herrschen, die
1741 1850 2958 1916 politische Aussichten abhängigen Staatsanwalt auf „Mord
521 1880 1717 1947 in fortwährender Berührung mit Nordeuropa, dem Kultur
1744 1892 2952 1962 und Beihilfe vor der Tat“ formuliert worden sei, Anstiftung
524 1929 1717 1992 zentrum und Jungbrunnen der Welt, geblieben sind, dem wir
1744 1938 2955 2004 aber etwas anderes wäre und die Beweisführung nur so weit
518 1974 1720 2034 das sofort in die Augen springen. Der Osten, der Norder
1759 1980 2952 2044 für den Befund in Betracht kommen könne, als sie sich mit
518 2016 1717 2077 und Nordwesten und die Pacific=Staaten, sind entwickelte
1744 2025 2958 2086 dem Wortlaute der Anklage decke. Trotzdem erfolgte nicht
524 2062 1717 2125 als der Süden, obgleich der Süden der von der Natur bevor
1756 2068 2952 2134 Freisprechung, sondern nur eine Nichteinigung. Neue Prozesse
530 2101 1732 2171 zugte Landesteil ist. Auf die Gründe, aus denen der Süden
1759 2113 2952 2174 stehen in Aussicht. Aber unterdes üben die H.'s ihren Ein¬
524 2146 1726 2210 bisher von der Einwanderung gemieden wurde, kommt es für
1762 2162 2958 2219 fluß weiter, wenn auch der Richter H. heute in Haft ist. Aber
524 2189 1726 2252 diese Ausführungen nicht an. Nur das sei gesagt, Boden= und
1750 2204 2961 2265 das kam nur dadurch, daß eines seiner Opfer nicht gleich tot
521 2231 1732 2298 klimatische Verhältnisse sind es nicht, die den Süden zurückge¬
1753 2243 2961 2304 war, sondern im Hospital in einem anderen County starb, und
521 2280 1729 2337 halten haben. Mit zwei und drei Ernten im Jahr kommt man
1756 2289 2958 2349 dadurch dessen Gerichte eingreifen konnten. Das sind die
530 2322 1726 2386 weiter als mit einer. Es ist das Fehlen der Einwanderung
1753 2325 2961 2392 direkten Folgen der kurzen Termine und der Wählbarkeit der
527 2368 1726 2428 der Berührung mit der Außenwelt, die unbeeinflußte Ent¬
1756 2377 2955 2434 Richter, der Urgrundsätze amerikanischer Justiz, die auf
524 2407 1723 2476 wickelung in alten ausgetretenen Kreisen. Im Süden kann
1756 2419 2964 2486 den Schutz des Individuums gegen richterliche Willkür be¬
527 2452 1723 2528 man am besten beobachten, wie sich amerikanische Einrichtun
1759 2464 2961 2525 rechnet waren. Wie früher die Kabinettsjustiz pervers wurde,
530 2504 1723 2570 gen auswachsen, wohin sie führen, wenn sie nicht von neuen
1756 2507 2961 2567 weil sie abhängig war, so hier die Justiz, weil sie von der
530 2552 1035 2616 Geiste beeinflußt werden.
1756 2543 2964 2613 Wahl abhängig geworden ist. Es ist gewissermaßen „tollge¬
2313 2595 2961 2649 Wie gesagt, die Presse im Staat
615 2567 1726 2661 Und im Süden bildet wieder eins der abgeschiedenster
1756 2604 2289 2658 wordene Selbstregierung“.
530 2643 1732 2701 und unzugänglichsten, der vom Verkehr am wenigsten berühr¬
1759 2637 2967 2707 hatte sich entrüstet, ehe es zum Prozeß kam, sie entrüstete sich
1759 2682 2961 2758 auch über den Ausgang, über den vorsitzenden Richter und
527 2682 1735 2740 ten Gebiete das Cumberland=Gebirge mit seinen Ausläufern,
536 2722 2961 2794 Es bildet die Grenze zwischen Virginien und Kentucky und über den Staatssenator H., dessen Ausscheiden aus seinen
1759 2773 2970 2831 Aemtern sie forderte. Aber der Richter ist während seines
524 2770 1726 2840 zieht sich tief nach Tennesse hinein. Hier blüht der „Mond
1756 2813 2964 2879 Termines unabsetzbar, außer nach einem Prozeß vor dem
536 2816 1732 2882 schein“, die illegitime Schnapsbrennerei, „Mondschein ge¬
536 2852 2961 2922 nannt, weil sie das Licht des Tages scheuen muß; hier blüht Staatssenat, nach vom Hause erhobener Anklage. Zu beidem
1759 2900 2970 2970 sind zweidrittel Mehrheiten notwendig. Der Senator H. ist
536 2897 1732 2964 der Krieg zwischen dem Steuerbeamten und dem freien Sohn
536 2943 2961 3006 der Berge. Hier der Meuchelmord, und die Blutrache wie einst als Senator wie als Mitglied des Zentral-Komitees unab¬
1768 2988 2967 3049 setzbar, denn zu beiden wählte ihn der souveräne Stimmgeber
542 2988 1738 3049 in Corsica. Hier haben wir das bezeichnendste Beispiel für die
1768 3031 2964 3103 seines Bezirks, und dort herrschen die H.'s, und einer deckt den
536 3031 1744 3100 Ohnmacht der Selbstregierung, hier läßt sich am drastischsten
1765 3076 2970 3136 anderen mit seinem Einflusse. Auch die Presse außerhalb
542 3079 1738 3140 zeigen, wie die Justiz, welche von politischen Einflüssen ab
1765 3124 2964 3179 dieses Staates schlug Kreuze. Aber im Grunde hätte sie es
539 3118 1735 3182 hängig ist, zum Bollwerk des Verbrechens werden kann, wie
1765 3158 2970 3227 doch nur darum tun dürfen, weil es sich um Meuchelmordfälle
542 3164 1741 3227 das, was als Garantie für die Freiheiten des Volkes gedacht
542 3206 2967 3273 war, zum Mittel werden kann, mißbraucht werden kann, um handelte. Denn stelle man anstelle der H.'s in Br. County
542 3249 2970 3312 eigensüchtige, politische und persönliche Tyrannei zu üben. Es die Pennsylvania-Bahn in Pennsylvanien, oder die Wall¬
1768 3291 2970 3357 Street-Interessen in New York, überall in den Vereinigten
551 3294 1735 3354 sind amerikanische Rechtsgrundsätze, daß niemand wegen der
1771 3336 2970 3403 Staaten die großen korporativen Interessen, und man hat
545 3333 1744 3409 selben Anschuldigung zweimal in Gefahr für Leib und Leben
1774 3379 2967 3448 ganz denselben Mißbrauch der freiheitlich gedachten Einrich¬
551 3382 1738 3445 gebracht werden darf. Gegen die Freisprechung kann die
548 3418 1741 3485 Staatsanwaltschaft nicht appellieren. Aber der Verurteilte
1771 3424 2967 3491 tungen, „Garantien“ und Rechtsgrundsätze, ganz dieselbe Be¬
1768 3470 2964 3533 einflussung der Richter, ihrer Entscheidungen, ihrer Instruk¬
539 3470 1741 3539 kann es gegen das Verdammungsurteil. Er kann wegen alle
1765 3518 2976 3582 tionen an die Geschworenen zugunsten der kapitalistischen
545 3509 1738 3579 möglichen Einwände immer neue Prozesse erhalten, so lang
1768 3554 2970 3618 Interessen, weil diese dort die Wahlen beeinflussen. Die Ver¬
539 3554 1738 3612 er Geld hat, die Advokaten zu bezahlen. Es ist ein weitere
539 3600 1735 3660 Grundsatz, daß der Prozeß vor dem nächsten Gericht statt
1771 3600 2967 3663 brechen sind andere; die Methoden sie straflos zu machen, das
1768 3639 2976 3703 Gerichtswesen als Bollwerk zu benutzen, sind dieselben. Man
554 3645 1741 3709 finden muß, außer der Angeklagte fordert Verlegung, oder
545 3681 1744 3754 der Richter des heimischen Bezirks verfügt sie aus triftiger
1768 3694 2979 3754 betrachte sich New York. Die entlartesten Menschen in den
554 3736 1750 3796 Gründen. Dieser Richter ist wählbar, und aller paar Jahre
1777 3727 2973 3796 Vereinigten Staaten sind New Yorks Bundessenatoren, Platt
548 3772 1750 3836 muß er sich von neuem um das Mandat bewerben. Der eigent¬
1768 3772 2961 3839 und Depeeo. Eine entrüstete öffentliche Meinung fordert
545 3824 1744 3881 lichen Wahl gehen entweder Primärwahlen oder Konventioner
1768 3818 2976 3884 ihren Rücktritt. Sie blieben. Gerade wie der Staatssenator H.
1777 3857 2973 3924 Und die Oeffentlichkeit ist machtlos. Sie sind unabsetzbar,
539 3860 1744 3921 voraus, in denen die Kandidaten aufgestellt werden, und auf
1780 3887 3245 3987 Nur der Senat kann sie ausstoßen, tut es aber nicht. Und Gastmählern
548 3899 1750 3969 die die Zentral- und Exekutiv=Komitees der Parteien unge¬
2985 3936 3273 3990 Kaufleute und
557 3954 1756 4014 fähr denselben Einfluß haben, wie Bebel auf die Aufstellung
1786 3945 2685 4027 selbst ein Roosevelt muß mit ihnen paktieren.
2991 3975 3264 4033 zeugnisse der
545 3987 1756 4054 der sozialistischen Kandidaten in Deutschland. Der Richter,
1856 3981 2967 4069 Es gibt Millionen von Amerikanern, die in den politischen
2991 4017 3279 4078 wiederholender
542 4039 1759 4099 der sich des Wohlwollens der Parteileitung erfreut, bekommt
2991 4066 3270 4120 der Rat der S.
548 4060 2964 4148 keinen Gegenkandidaten für die Primärwahl. Er kann als und sozialen Verhältnissen Ursache und Wirkung nicht unter¬
1780 4093 2961 4169 scheiden können, so verwickelt sind die Fäden, so läuft Eine
2985 4111 3273 4160 Matthiasmahl
545 4120 1753 4193 einziger Bewerber vor die Wähler treten. Der, der sich in Un¬
1777 4139 2961 4196 in und durch das Andere. Und dann erwartet man vom deut
2994 4154 3279 4208 tungsfest, End
554 4166 1750 4238 gnade befindet, bekommt die Parteinomination in der Kon
1780 4178 2961 4235 schen Einwanderer, daß er diese Dinge ergründet und die Wir
2991 4196 3191 4242 pitanschaft
1378 4205 1747 4278 nen
