3392 4320
222 186 1098 325 sans
1276 204 1757 317 b 44/10
390 1211 1630 1298 danken des Genies als Kulturförderers und Kulturvernichters durch
1757 1211 2870 1313 So natürlich und einfach diese Antwort war — oder viel
387 1283 1579 1342 die Gestalten Orpheus, Christus und Genius verkörpern sollte.
1644 1280 2884 1371 leicht gerade deshalb erschien sie mir wie eine Offenbarung,
510 1335 1608 1415 Auch eine große vaterländische Romantrilogie „Oesterreich
2891 1313 3296 1415 Bevölkerung die seit
1648 1345 2870 1407 wie ein heller Sonnenstrahl, der die Frauenfrage von der ethischer
387 1356 1458 1448 bereitet die Dichterin als nächste Arbeitsausführung vor.
2891 1389 3311 1466 worden ist. Ich hat
1637 1389 2862 1469 Seite scharf beleuchtete. Klar trat der überzeugende Gedanke zu
503 1418 1623 1488 Auf meinen Wunsch zeigt sie mir das Manuskript ihres
2891 1437 3311 1502 Arbeitsminister für
1641 1437 2862 1506 tage, daß die echte Frau, die ihre Lebensaufgabe ernst und ziel
387 1469 3318 1546 großen Epos „Robespierre", jener gewaltigen Dichtung, die den bewußt auffaßt, nicht zwei Berufe ausfüllen kann. Und welcher achtet, einen ernstlichen
390 1528 2833 1612 Namen der delle Grazie vor allen anderen in die allererste Reihe von den beiden na ürlicher, wichtiger und staatserhaltender ist,
2884 1539 3311 1593 auf diesem Gebiete her
390 1575 2859 1655 der modernen Versepik stellt. Sie hat an dem Werke zehn Jahre darüber habe ich im stillen meine eigenen Gedanken
2891 1586 3278 1641 Gesetzentwurf
394 1626 1615 1681 geschrieben, von ihrem 19. bis zu ihrem 29. Jahre. Während
1637 1634 2582 1696 Und sollte ich einmal nach dieser Richtung
2881 1637 3307 1703 zusammentritte vorgele¬
2698 1644 2859 1699 inter
390 1674 2859 1765 dieser langen Zeit gab sie sich mit all ihren Sinnen, ihrer ganzen viert werden, so bin ich sehr bereit, dieselben sehr deutlich
2994 1685 3318 1761 (Fortbildungsku
387 1717 1900 1783 Kraft dieser Arbeit hin, sie ließ sich durch nichts ablenken, durch auszusprechen.
2881 1703 3314 1783 Privatlehrerinnen der
387 1768 1626 1830 nichts zerstreuen, sie verließ Wien, mit Ausnahme einer Reise
2877 1779 3300 1834 Hof 11, eröffnet Anfang
1739 1747 3304 1867 Die delle Grazie steht heute so hoch als Dichterin, als Kurse für Sprach= und
390 1809 3314 1918 nach Italien, nicht für einen einzigen Tag, weil sie an ihrer Ausnahme — und bekanntlich bestätigen Ausnahmen die Regel aquivalente Vorbildung
387 1863 1612 1925 täglichen Arbeitszeit eisern festhielt. Sie hatte mit ihrem Verleger
2881 1896 3314 1947 klub. Leitung Fräulein
1706 1885 2855 1947 sie hätte wohl das Recht, sich für ihren eigenen Gedanken= und
390 1911 1608 1973 Breitkopf & Härtel, eine bestimmte Lieferungszeit für das Epo
2888 1925 3314 1991 Dienstag ½8 bis 9 Uhr.
1637 1925 2855 1994 Gefühlsstaat eigene Gesetze zu schreiben, die mit den allgemeiner
390 1958 1608 2016 vereinbart. Durch seine dringende Bitte, den letzten (24.) Gesang
2873 1965 3307 2016 Harmonielehre, Formen
1637 1976 2855 2046 Ansichten nichts zu tun haben — aber sie wäre keine so tief¬
2884 2009 3307 2056 Jeden Freitag 18 bis
387 2005 1608 2064 rasch fertigzustellen, stürzte sie sich in rasende Arbeit, schrie¬
1637 2031 2851 2104 gründige, tiefempfindende Dichterin, wenn sie — obigen Aus
2873 2049 3318 2122 für Mitglieder der Fach¬
387 2049 1404 2108 von 8 Uhr morgens bis ½1 Uhr nachts
1429 2056 1615 2122 fieberhaft
3070 2082 3307 2148 monatlich.
1637 2082 2983 2166 spruch nicht getan hätte. Ich speziell lege ihr dafür meine be¬ Kr.,
387 2100 1615 2159 und schildert mir nun, daß sie nachher, als die Arbeit vollende
2873 2111 3296 2195 Dienstag den 27. d. M.
1637 2118 2184 2202 sondere Verehrung zu Füßen.
383 2151 1604 2221 war, das trostlose Gefühl unsäglicher Verlassenheit verzweiflungs
2877 2162 3118 2228 phon 13.303.
1739 2166 2851 2253 Wir begegnen uns in der Ansicht, daß die Frau ein
390 2202 1608 2261 voll gepackt hatte. Es kam ihr plötzlich zum Bewußtsein, daß sie
2994 2173 3293 2290 (Eröffnung
1637 2202 2855 2290 tüchtige, gesunde Bildung braucht, daß sie für das Leben und für
387 2246 1612 2304 die schönsten zehn Jahre ihres Lebens ihrer Arbeit geopfert und
2873 2242 3252 2326 Gestern wurde in
1634 2279 2851 2348 den Lebenskampf offenes Auge und offenen Sinn haben muß
387 2293 1615 2352 daß sie einen steten Kampf gegen ihre Jugend und gegen alle die
2877 2304 3311 2370 Türnitz durch Landesa
1634 2326 2859 2392 daß sie ihrem Gatten der furchtlose Kampfgenosse, ihren Kindern
390 2341 1615 2403 natürlichen Freuden, die diese zu fordern berechtigt gewesen, gekämpft
2877 2355 3314 2432 öffnungszug wurde in
1637 2370 2848 2432 der wohlgerüstete Erzieher sein müsse. Wir sprechen auch noch
383 2392 2851 2498 habe. Es war ihr, als seien alle dahin, mit denen sie gelebt, über die Koedukation. Die Dichterin spricht aus eigener Er¬
2877 2407 3304 2469 Endstation Türnitz fan
390 2439 1061 2512 geliebt, gekämpft und gelitten hatte.
2870 2461 3311 2516 Abschluß. Ein Teil der
1634 2469 2855 2534 fahrung, sie ist mit Mädchen und Buben in die Schule ge¬
489 2498 1619 2567 Wir sprechen nun über ausländische Literatur. Mit heller
2877 2501 3289 2567 Gstettenhofe der leider
1630 2534 2859 2603 gangen und rühmt den naiven, freien, unverdorbenen Ton im
376 2520 1615 2614 Begeisterung äußert sich die delle Grazie über Flaubert und
2877 2552 3311 2625 Toni Schläger ein
1637 2567 1790 2640 Verkehr.
401 2592 1612 2651 sein Hauptwerk „Salambo, über die lebendige Pracht seine
2990 2600 3307 2676 (Der Zeitung
1747 2585 2855 2687 Auch die sexuelle Aufklärung wird besprochen. Die delle
390 2636 1608 2706 Metaphern, über die Glut seiner Schilderungen und die stark
2873 2636 3260 2720 Persien meldeten die
1637 2662 2855 2738 Grazie behandelt auch dieses Thema äußerst seinfühlig. Sie hält
379 2687 1604 2753 dramatische Kraft seiner Dichtung. Zola ist ihrer Ansicht nach
2877 2706 3311 2760 Mohammed Ali hat
1630 2720 2848 2778 es für wichtig, nicht zu generalisieren. Besonders sensitive Kinder
379 2731 1601 2797 der größte Epiker Frankreichs und hervorragend sowohl durch
2873 2753 3311 2819 gegeben und die Einbe¬
1626 2771 2851 2829 aufzuklären, sei höchst bedenklich. Es gäbe allerdings Kinder, die
379 2782 1608 2844 den Mut seiner Ueberzeugung, durch den scharfsinnigen Blick in
2877 2793 3311 2866 für den 14. November
1626 2822 2844 2884 aufgeklärt werden müssen. Aber im ganzen und großen stimm
376 2837 1604 2899 die Zukunft, als auch durch die große Gabe des Symbolisierens
2866 2840 3314 2913 er tun konnte. Ein re¬
1626 2862 3296 2964 sie doch für die Wahrung der Scheu vor dem mysterium hätte er in der ganzen
379 2877 1604 2935 die er mit Dostojewsky gemeinsam hat. Ich bin begierig, wie
1626 2910 1827 2986 magnum.
379 2921 1604 2986 die delle Grazie über die Frauenfrage denkt und wir vertiefer
2873 2943 3314 3023 sehr bezeichnende Anz
1736 2928 2848 3034 Ich hätte noch stundenlang fragen, genießen und mich be¬
387 2983 1612 3034 uns sofort in dieses Thema. Zu meiner Freude äußert sich die
2870 2986 3256 3056 der „Lokalanzeiger"
1623 3005 2859 3074 lehren lassen können. Aber ich darf die liebenswürdige Güte der
383 3023 1604 3081 Dichterin äußerst gemäßigt, sie ist keine Frauenrechtlerin pa¬
2877 3037 3267 3103 „ . . . straße 49,
379 3059 2151 3121 excellence, wenngleich sie selbstverständlich jeden Fortschritt Dichterin nicht mißbrauchen.
2268 3066 3285 3150 Nun weiß ich, wie sie ist, die wahl hochseiner
1630 3114 2731 3205 Dichterin delle Grazie, und ein Dichterwort drücke es aus:
379 3121 1608 3176 kräftig befürwortet. Aber sie ist keine blinde Parteigängerin. Die
2862 3132 3314 3190 Köchinnen, Hausmädchen
387 3172 1604 3227 ethische Seite der Frauenfrage ist ihr mindestens so wichtig wie
1892 3169 2447 3227 „Wo Strenges sich mit Zartem,
2862 3183 3307 3245 Löhne in vornehmsten
1892 3180 2549 3293 Wo Starkes sich und Mildes paarten,
379 3212 1608 3278 die soziologische und als ich sie frage, warum sie selbst nicht ge¬
2866 3227 3300 3285 werden sich hoffentlich
1896 3263 2439 3340 Da gibt es einen guten Klang.
383 3263 1528 3322 heiratet habe, erwidert sie mir freimütig: „Weil es mir
2859 3278 3314 3340 Herrschaften zu besichtige
372 3311 1612 3402 meinem Beruf unmöglich gewesen wäre, eine gute Mutter
2928 3325 3314 3384 Nach einem Aussch
368 3344 551 3442 zu sein!
2840 3369 3322 3453 brachte diese einen Rom
