3344 4352
414 64 2872 147 da einer von den aber ehefrau ihre habe, die
354 137 2885 191 Hasenlängen vorauseilend, den zum Melodram zerschung den Roman lich, zu schrecklich, zu niederdrückend, die sogenannten Schmerzen. In
351 178 1594 223 virklich zur Aufführung brachte, stellte es sich heraus, daß es wahr
1616 188 2875 236 der modernen Sympathie für eingebildete Leiden ist etwas un¬
351 217 1600 261 hastig kaum der Rede wert war. Trotzdem wird das unter der
1626 230 2037 293 glaublich Krankhaftes.
354 255 1600 300 Flagge des unglücklichen englischen Dichters segelnde Theaterstück seine
1708 252 2878 312 „Glauben Sie — Sie angezogener Aff?", höhnt ihn der Herr
347 296 1594 360 hundert Aufführungen erleben, denn Oskar Wilde ist bei uns jetzt
1622 284 2882 351 mit dem halben Ohr, und wischt sich mit der linken Hand das Blut
351 328 596 389 the in Mode
1613 341 2894 392 aus dem Gesicht. „Sie können leicht reden, Sie angepampfter Mehl¬
405 373 2882 437 Alle Snobs und sämtliche Flaschenputzer der Litteratur schwär wurm, Sie haben ja noch Ihr ganzes Ohr. Und schauen Sie, daß
347 389 1597 453 nen jetzt für Wilde; womit sollten sie sich aber auch sonst die Zei¬
1629 421 2442 472 Sie weiter kommen, sonst gibts ein Unglück.
351 443 1606 494 vertreiben? Jede Zeit und gar jede Generation von Snobs braucht
1686 437 2872 504 Diese allzu drastische Ansprache hat den Dandy nicht wenig ent¬
347 481 1594 529 hre Dichter, die unsrige ist schmählich enttäuscht worden. Arthu
1626 478 2882 545 rüstet: „Wie können Sie so plebejisch reden? Lernen Sie, mein
347 520 1594 564 Schnitzler ist, seitdem er sich unters Joch der Ehe gebeugt, so eine Ar
1622 542 2872 590 Herr, von den Spartanern; wir sollten überhaupt unser Leben so
351 561 1594 606 Philister geworden. Sein süßes Mädel wird schon merklich säuerlich
1619 577 2882 638 einrichten, wie es die alten Griechen gelebt haben. Die alten
347 599 1587 644 ind nun gar, da Alfred von Berger mit feierlicher Geste eine litt¬
341 612 2882 679 tarische Lobrede auf Schnitzler gehalten und ihn damit gewissermaßen Griechen sympathisierten mit den Farben, mit der Schönheit, mit
1619 657 1944 720 der Lebensfreude.
335 673 1597 720 den vier Unsterblichen des deutschen Parnaß zugesellt hat, wird da¬
1696 676 2878 755 „Und Sie sind ein alter Esel!“ schreit der geschnittene Herr, er¬
341 708 1597 765 richtige Wiener Litteraturgiger von diesem Arthur Schnitzler keinen
1622 714 2885 784 hebt sich von seinem blutigen Pfühl und will sich auf den Dandy
335 752 963 819 Bissen Brot mehr nehmen wollen
418 749 2878 829 Peter Altenberg hätte das richtige Zeug zum Idol der Wiener mit der griechischen Lebensauffassung stürzen. Vier Arme werfen sich
338 813 2885 867 Snobs. Seine Poesien sind so verworren, daß man sich vor lauter dem wütenden Manne entgegen, von denen zwei dem Friseur ge¬
341 848 2878 908 Tiefsinn gar nicht auskennt in ihnen. Aber es tauchen auch Licht hören, der gewiß den Dichter Peter Altenberg gelesen hat, denn er
335 886 2875 950 blicke von verblüffender Genialität in seinen Werken auf, beispiels beschwört die beiden Streitteile, Ruhe zu bewahren, mit den Worten
1632 931 2866 982 „Meine sehr verehrten Herren“ — ruft er mit gekränkter Würde -
338 940 1600 985 weise im „Prodromos", wo er mit dichterischem Ungestüm die Forde
341 969 2882 1026 rung aufstellt, der wahrhaft freie und unabhängige Mensch dürfe nichts ich bitte Sie, hier an dieser friedlichen Stätte das Paradigma der
335 1004 2882 1074 anderes als Michreis essen, und dieser poetischen Forderung ein ästhetischen Kraft, sich äußerlich individuell zu gestalten, nicht durch
341 1042 2789 1119 ganzes Kapitel seines Buches widmet. Peter Altenberg wäre also exeptionelle Art um den künstlerischen Ausdruck zu bringen.
1696 1068 2878 1138 „Hol Sie der Teufel mit Ihrem Paradigma!“ schreit wütend
360 1090 1587 1151 wiß der Dichter, der den Pulsschlag der Zeit versteht, allein¬
360 1116 2885 1189 und das werden ihm seine bisherigen Anhänger niemals verzeihen der geschnittene Herr, entwindet sich gewaltsam den Händen, die ihn
1622 1163 2885 1218 umklammern, und haut dem Dandy eine so gewaltige Ohrfeige
363 1167 1597 1218 Innen — Peter Altenberg hat es gottlob nicht mehr nötig, dem oben
1626 1208 2882 1275 herunter, daß ihr Schall sogar bis zum Wachmann des nächsten
360 1205 1600 1262 wähnten Pulsschlag zu horchen, denn er ist, man höre und staune
1629 1243 1912 1313 Reviers dringt.
344 1250 542 1313 Kapitalist
421 1253 1597 1329 Man erinnert sich vielleicht, daß dieser Wiener Dichter sich ein
1708 1265 2875 1336 Jetzt heult und winselt zur Abwechslung das geprügelte Giger
344 1310 1600 1374 Zeitlang auch mit der Fabrikation von Rosenkränzen befaßte, di
1622 1316 2878 1371 und er entblödet sich nicht einmal, die Hand vor das geschwollen¬
341 1361 2888 1409 einen solch starken Absatz fanden, daß er in seiner Werkstatt mehrere Gesicht zu halten. Augenblicklich holt er den Wachmann herbei, der
347 1402 2882 1447 junge Damen mit der Verfertigung von Rosenkränzen beschäftigen ein Protokoll aufnimmt. Beim Bezirksgericht, in drei bis vier
341 1441 2888 1492 konnte. In Peter Altenbergs Brust wohnen zwei Seelen, die sich ganz Wochen bei der Ehrenbeleidigungsverhandlung, sehen sich die beiden,
338 1466 1603 1527 gut miteinander vertragen: die Seele eines Dichters und die eine
1626 1482 2885 1549 der Mann mit dem geschnittenen Ohr und der geohrfeigte Dandy,
341 1504 1606 1565 praktischen Geschäftsmannes. Wenn der Dichter Milchreis=Rezepte in
1629 1517 1760 1581 wieder.
347 1543 1610 1597 großer Anzahl geschrieben hatte, sagte er sich: Für heute hätte ich den
1699 1549 2882 1603 Unser Wiener Litteratur=Dandy ist jedoch nicht der Mann, der
344 1581 1603 1635 Besten meiner Zeit genug getan, nun wollen wir mit den Rosen
1629 1584 2885 1654 sich durch derartige trübe Erfahrungen von seiner Mission, für
344 1632 2885 1686 kränzen hausieren gehen! Das tat er denn auch, und das Geschaft Bildung und Aufklärung, Wurstigkeit und Blasiertheit, Gesinnungs¬
335 1654 1606 1712 brachte ihm reichen Gewinn. Peter Altenberg, der Dichter=Hausierer
1626 1683 2885 1724 und Charakterlosigkeit und ähnliche philosophische Probleme mann¬
344 1708 2891 1766 lebte nach der Maxime jenes armen Mannes, der täglich das Geber haft einzustehen, irgendwie beeinflussen ließe. Schon Tags darauf
351 1734 1613 1810 zum Himmel richtet: „Lieber Gott, ich bitte dich, mach, daß in der
1638 1756 2878 1804 sehen wir ihn in einem Restaurant sich über einen Herrn erbosen
347 1769 1606 1839 Welt lauter Millionäre leben und ich, ich allein, soll der einzig
351 1791 2891 1865 Schnorrer sein — dann habe ich ausgesorgt, und mehr will ich nicht der über eine Speise, in der er irgend ein Haar gefunden, in ein
1622 1833 2282 1900 rohrspatzartiges Geschimpf ausbricht
341 1862 520 1912 von dir!“
1696 1855 2732 1916 Der Gigerl ist darüber ungehalten. „Die Menschheit“
2783 1855 2897 1932 sagt
424 1862 1619 1938 Solcher Art wurde Peter Altenberg, wie man sich erzählt, ein
347 1916 2735 1979 wohlhabender Mann. Aber seine dichterische Ader läßt deshalb, ziemlich spitz zu dem schimpfenden Herrn am Nebentisch
351 1932 2897 2014 ebensowenig nach, wie sein Erwerbssinn, und als er letzthin im Café Menschheit nimmt sich viel zu ernst, das ist die Todsünde der Welt.
351 1992 2897 2066 Kiosk am Graben gar mit lauter Stimme die These aufstellte, daß die Menschen, die alles allzu ernst nehmen, sollte man gänzlich aus¬
1632 2030 2894 2072 rotten; sie sind eine Plage der Welt und der Menschheit. Was ist
351 2034 1606 2094 Nation ihm, dem Dichter und Vorläufer einer kommenden großen
354 2075 2888 2132 Zeit, ein Denkmal in Form einer großen Subskription widmen sollte, denn geschehen? Sie haben ein Haar in der Speise gefunden. Soll
1642 2107 2885 2161 Ihnen der Gastwirt vielleicht in jedes Knödel einen Dukaten hinein¬
351 2110 1606 2168 da stob die Schar seiner Anhänger auseinander — und die Wiene
351 2136 2891 2206 Litteratur=Gigerln sind um eine Illusion ärmer geworden. Aermer backen? Darüber ärgert man sich nicht, sondern man lacht, merken
357 2187 2894 2260 ist Wien auch um eine Sehenswürdigkeit, wie keine zweite Stadt der Sie sich das, geschätzter Herr! Wenn die Höhlenbewohner schon
1629 2228 2894 2279 hätten lachen können, dann wäre die Weltgeschichte bei Gott anders
347 2231 1603 2282 Welt sie bisher aufzuweisen hatte: Peter Altenberg, der ewig unausge¬
354 2263 1871 2320 schlafene Dichter und Hausierer, wie er inmitten seiner getreuen ausgefallen.“
1708 2279 2891 2349 Unser Litteraturgiger ist ein Fanatiker der Wahrheit ebenso
351 2308 1606 2372 Gigerln jeden Vormittag vor dem Café Kiosk am Graben Cercle hielt
1622 2324 2885 2391 wie er den Armenleutgeruch nicht vertragen kann. Er schwört darauf
341 2349 1323 2403 O, daß doch auf Erden hienieden nichts ewig dauer¬
418 2384 2891 2435 Oskar Wilde, dem die geölten Bonzen und Gigern der Wiener daß das neunzehnte Jahrhundert durch seine geradezu übermäßige
351 2416 2891 2470 Litteratur nunmehr ihre Begeisterung zugewendet haben, bietet den Emission von Sympathie für die armen Mitmenschen zugrunde ge¬
1638 2464 2901 2512 gangen ist und daß Gefahr drohe, das zwanzigste Jahrhundert werde
347 2474 1613 2518 Vorteil, daß er schon längst tot und die Verehrung, die ihm entgegen¬
357 2502 2894 2547 gebracht wird, mit keinerlei Kosten verbunden ist. Man kann für in denselben Fehler verfallen. Menschenwürde, Menschenliebe und
357 2537 2904 2588 Wilde schwärmen, ohne daß dieser Dichter einen mit dem Antrag belähnliche Dinge hält er für lächerliche, ja geradezu gefährliche
347 2579 2894 2626 lästigt: Kaufen Sie mir Oskar Wilde=Rosenkränze ab! Liest man in Sentimentalitäten, denen man beizeiten vorbeugen müsse, denn es
354 2617 2888 2665 manchen Büchern Wildes, so werden im Leser die feinsten Stimmungen gebe nichts rückständigeres als diese sogenannten „sittlichen Gefühle
1708 2655 2901 2706 Kommt er in eine Gesellschaft, so glänzt er mit dem erborgten
357 2662 1613 2706 ausgelöst, denen man in dem zum Drama vergröberten Doria Gra¬
354 2693 2901 2748 allerdings nicht wieder begegnet. Nebenbei gesagt: eine „Auslösung Geist Oskar Wildes, der jetzt überall stürmisch akklamiert wird. Einer
354 2741 1613 2783 von Stimmungen und Gefühlen“ hat es früher gar nicht gegeben
1645 2741 2901 2780 jungen glücklichen Braut, der er vorgestellt wird, wirft er die freche
357 2773 2850 2821 und darum wird man begreifen, wie schwer es Leuten von der älteren Frage ins Gesicht: „Verehrtes Fräulein Elvira, Sie gedenken w
357 2805 2850 2859 Generation wird, allen Regungen der modernen Litteratur zu folgen, bald nach Ihrer Verehelichung sich einen Hausfreund zu halten?"
357 2853 1616 2897 Lebhaft erinnere ich mich, wie meine gute Mutter in der Küche Erbsen
1718 2846 2901 2923 „Wie können Sie es wagen, mein Herr ..." stottert Fräulein
347 2891 1613 2932 auslöste. Später, als lockerer Jüngling, habe ich ähnliches getan
1642 2869 2024 2952 Elvira ganz bestürzt.
357 2929 1613 2968 aber nicht in der Küche wie meine selige Mutter, sondern bei „Tant
1708 2913 2904 2987 „Ich wage es", erwidert er mit seinem frechsten Lachen, „weil ich
354 2961 1619 3022 Dorothea, auch habe ich nicht Erbsen, sondern ab und zu meine Uhr
1638 2952 2901 3028 Sie für eine wahrhaft tiefe Natur halte. Was die gemeine Menge
357 3009 2904 3054 ausgelöst. Doch Stimmungen werden erst ausgelöst, seitdem die mit dem Begriff „Anständigkeit" und „Treue verbindet, nenne ich
357 3041 1606 3105 Moderne aufgekommen ist, früher hat sich so etwas gar niemals er
1635 3047 2811 3101 Starrkrampf der Gewohnheit oder Mangel an Einbildung kraft
347 3079 475 3133 eignet
1718 3073 2901 3136 „Gott, was Sie für ein geistreicher Mensch sind!" sagt Fräulein
434 3092 2891 3197 Die Schwärmer für Oskar Wilde also lassen sich durch ihren Elvira voll Bewunderung. „Aber in mir sollen Sie sich täuschen
357 3149 1616 3200 Lieblings=Dichter allerlei Stimmungen en masse auslösen. Si¬
1654 3165 2901 3232 Ich werde meinem Eduard bis zu meinem letzten Athemzug die Treue
357 3184 1826 3254 kleiden sich so dandhaft, wie er sich kleidete, und werfen den niedrigen bewahren.
360 3235 1619 3277 Erdenwurm von einem Schneider, wenn er mit der Schneiderrechnung
1916 3226 2901 3296 Treue! Oh, daß ich nicht lache! Treue, was ist
1715 3251 1849 3302 „Treue
360 3277 2901 3331 näherzukommen sich erdreistet, zur Tür hinaus, wie der Dichter Oskar Treue Lassen Sie mich den Begriff einmal analysieren. Die Freude
360 3305 1619 3350 Wilde in ähnlichen Fällen es zu tun pflegte. Auch tragen sie Kra¬
1638 3328 2897 3372 am Besitz ist eines der Elemente. Eine ganze Menge Dinge gibt es
360 3340 1616 3385 watten, die so breit sind, wie die Bauchbinde des Elefanten in Schön
357 3366 2894 3427 brunn, wenn er sich unpäßlich fühlt, sie lassen sich täglich etliche male die man wegwerfen würde, wenn uns nicht die Furcht beseelte, daß
357 3401 2897 3481 rasieren, schwärmen für paradoxe Redensarten und watscheln fort ein anderer sie aufklaubt. Hier, mein Fräulein, haben Sie den Begriff
354 3446 1817 3500 während in einem Meer von Antithesen herum. Jawohl, der Wiener der Treue
1708 3462 2901 3529 Und Fräulein Elvira trippelt zu ihrer Mama und sagt ihr voll
357 3494 1629 3541 Dandy, von dem in früheren Zeiten das Gerücht umherging, daß er
357 3509 2904 3580 ein dummer Kerl sei, ist jetzt schrecklich geistreich geworden. Versucht Entzücken: „Nein, wie dieser Herr von Gigerlberger heut wieder so
357 3557 2920 3624 man es, ihn in ein politisches Gespräch zu ziehen, so wird er sich mit viel geistreich ist!“ Erzählt ihr dann alle die feinen Aussprüche des
360 3596 2907 3653 einigen spöttischen Redensarten aus der Affäre ziehen, denn eine Ge=espritvollen jungen Herrn, über die die Mama natürlich nicht minder
357 3637 2897 3698 sinnung haben, ist doch nach modernen Wiener Begriffen das läpezt ist. So frist sich das Wiener Litteraturfrüchtel durch alle
1645 3678 2894 3723 Jours und gilt als der geistreichste Mann im ganzen Quaiviertel
360 3688 1218 3742 pischeste, was einem Menschen passieren kann.
449 3713 2891 3774 „Gesinnung — was heißt Gesinnung?“ wird er auf eine Anfrage Manchmal wird er irgendwo hinausgeworfen, manchmal auch nicht
357 3755 2904 3809 erwidern: „Es gibt nichts häßlicheres, als dieses blödsinnige Wort. Erfolgt der große Wurf, so tröstet er sich mit den Worten des großen
357 3793 2904 3850 Gesinnung heißt Stillstand. Ich kann Roheit in allen Formen ver= Wilde, daß der Weg zur Wahrheit über Paradoxen führe und leider
1677 3831 2891 3886 hier kratzt er sich nachdenklich den Rücken — ein ziemlich steiler sei
357 3844 1613 3886 tragen, aber rohe Gesinnung ist mir zuwider. Ich finde immer, da
1712 3873 2897 3917 Aber allzu oft passiert ihm das Malheur nicht. Denn sein
360 3879 1610 3946 ihr Gebrauch unanständig ist, unanständiger noch, als der Gebrauch
1642 3905 2897 3956 geistiger Brotherr, der Dichter Oskar Wilde, ist jetzt der gefeierte
357 3917 835 3975 der sogenannten Vernunft
440 3930 2897 4000 Solche und ähnliche Redensarten hat der Wiener Litteratur= Modedichter von Wien. Alle Welt reißt sich jetzt um diesen Dichter,
363 3981 2901 4064 Dandy den Werken des vielgeliebten Dichters Oskar Wilde abge¬ der Zeit seines Lebens so geistreich, so bizarr, so blasiert und sarkastisch
367 4029 2454 4090 lauscht, und er bemüht sich, sie bei passenden Gelegenheiten an den und vor allem so gesinnungslos gewesen ist.
2588 4045 2834 4134 Calibag.
357 4070 1632 4134 Mann zu bringen. Ab und zu freilich auch bei unpassenden Gelegen¬
