<?xml version="1.0" encoding="UTF-8" standalone="yes"?>
<PcGts xmlns="http://schema.primaresearch.org/PAGE/gts/pagecontent/2013-07-15" xmlns:xsi="http://www.w3.org/2001/XMLSchema-instance" xsi:schemaLocation="http://schema.primaresearch.org/PAGE/gts/pagecontent/2013-07-15 http://schema.primaresearch.org/PAGE/gts/pagecontent/2013-07-15/pagecontent.xsd">
    <Metadata>
        <Creator>prov=READ-COOP:name=PyLaia@TranskribusPlatform:version=2.12.1:model_id=39995:lm=provided:date=29_03_2024_17:56</Creator>
        <Created>2019-10-07T20:39:48.214+02:00</Created>
        <LastChange>2024-03-29T17:56:00.760+01:00</LastChange>
        <TranskribusMetadata docId="224465" pageId="9580628" pageNr="124" tsid="156506591" status="IN_PROGRESS" userId="40391" imgUrl="https://files.transkribus.eu/Get?id=NFHRODFDLBERTLNVXCHCEQHI&amp;fileType=view" xmlUrl="https://files.transkribus.eu/Get?id=VZTBJSJYNLXEXFDLUIXWEWPV" imageId="6208709"/>
    </Metadata>
    <Page imageFilename="224465_0124.jpeg" imageWidth="3344" imageHeight="4352">
        <ReadingOrder>
            <OrderedGroup id="ro_1712662343810" caption="Regions reading order">
                <RegionRefIndexed index="0" regionRef="tr_1"/>
            </OrderedGroup>
        </ReadingOrder>
        <TextRegion orientation="0.0" id="tr_1" custom="readingOrder {index:0;}">
            <Coords points="217,311 217,3409 3322,3409 3322,311"/>
            <TextLine id="tr_1_tl_1" custom="readingOrder {index:0;}">
                <Coords points="1263,353 1411,363 1457,335 1511,356 1540,342 1576,363 1663,360 1684,342 1735,356 1735,281 1641,288 1619,274 1587,295 1555,274 1364,295 1263,274"/>
                <Baseline points="1283,337 1308,334 1334,334 1359,335 1385,337 1410,337 1436,337 1461,337 1487,337 1513,337 1538,338 1564,340 1589,338 1615,337 1640,337 1666,336 1691,334 1717,333 1743,331"/>
                <TextEquiv>
                    <Unicode>box 44/10</Unicode>
                </TextEquiv>
            </TextLine>
            <TextLine id="tr_1_tl_2" custom="readingOrder {index:1;}">
                <Coords points="198,349 1069,371 1065,288 194,295"/>
                <Baseline points="217,334 260,337 303,337 346,340 389,335 432,334 475,336 518,337 561,337 604,337 647,337 690,337 733,339 776,340 819,340 862,339 905,337 948,337 991,338 1034,342 1077,349"/>
                <TextEquiv>
                    <Unicode>13. Miscellaneous</Unicode>
                </TextEquiv>
            </TextLine>
            <TextLine id="tr_1_tl_3" custom="readingOrder {index:2;}">
                <Coords points="450,1418 1619,1436 1630,1335 1231,1332 1180,1378 446,1360"/>
                <Baseline points="471,1402 529,1406 588,1408 646,1408 705,1408 764,1410 822,1411 881,1411 940,1413 998,1413 1057,1414 1116,1415 1174,1417 1233,1417 1292,1420 1350,1420 1409,1420 1468,1421 1526,1423 1585,1423 1644,1423"/>
                <TextEquiv>
                    <Unicode>Gemüts zu verleugnen, die andere empfängt den Naturlaut aus der</Unicode>
                </TextEquiv>
            </TextLine>
            <TextLine id="tr_1_tl_4" custom="readingOrder {index:3;}">
                <Coords points="1673,1422 2857,1450 2857,1404 2667,1386 1673,1386"/>
                <Baseline points="1695,1423 1753,1426 1812,1428 1870,1429 1929,1429 1987,1429 2046,1429 2104,1432 2163,1432 2221,1432 2280,1432 2338,1435 2397,1435 2455,1438 2514,1440 2572,1438 2631,1441 2689,1438 2748,1440 2806,1441 2865,1441"/>
                <TextEquiv>
                    <Unicode>seine Kritik reflektiert ebenso gerne, wie sie gestaltet, sein Spott</Unicode>
                </TextEquiv>
            </TextLine>
            <TextLine id="tr_1_tl_5" custom="readingOrder {index:4;}">
                <Coords points="2886,1457 2944,1461 2962,1447 2991,1461 3012,1450 3138,1465 3286,1461 3286,1411 3070,1407 3023,1418 2991,1404 2886,1404"/>
                <Baseline points="2907,1447 2932,1447 2958,1447 2984,1447 3010,1447 3036,1447 3062,1447 3088,1447 3113,1449 3139,1449 3165,1448 3191,1448 3217,1450 3243,1450 3269,1450 3295,1450"/>
                <TextEquiv>
                    <Unicode>zug seines Wesens für</Unicode>
                </TextEquiv>
            </TextLine>
            <TextLine id="tr_1_tl_6" custom="readingOrder {index:5;}">
                <Coords points="457,1450 1558,1479 1641,1468 1641,1436 453,1414"/>
                <Baseline points="477,1441 535,1445 594,1447 652,1447 711,1447 769,1447 828,1450 886,1450 945,1453 1003,1453 1062,1453 1120,1456 1179,1456 1237,1456 1296,1457 1354,1461 1413,1459 1471,1460 1530,1462 1588,1462 1647,1459"/>
                <TextEquiv>
                    <Unicode>ersten volkstümlichen Hand und trägt alle Lebhaftigkeit der Emp¬</Unicode>
                </TextEquiv>
            </TextLine>
            <TextLine id="tr_1_tl_7" custom="readingOrder {index:6;}">
                <Coords points="1663,1468 2839,1490 2839,1447 2742,1440 1663,1422"/>
                <Baseline points="1683,1462 1741,1466 1799,1468 1858,1468 1916,1468 1974,1468 2033,1470 2091,1471 2149,1471 2208,1471 2266,1474 2324,1474 2383,1474 2441,1477 2499,1477 2558,1477 2616,1477 2674,1477 2733,1480 2791,1480 2850,1483"/>
                <TextEquiv>
                    <Unicode>kennt keinen Pardon, und wenn ihm die Wärme Bauernfelds fehlt</Unicode>
                </TextEquiv>
            </TextLine>
            <TextLine id="tr_1_tl_8" custom="readingOrder {index:7;}">
                <Coords points="2886,1490 2994,1504 3127,1501 3142,1486 3300,1501 3300,1457 2886,1454"/>
                <Baseline points="2907,1483 2932,1485 2957,1486 2982,1488 3007,1489 3032,1489 3058,1488 3083,1486 3108,1486 3133,1486 3158,1488 3184,1489 3209,1489 3234,1489 3259,1489 3284,1489 3310,1489"/>
                <TextEquiv>
                    <Unicode>rische Freude am Ge¬</Unicode>
                </TextEquiv>
            </TextLine>
            <TextLine id="tr_1_tl_9" custom="readingOrder {index:8;}">
                <Coords points="457,1490 1630,1511 1630,1472 1461,1457 457,1450"/>
                <Baseline points="477,1483 535,1484 593,1486 651,1486 709,1486 767,1487 825,1489 883,1489 941,1491 999,1491 1057,1492 1115,1495 1173,1495 1231,1495 1289,1498 1347,1496 1405,1498 1463,1498 1521,1499 1579,1501 1638,1498"/>
                <TextEquiv>
                    <Unicode>findung in seine ursprünglichen mundartlichen Formen hinein. Auf</Unicode>
                </TextEquiv>
            </TextLine>
            <TextLine id="tr_1_tl_10" custom="readingOrder {index:9;}">
                <Coords points="1666,1515 2850,1526 2850,1490 2764,1479 1666,1472"/>
                <Baseline points="1686,1501 1744,1507 1803,1507 1861,1507 1920,1507 1979,1507 2037,1510 2096,1510 2155,1510 2213,1510 2272,1510 2331,1511 2389,1513 2448,1516 2507,1516 2565,1516 2624,1519 2683,1519 2741,1519 2800,1519 2859,1519"/>
                <TextEquiv>
                    <Unicode>der in den altmodischen Komödien noch immer anheimelnd an</Unicode>
                </TextEquiv>
            </TextLine>
            <TextLine id="tr_1_tl_11" custom="readingOrder {index:10;}">
                <Coords points="2890,1526 3016,1540 3045,1529 3253,1533 3300,1547 3296,1501 3224,1490 3163,1501 3145,1486 3127,1501 3059,1493 3048,1504 2886,1493"/>
                <Baseline points="2907,1522 2932,1524 2957,1525 2982,1525 3007,1525 3032,1525 3058,1526 3083,1528 3108,1528 3133,1528 3158,1528 3184,1529 3209,1530 3234,1531 3259,1531 3284,1531 3310,1531"/>
                <TextEquiv>
                    <Unicode>wenn er den kecken sal</Unicode>
                </TextEquiv>
            </TextLine>
            <TextLine id="tr_1_tl_12" custom="readingOrder {index:11;}">
                <Coords points="453,1533 1630,1544 1569,1501 453,1486"/>
                <Baseline points="474,1522 532,1522 590,1524 648,1525 706,1525 765,1526 823,1528 881,1528 939,1528 997,1528 1056,1531 1114,1531 1172,1533 1230,1534 1288,1535 1347,1537 1405,1535 1463,1537 1521,1540 1579,1540 1638,1540"/>
                <TextEquiv>
                    <Unicode>der einen Seite Grillparzer, Bauernfeld, Lenau (trotz des leichten</Unicode>
                </TextEquiv>
            </TextLine>
            <TextLine id="tr_1_tl_13" custom="readingOrder {index:12;}">
                <Coords points="1673,1558 2850,1569 2850,1529 2800,1522 1673,1515"/>
                <Baseline points="1692,1546 1750,1543 1808,1545 1867,1546 1925,1546 1983,1548 2042,1551 2100,1549 2158,1549 2217,1549 2275,1552 2333,1552 2392,1552 2450,1555 2508,1555 2567,1557 2625,1558 2683,1558 2742,1559 2800,1559 2859,1558"/>
                <TextEquiv>
                    <Unicode>unsere Herzen dringt, so hat er die Schärfe dafür einzusetzen, die</Unicode>
                </TextEquiv>
            </TextLine>
            <TextLine id="tr_1_tl_14" custom="readingOrder {index:13;}">
                <Coords points="2883,1569 2944,1569 2965,1587 3019,1569 3268,1580 3268,1529 3224,1544 2883,1526"/>
                <Baseline points="2904,1561 2930,1563 2957,1564 2983,1564 3010,1564 3037,1564 3063,1566 3090,1567 3117,1567 3143,1567 3170,1567 3197,1569 3223,1570 3250,1568 3277,1567"/>
                <TextEquiv>
                    <Unicode>bärden beeinträchtigt</Unicode>
                </TextEquiv>
            </TextLine>
            <TextLine id="tr_1_tl_15" custom="readingOrder {index:14;}">
                <Coords points="453,1565 1583,1598 1630,1591 1630,1544 450,1533"/>
                <Baseline points="474,1561 532,1562 590,1564 648,1564 706,1564 765,1564 823,1566 881,1567 939,1567 997,1567 1056,1570 1114,1570 1172,1572 1230,1573 1288,1574 1347,1576 1405,1576 1463,1576 1521,1577 1579,1579 1638,1573"/>
                <TextEquiv>
                    <Unicode>magyarischen Einschlags) und Grün bis zu Schnitzler und Hof¬</Unicode>
                </TextEquiv>
            </TextLine>
            <TextLine id="tr_1_tl_16" custom="readingOrder {index:15;}">
                <Coords points="1663,1583 2850,1605 2793,1558 1663,1551"/>
                <Baseline points="1683,1582 1741,1584 1800,1584 1858,1584 1917,1584 1976,1584 2034,1587 2093,1587 2152,1587 2210,1587 2269,1590 2328,1590 2386,1592 2445,1593 2504,1596 2562,1596 2621,1596 2680,1597 2738,1597 2797,1596 2856,1596"/>
                <TextEquiv>
                    <Unicode>mutig an die Wurzeln der Erscheinungen herandrängt. War</Unicode>
                </TextEquiv>
            </TextLine>
            <TextLine id="tr_1_tl_17" custom="readingOrder {index:16;}">
                <Coords points="2875,1609 2969,1605 2987,1623 3012,1609 3052,1623 3099,1605 3304,1616 3304,1576 3275,1565 3242,1583 3142,1569 3113,1580 2875,1569"/>
                <Baseline points="2895,1599 2920,1601 2946,1602 2972,1604 2998,1605 3024,1605 3050,1605 3076,1605 3102,1605 3128,1606 3154,1607 3180,1608 3206,1608 3232,1608 3258,1608 3284,1608 3310,1605"/>
                <TextEquiv>
                    <Unicode>und großen Epigramm</Unicode>
                </TextEquiv>
            </TextLine>
            <TextLine id="tr_1_tl_18" custom="readingOrder {index:17;}">
                <Coords points="453,1605 1634,1634 1630,1591 1551,1580 453,1569"/>
                <Baseline points="474,1596 532,1599 590,1601 648,1602 706,1602 765,1602 823,1604 881,1605 939,1605 997,1607 1056,1608 1114,1608 1172,1608 1230,1611 1288,1611 1347,1612 1405,1614 1463,1614 1521,1615 1579,1617 1638,1617"/>
                <TextEquiv>
                    <Unicode>mannsthal, auf der anderen Raimund und Stelzhamer bis zu</Unicode>
                </TextEquiv>
            </TextLine>
            <TextLine id="tr_1_tl_19" custom="readingOrder {index:18;}">
                <Coords points="1663,1627 2839,1641 2839,1601 2742,1594 1663,1583"/>
                <Baseline points="1683,1620 1741,1621 1799,1623 1858,1623 1916,1623 1974,1623 2033,1625 2091,1626 2149,1626 2208,1628 2266,1629 2324,1629 2383,1631 2441,1632 2499,1633 2558,1635 2616,1638 2674,1638 2733,1635 2791,1637 2850,1635"/>
                <TextEquiv>
                    <Unicode>Bauernfeld ein Meister des gemütlich-humoristischen Dialogs, so</Unicode>
                </TextEquiv>
            </TextLine>
            <TextLine id="tr_1_tl_20" custom="readingOrder {index:19;}">
                <Coords points="2875,1648 2962,1652 2976,1666 3048,1645 3120,1666 3185,1648 3304,1659 3304,1616 3178,1619 3102,1601 3055,1619 2983,1619 2965,1601 2875,1609"/>
                <Baseline points="2895,1638 2921,1640 2947,1641 2973,1643 2999,1644 3025,1644 3051,1644 3077,1644 3104,1644 3130,1645 3156,1646 3182,1647 3208,1647 3234,1647 3260,1647 3286,1645 3313,1644"/>
                <TextEquiv>
                    <Unicode>wohl ein Meisterwerk</Unicode>
                </TextEquiv>
            </TextLine>
            <TextLine id="tr_1_tl_21" custom="readingOrder {index:20;}">
                <Coords points="453,1641 1623,1663 1623,1630 1508,1612 453,1605"/>
                <Baseline points="474,1635 531,1638 589,1638 647,1641 705,1641 763,1642 821,1644 879,1644 937,1644 995,1646 1053,1647 1110,1648 1168,1650 1226,1650 1284,1650 1342,1650 1400,1650 1458,1653 1516,1655 1574,1653 1632,1653"/>
                <TextEquiv>
                    <Unicode>Anzengruber, Rosegger und Schönherr. Bahr steht nicht außerhalt</Unicode>
                </TextEquiv>
            </TextLine>
            <TextLine id="tr_1_tl_22" custom="readingOrder {index:21;}">
                <Coords points="1663,1673 2839,1688 2814,1637 1663,1623"/>
                <Baseline points="1683,1662 1741,1660 1799,1662 1857,1665 1915,1663 1974,1665 2032,1665 2090,1668 2148,1668 2206,1668 2265,1668 2323,1671 2381,1673 2439,1674 2497,1674 2556,1676 2614,1677 2672,1677 2730,1677 2788,1677 2847,1677"/>
                <TextEquiv>
                    <Unicode>ist der Raisonneur von heute ein Virtuose der blendenden Dialektik</Unicode>
                </TextEquiv>
            </TextLine>
            <TextLine id="tr_1_tl_23" custom="readingOrder {index:22;}">
                <Coords points="2875,1688 2987,1702 3012,1677 3055,1695 3106,1695 3120,1681 3206,1706 3304,1691 3304,1655 3278,1648 3260,1659 3188,1648 3153,1663 3063,1645 2875,1652"/>
                <Baseline points="2895,1680 2920,1680 2946,1680 2972,1679 2998,1677 3024,1681 3050,1682 3076,1683 3102,1683 3128,1685 3154,1686 3180,1686 3206,1686 3232,1686 3258,1687 3284,1689 3310,1686"/>
                <TextEquiv>
                    <Unicode>oder „Der Krampu</Unicode>
                </TextEquiv>
            </TextLine>
            <TextLine id="tr_1_tl_24" custom="readingOrder {index:23;}">
                <Coords points="446,1681 1619,1699 1619,1663 1457,1652 446,1634"/>
                <Baseline points="465,1674 523,1675 581,1679 639,1680 697,1680 756,1680 814,1682 872,1683 930,1683 988,1683 1047,1686 1105,1686 1163,1686 1221,1686 1279,1689 1338,1689 1396,1689 1454,1692 1512,1692 1570,1692 1629,1692"/>
                <TextEquiv>
                    <Unicode>dieser Reihen. Sein Oesterreichertum ist mit allen Wurzelfasern an</Unicode>
                </TextEquiv>
            </TextLine>
            <TextLine id="tr_1_tl_25" custom="readingOrder {index:24;}">
                <Coords points="2875,1727 2980,1724 3034,1745 3091,1727 3170,1731 3170,1688 3145,1684 3055,1695 3001,1677 2980,1699 2875,1691"/>
                <Baseline points="2895,1719 2921,1720 2947,1721 2973,1722 2999,1722 3025,1722 3051,1722 3077,1722 3103,1722 3129,1722 3155,1718 3181,1713"/>
                <TextEquiv>
                    <Unicode>im „Prinzip</Unicode>
                </TextEquiv>
            </TextLine>
            <TextLine id="tr_1_tl_26" custom="readingOrder {index:25;}">
                <Coords points="1702,1720 2850,1738 2850,1695 2803,1684 1702,1673"/>
                <Baseline points="1722,1710 1778,1713 1835,1715 1892,1716 1948,1716 2005,1717 2062,1719 2118,1719 2175,1719 2232,1720 2289,1722 2345,1722 2402,1727 2459,1725 2515,1727 2572,1728 2629,1728 2685,1728 2742,1728 2799,1728 2856,1728"/>
                <TextEquiv>
                    <Unicode>Bahr hat sich viele Gaben angeeignet, seiner Natur ist viel von</Unicode>
                </TextEquiv>
            </TextLine>
            <TextLine id="tr_1_tl_27" custom="readingOrder {index:26;}">
                <Coords points="446,1724 1630,1742 1630,1699 446,1681"/>
                <Baseline points="465,1713 523,1716 582,1718 640,1719 699,1719 757,1721 816,1722 874,1722 933,1722 991,1724 1050,1725 1108,1726 1167,1726 1225,1728 1284,1728 1342,1728 1401,1728 1459,1731 1518,1731 1576,1731 1635,1734"/>
                <TextEquiv>
                    <Unicode>diesen geschichtlichen Boden geknüpft, kein neuentdecktes, aber ein</Unicode>
                </TextEquiv>
            </TextLine>
            <TextLine id="tr_1_tl_28" custom="readingOrder {index:27;}">
                <Coords points="3196,1742 3221,1745 3228,1738 3246,1742 3253,1735 3282,1738 3307,1735 3304,1695 3282,1695 3278,1699 3242,1695 3232,1702 3228,1699 3192,1702"/>
                <Baseline points="3214,1725 3239,1725 3265,1725 3290,1727 3316,1728"/>
                <TextEquiv>
                    <Unicode>frei¬</Unicode>
                </TextEquiv>
            </TextLine>
            <TextLine id="tr_1_tl_29" custom="readingOrder {index:28;}">
                <Coords points="1655,1756 2771,1785 2847,1774 2847,1738 1731,1727 1652,1695"/>
                <Baseline points="1677,1752 1739,1753 1801,1755 1863,1755 1925,1755 1987,1758 2049,1758 2111,1758 2173,1758 2235,1761 2297,1761 2359,1764 2421,1764 2483,1764 2545,1765 2607,1767 2669,1767 2731,1769 2793,1770 2856,1770"/>
                <TextEquiv>
                    <Unicode>der journalistischen Beredsamkeit angeflogen, die sich unbewußt lenken</Unicode>
                </TextEquiv>
            </TextLine>
            <TextLine id="tr_1_tl_30" custom="readingOrder {index:29;}">
                <Coords points="2875,1763 3019,1760 3059,1781 3214,1763 3253,1778 3314,1774 3314,1738 3228,1738 3174,1709 3117,1738 3102,1727 3005,1735 2976,1720 2875,1727"/>
                <Baseline points="2895,1755 2920,1757 2945,1758 2970,1758 2995,1759 3020,1763 3045,1764 3070,1764 3095,1763 3121,1761 3146,1761 3171,1761 3196,1763 3221,1764 3246,1764 3271,1764 3296,1764 3322,1764"/>
                <TextEquiv>
                    <Unicode>Besten gehören, was</Unicode>
                </TextEquiv>
            </TextLine>
            <TextLine id="tr_1_tl_31" custom="readingOrder {index:30;}">
                <Coords points="450,1767 1623,1778 1569,1735 450,1724"/>
                <Baseline points="471,1755 529,1756 587,1756 645,1758 703,1758 761,1758 819,1758 877,1761 935,1761 993,1763 1051,1764 1109,1764 1167,1764 1225,1764 1283,1767 1341,1767 1399,1769 1457,1770 1515,1770 1573,1770 1632,1770"/>
                <TextEquiv>
                    <Unicode>um so besser begründetes. Freilich hat die Generation, der er an¬</Unicode>
                </TextEquiv>
            </TextLine>
            <TextLine id="tr_1_tl_32" custom="readingOrder {index:31;}">
                <Coords points="2883,1803 3048,1803 3066,1817 3174,1807 3214,1821 3250,1803 3300,1828 3296,1771 3275,1767 3246,1778 3217,1767 3048,1774 3012,1756 2983,1771 2883,1760"/>
                <Baseline points="2901,1793 2926,1795 2951,1796 2977,1796 3002,1796 3027,1796 3053,1797 3078,1799 3104,1801 3129,1802 3154,1800 3180,1800 3205,1801 3230,1802 3256,1802 3281,1802 3307,1802"/>
                <TextEquiv>
                    <Unicode>Skeptiker zuletzt den Zu</Unicode>
                </TextEquiv>
            </TextLine>
            <TextLine id="tr_1_tl_33" custom="readingOrder {index:32;}">
                <Coords points="1663,1796 2847,1814 2847,1774 1663,1760"/>
                <Baseline points="1683,1790 1741,1790 1800,1792 1858,1796 1917,1796 1975,1796 2034,1796 2092,1796 2151,1797 2209,1799 2268,1799 2326,1800 2385,1802 2443,1802 2502,1802 2560,1804 2619,1808 2677,1807 2736,1807 2794,1806 2853,1805"/>
                <TextEquiv>
                    <Unicode>läßt — er geht mit Tolstoi auf den Spuren der Bergpredigt und</Unicode>
                </TextEquiv>
            </TextLine>
            <TextLine id="tr_1_tl_34" custom="readingOrder {index:33;}">
                <Coords points="446,1807 1619,1814 1619,1778 1558,1771 446,1760"/>
                <Baseline points="465,1796 523,1793 581,1795 639,1796 697,1796 756,1796 814,1796 872,1799 930,1799 988,1801 1047,1802 1105,1803 1163,1803 1221,1805 1279,1805 1338,1805 1396,1805 1454,1805 1512,1808 1570,1808 1629,1811"/>
                <TextEquiv>
                    <Unicode>gehört, in die holde Weichmütigkeit und künstlerische Traumseligkei=</Unicode>
                </TextEquiv>
            </TextLine>
            <TextLine id="tr_1_tl_35" custom="readingOrder {index:34;}">
                <Coords points="1659,1843 2843,1857 2843,1817 2775,1810 1659,1799"/>
                <Baseline points="1680,1829 1738,1832 1796,1832 1855,1832 1913,1833 1971,1835 2030,1835 2088,1835 2146,1838 2205,1838 2263,1838 2321,1839 2380,1841 2438,1841 2496,1842 2555,1844 2613,1844 2671,1847 2730,1847 2788,1847 2847,1844"/>
                <TextEquiv>
                    <Unicode>berauscht sich mitunter gern an der Rousseaurenaissance, die das</Unicode>
                </TextEquiv>
            </TextLine>
            <TextLine id="tr_1_tl_36" custom="readingOrder {index:35;}">
                <Coords points="2875,1839 2947,1850 3066,1839 3138,1857 3149,1846 3289,1850 3286,1814 3250,1803 3214,1817 2872,1799"/>
                <Baseline points="2895,1835 2920,1837 2945,1838 2970,1838 2995,1838 3020,1838 3046,1838 3071,1838 3096,1838 3121,1838 3146,1838 3172,1839 3197,1840 3222,1841 3247,1841 3272,1842 3298,1844"/>
                <TextEquiv>
                    <Unicode>in seinem Roman „O</Unicode>
                </TextEquiv>
            </TextLine>
            <TextLine id="tr_1_tl_37" custom="readingOrder {index:36;}">
                <Coords points="450,1835 1627,1857 1598,1810 450,1807"/>
                <Baseline points="468,1832 526,1832 584,1834 642,1835 700,1835 759,1835 817,1837 875,1838 933,1838 991,1840 1050,1841 1108,1841 1166,1841 1224,1841 1282,1844 1341,1844 1399,1844 1457,1844 1515,1847 1573,1847 1632,1841"/>
                <TextEquiv>
                    <Unicode>eine neue Note hineingebracht: die Selbstironie, die melancholische</Unicode>
                </TextEquiv>
            </TextLine>
            <TextLine id="tr_1_tl_38" custom="readingOrder {index:37;}">
                <Coords points="2879,1882 2976,1879 3027,1893 3142,1879 3268,1897 3300,1889 3296,1843 3077,1853 3063,1839 2875,1839"/>
                <Baseline points="2898,1874 2923,1874 2949,1874 2975,1874 3001,1875 3026,1877 3052,1877 3078,1877 3104,1877 3129,1877 3155,1879 3181,1879 3207,1877 3232,1877 3258,1877 3284,1879 3310,1877"/>
                <TextEquiv>
                    <Unicode>Menschheit in die Hän</Unicode>
                </TextEquiv>
            </TextLine>
            <TextLine id="tr_1_tl_39" custom="readingOrder {index:38;}">
                <Coords points="1655,1875 2839,1897 2839,1857 2778,1846 1655,1839"/>
                <Baseline points="1677,1862 1735,1869 1793,1871 1852,1871 1910,1872 1968,1874 2027,1874 2085,1877 2143,1877 2202,1877 2260,1880 2318,1880 2377,1880 2435,1880 2493,1883 2552,1883 2610,1883 2668,1883 2727,1884 2785,1886 2844,1883"/>
                <TextEquiv>
                    <Unicode>Heil von einem neuen Naturmenschentum erwartet. Aber wenn man</Unicode>
                </TextEquiv>
            </TextLine>
            <TextLine id="tr_1_tl_40" custom="readingOrder {index:39;}">
                <Coords points="446,1875 1623,1893 1583,1850 446,1832"/>
                <Baseline points="465,1868 523,1871 581,1873 640,1871 698,1874 756,1874 815,1876 873,1877 931,1877 990,1877 1048,1877 1106,1880 1165,1882 1223,1880 1281,1883 1340,1883 1398,1883 1456,1883 1515,1886 1573,1886 1632,1889"/>
                <TextEquiv>
                    <Unicode>Blasiertheit des leichten Sinnes, die sich selbst den Spiegel vorhält.</Unicode>
                </TextEquiv>
            </TextLine>
            <TextLine id="tr_1_tl_41" custom="readingOrder {index:40;}">
                <Coords points="2868,1925 3307,1929 3307,1893 3138,1879 3019,1893 2868,1871"/>
                <Baseline points="2889,1910 2914,1912 2939,1913 2964,1915 2989,1916 3014,1916 3039,1916 3064,1916 3089,1916 3115,1916 3140,1918 3165,1919 3190,1919 3215,1920 3240,1922 3265,1922 3290,1922 3316,1922"/>
                <TextEquiv>
                    <Unicode>der sich urplötzlich in un</Unicode>
                </TextEquiv>
            </TextLine>
            <TextLine id="tr_1_tl_42" custom="readingOrder {index:41;}">
                <Coords points="1659,1915 2839,1929 2789,1889 1659,1875"/>
                <Baseline points="1680,1907 1738,1908 1796,1910 1855,1910 1913,1910 1971,1912 2030,1913 2088,1913 2146,1916 2205,1916 2263,1919 2321,1919 2380,1919 2438,1919 2496,1922 2555,1922 2613,1925 2671,1925 2730,1926 2788,1926 2847,1925"/>
                <TextEquiv>
                    <Unicode>die lange Reihe seiner Schriften überblickt, so liegt doch sein</Unicode>
                </TextEquiv>
            </TextLine>
            <TextLine id="tr_1_tl_43" custom="readingOrder {index:42;}">
                <Coords points="450,1915 1623,1933 1623,1897 1533,1886 450,1875"/>
                <Baseline points="468,1910 526,1910 584,1912 642,1913 700,1913 759,1913 817,1915 875,1916 933,1916 991,1916 1050,1919 1108,1919 1166,1919 1224,1919 1282,1922 1341,1921 1399,1921 1457,1922 1515,1925 1573,1925 1632,1925"/>
                <TextEquiv>
                    <Unicode>Aber der Grundton hat sich behauptet: der Anatolwitz Schnitzlers</Unicode>
                </TextEquiv>
            </TextLine>
            <TextLine id="tr_1_tl_44" custom="readingOrder {index:43;}">
                <Coords points="2868,1965 3120,1958 3304,1972 3304,1929 2868,1922"/>
                <Baseline points="2889,1952 2915,1954 2942,1955 2968,1955 2995,1955 3021,1955 3048,1955 3074,1955 3101,1955 3127,1956 3154,1958 3180,1958 3207,1958 3233,1958 3260,1958 3286,1958 3313,1961"/>
                <TextEquiv>
                    <Unicode>der offenbar den Ehrge</Unicode>
                </TextEquiv>
            </TextLine>
            <TextLine id="tr_1_tl_45" custom="readingOrder {index:44;}">
                <Coords points="1655,1951 2839,1976 2839,1933 2764,1925 1655,1915"/>
                <Baseline points="1677,1943 1735,1949 1794,1949 1852,1949 1911,1950 1969,1952 2028,1952 2086,1955 2145,1955 2203,1957 2262,1958 2320,1958 2379,1958 2437,1961 2496,1961 2554,1961 2613,1961 2671,1964 2730,1964 2788,1966 2847,1967"/>
                <TextEquiv>
                    <Unicode>Eigenstes in der individuellen Zuschärfung jener Satire, die sich</Unicode>
                </TextEquiv>
            </TextLine>
            <TextLine id="tr_1_tl_46" custom="readingOrder {index:45;}">
                <Coords points="443,1954 1616,1969 1580,1929 443,1911"/>
                <Baseline points="462,1949 520,1949 578,1951 636,1952 694,1952 753,1952 811,1954 869,1955 927,1955 985,1957 1044,1958 1102,1958 1160,1958 1218,1958 1276,1959 1335,1961 1393,1961 1451,1961 1509,1962 1567,1964 1626,1964"/>
                <TextEquiv>
                    <Unicode>ist doch nur eine am Stamm höher sitzende Blüte jenes gelassenen</Unicode>
                </TextEquiv>
            </TextLine>
            <TextLine id="tr_1_tl_47" custom="readingOrder {index:46;}">
                <Coords points="439,2005 1616,2012 1612,1969 435,1951"/>
                <Baseline points="459,1984 517,1990 575,1988 634,1990 692,1990 750,1990 809,1990 867,1993 925,1993 984,1993 1042,1996 1100,1996 1159,1996 1217,1996 1275,1996 1334,1998 1392,1999 1450,1999 1509,1999 1567,2001 1626,1999"/>
                <TextEquiv>
                    <Unicode>Pessimismus, den einst Nestroy als der Gegenpol Raimunds in</Unicode>
                </TextEquiv>
            </TextLine>
            <TextLine id="tr_1_tl_48" custom="readingOrder {index:47;}">
                <Coords points="2868,2001 3300,2012 3300,1961 3257,1972 3120,1954 3099,1969 2868,1961"/>
                <Baseline points="2889,1990 2915,1992 2941,1993 2967,1993 2994,1993 3020,1993 3046,1993 3073,1993 3099,1995 3125,1996 3152,1996 3178,1996 3204,1996 3231,1996 3257,1997 3283,1998 3310,1996"/>
                <TextEquiv>
                    <Unicode>positive Weltbeglückungs</Unicode>
                </TextEquiv>
            </TextLine>
            <TextLine id="tr_1_tl_49" custom="readingOrder {index:48;}">
                <Coords points="1659,1990 2832,2015 2800,1969 1659,1954"/>
                <Baseline points="1680,1987 1738,1987 1796,1987 1854,1987 1912,1987 1970,1988 2028,1990 2086,1993 2144,1993 2202,1993 2260,1996 2318,1996 2376,1996 2434,1996 2492,1999 2550,2002 2608,2002 2666,2002 2724,2003 2782,2003 2841,2002"/>
                <TextEquiv>
                    <Unicode>in das Nächste einbohrt und aus der treffenden Beobachtung die</Unicode>
                </TextEquiv>
            </TextLine>
            <TextLine id="tr_1_tl_50" custom="readingOrder {index:49;}">
                <Coords points="435,2033 1612,2044 1576,1997 435,2001"/>
                <Baseline points="456,2023 514,2027 572,2027 630,2029 688,2029 747,2029 805,2029 863,2029 921,2032 979,2032 1038,2032 1096,2032 1154,2034 1212,2035 1270,2036 1329,2038 1387,2038 1445,2038 1503,2038 1561,2038 1620,2038"/>
                <TextEquiv>
                    <Unicode>der Linie des Wiener Behagens vertrat, und in Schnitzlers stärksten</Unicode>
                </TextEquiv>
            </TextLine>
            <TextLine id="tr_1_tl_51" custom="readingOrder {index:50;}">
                <Coords points="1652,2033 2767,2055 2829,2051 2829,2012 1648,1987"/>
                <Baseline points="1671,2023 1729,2026 1787,2026 1846,2029 1904,2029 1962,2029 2021,2029 2079,2032 2137,2032 2196,2032 2254,2035 2312,2035 2371,2035 2429,2035 2487,2038 2546,2038 2604,2038 2662,2041 2721,2042 2779,2042 2838,2041"/>
                <TextEquiv>
                    <Unicode>kunstvoll geschliffene Kritik herausbildet. Wetteifernd mit seinen</Unicode>
                </TextEquiv>
            </TextLine>
            <TextLine id="tr_1_tl_52" custom="readingOrder {index:51;}">
                <Coords points="2872,2033 2947,2058 2983,2040 3131,2055 3185,2040 3260,2055 3293,2048 3289,2015 2868,2001"/>
                <Baseline points="2892,2029 2917,2031 2943,2032 2968,2032 2994,2032 3019,2032 3045,2032 3070,2032 3096,2034 3122,2035 3147,2035 3173,2036 3198,2038 3224,2038 3249,2038 3275,2038 3301,2041"/>
                <TextEquiv>
                    <Unicode>Lustgestalten, in denen</Unicode>
                </TextEquiv>
            </TextLine>
            <TextLine id="tr_1_tl_53" custom="readingOrder {index:52;}">
                <Coords points="435,2069 1422,2091 1619,2084 1619,2048 432,2033"/>
                <Baseline points="456,2065 514,2065 573,2065 631,2068 690,2068 748,2068 807,2068 865,2071 924,2071 982,2071 1041,2071 1099,2072 1158,2074 1216,2074 1275,2074 1333,2074 1392,2074 1450,2074 1509,2076 1567,2077 1626,2074"/>
                <TextEquiv>
                    <Unicode>Tragödie „Liebelei", schlägt dieselbe volkstümlich weiche Grund¬</Unicode>
                </TextEquiv>
            </TextLine>
            <TextLine id="tr_1_tl_54" custom="readingOrder {index:53;}">
                <Coords points="1659,2073 2836,2091 2836,2048 2717,2040 1659,2030"/>
                <Baseline points="1680,2065 1738,2065 1796,2065 1854,2065 1912,2066 1971,2068 2029,2068 2087,2071 2145,2071 2203,2071 2262,2074 2320,2074 2378,2076 2436,2077 2494,2078 2553,2080 2611,2080 2669,2080 2727,2081 2785,2081 2844,2080"/>
                <TextEquiv>
                    <Unicode>früh dahingegangenen Freund Max Burckhard, diesem gelehrten und</Unicode>
                </TextEquiv>
            </TextLine>
            <TextLine id="tr_1_tl_55" custom="readingOrder {index:54;}">
                <Coords points="2875,2084 3037,2080 3106,2102 3131,2080 3185,2098 3214,2080 3232,2094 3296,2094 3296,2048 3170,2040 3131,2055 3091,2040 3005,2051 2980,2040 2947,2051 2875,2037"/>
                <Baseline points="2895,2074 2920,2074 2946,2074 2972,2076 2998,2077 3023,2077 3049,2077 3075,2077 3101,2077 3126,2077 3152,2079 3178,2080 3204,2080 3229,2081 3255,2083 3281,2083 3307,2080"/>
                <TextEquiv>
                    <Unicode>In Wahrheit aber steht</Unicode>
                </TextEquiv>
            </TextLine>
            <TextLine id="tr_1_tl_56" custom="readingOrder {index:55;}">
                <Coords points="450,2109 1616,2123 1616,2084 1490,2076 450,2073"/>
                <Baseline points="468,2104 525,2104 583,2106 640,2107 698,2104 756,2107 813,2107 871,2107 928,2110 986,2110 1044,2110 1101,2110 1159,2111 1216,2113 1274,2113 1332,2113 1389,2115 1447,2113 1504,2113 1562,2116 1620,2116"/>
                <TextEquiv>
                    <Unicode>farbe durch wie in den besten Volksszenen Ferdinand Raimunds.</Unicode>
                </TextEquiv>
            </TextLine>
            <TextLine id="tr_1_tl_57" custom="readingOrder {index:56;}">
                <Coords points="1655,2109 2839,2130 2839,2091 2764,2080 1655,2069"/>
                <Baseline points="1677,2104 1735,2104 1794,2104 1852,2104 1911,2105 1969,2107 2028,2107 2086,2110 2145,2110 2203,2112 2262,2113 2320,2116 2379,2116 2437,2116 2496,2116 2554,2116 2613,2119 2671,2119 2730,2121 2788,2120 2847,2119"/>
                <TextEquiv>
                    <Unicode>sarkastischen Kopf, der geradezu der gesättigte Typus des raisonnieren¬</Unicode>
                </TextEquiv>
            </TextLine>
            <TextLine id="tr_1_tl_58" custom="readingOrder {index:57;}">
                <Coords points="2865,2120 2958,2134 2991,2116 3037,2130 3206,2120 3296,2134 3296,2094 3224,2084 2865,2084"/>
                <Baseline points="2883,2113 2909,2115 2936,2116 2962,2116 2989,2116 3015,2116 3042,2116 3068,2116 3095,2118 3121,2119 3148,2119 3174,2119 3201,2119 3227,2119 3254,2120 3280,2122 3307,2122"/>
                <TextEquiv>
                    <Unicode>dieser Welt, für deren</Unicode>
                </TextEquiv>
            </TextLine>
            <TextLine id="tr_1_tl_59" custom="readingOrder {index:58;}">
                <Coords points="443,2148 1529,2166 1612,2163 1612,2123 439,2109"/>
                <Baseline points="462,2143 519,2143 577,2143 635,2146 693,2146 751,2147 809,2147 867,2146 925,2147 983,2149 1041,2152 1098,2152 1156,2152 1214,2152 1272,2152 1330,2152 1388,2152 1446,2152 1504,2152 1562,2152 1620,2152"/>
                <TextEquiv>
                    <Unicode>Selbst Hofmannsthal, der dunkelste unter den Dichtern der tra¬</Unicode>
                </TextEquiv>
            </TextLine>
            <TextLine id="tr_1_tl_60" custom="readingOrder {index:59;}">
                <Coords points="1652,2148 2829,2166 2829,2130 2746,2123 1652,2109"/>
                <Baseline points="1671,2140 1729,2141 1787,2143 1846,2143 1904,2146 1962,2146 2021,2148 2079,2149 2137,2149 2196,2151 2254,2152 2312,2152 2371,2152 2429,2155 2487,2155 2546,2155 2604,2158 2662,2158 2721,2159 2779,2159 2838,2158"/>
                <TextEquiv>
                    <Unicode>den österreichischen Hofrats war, hat er das Oesterreich der letzten</Unicode>
                </TextEquiv>
            </TextLine>
            <TextLine id="tr_1_tl_61" custom="readingOrder {index:60;}">
                <Coords points="2865,2156 3117,2174 3199,2166 3217,2181 3296,2170 3296,2130 3250,2123 3037,2130 2998,2112 2958,2130 2865,2123"/>
                <Baseline points="2883,2152 2909,2154 2935,2155 2961,2155 2988,2155 3014,2155 3040,2155 3067,2155 3093,2157 3119,2158 3146,2158 3172,2158 3198,2158 3225,2160 3251,2161 3277,2161 3304,2161"/>
                <TextEquiv>
                    <Unicode>hat. Die romantischen</Unicode>
                </TextEquiv>
            </TextLine>
            <TextLine id="tr_1_tl_62" custom="readingOrder {index:61;}">
                <Coords points="443,2195 1612,2199 1612,2163 1468,2148 443,2156"/>
                <Baseline points="462,2185 519,2183 577,2181 635,2183 693,2184 751,2184 809,2184 867,2184 925,2185 983,2187 1041,2187 1098,2190 1156,2190 1214,2188 1272,2187 1330,2190 1388,2190 1446,2190 1504,2188 1562,2190 1620,2190"/>
                <TextEquiv>
                    <Unicode>gischen Blasiertheit, verleugnet in „Christinens Heimreise" (das</Unicode>
                </TextEquiv>
            </TextLine>
            <TextLine id="tr_1_tl_63" custom="readingOrder {index:62;}">
                <Coords points="1659,2184 2825,2206 2825,2166 1659,2145"/>
                <Baseline points="1680,2178 1737,2179 1795,2181 1852,2184 1910,2184 1968,2184 2025,2184 2083,2187 2140,2187 2198,2189 2256,2190 2313,2193 2371,2191 2428,2193 2486,2193 2544,2194 2601,2198 2659,2196 2716,2196 2774,2197 2832,2196"/>
                <TextEquiv>
                    <Unicode>Jahrzehnte, zumal die bureaukratischen Kreise, in Kultur= und</Unicode>
                </TextEquiv>
            </TextLine>
            <TextLine id="tr_1_tl_64" custom="readingOrder {index:63;}">
                <Coords points="2865,2199 3275,2210 3296,2206 3296,2170 3124,2174 2861,2152"/>
                <Baseline points="2886,2190 2912,2192 2938,2193 2964,2193 2990,2193 3016,2193 3042,2193 3068,2193 3095,2195 3121,2196 3147,2196 3173,2197 3199,2199 3225,2199 3251,2199 3277,2199 3304,2199"/>
                <TextEquiv>
                    <Unicode>Erzwungenen, und was</Unicode>
                </TextEquiv>
            </TextLine>
            <TextLine id="tr_1_tl_65" custom="readingOrder {index:64;}">
                <Coords points="432,2220 1591,2235 1591,2202 1515,2188 432,2184"/>
                <Baseline points="453,2220 510,2222 567,2223 624,2220 682,2222 739,2223 796,2223 854,2223 911,2223 968,2226 1026,2226 1083,2226 1140,2228 1197,2226 1255,2229 1312,2229 1369,2229 1427,2229 1484,2229 1541,2229 1599,2230"/>
                <TextEquiv>
                    <Unicode>auch „Venedig in Wien“ heißen könnte) den Wiener Grundton</Unicode>
                </TextEquiv>
            </TextLine>
            <TextLine id="tr_1_tl_66" custom="readingOrder {index:65;}">
                <Coords points="1655,2228 2829,2246 2829,2202 1655,2192"/>
                <Baseline points="1674,2220 1732,2220 1790,2220 1848,2220 1906,2221 1965,2224 2023,2224 2081,2226 2139,2226 2197,2228 2256,2229 2314,2230 2372,2232 2430,2232 2488,2232 2547,2233 2605,2235 2663,2235 2721,2237 2779,2235 2838,2235"/>
                <TextEquiv>
                    <Unicode>Sittenbildern dargestellt, die an Schärfe des Strichs und Feinheit</Unicode>
                </TextEquiv>
            </TextLine>
            <TextLine id="tr_1_tl_67" custom="readingOrder {index:66;}">
                <Coords points="2875,2238 3307,2256 3307,2210 3286,2206 2875,2202"/>
                <Baseline points="2895,2232 2921,2232 2947,2232 2973,2232 3000,2232 3026,2232 3052,2232 3079,2232 3105,2234 3131,2235 3158,2235 3184,2236 3210,2238 3237,2238 3263,2238 3289,2238 3316,2241"/>
                <TextEquiv>
                    <Unicode>fesselt, in einigen Prod.</Unicode>
                </TextEquiv>
            </TextLine>
            <TextLine id="tr_1_tl_68" custom="readingOrder {index:67;}">
                <Coords points="432,2292 572,2260 1598,2278 1598,2228 432,2220"/>
                <Baseline points="453,2256 510,2259 568,2259 625,2259 683,2260 740,2262 798,2262 855,2262 913,2262 970,2264 1028,2265 1085,2265 1143,2265 1200,2265 1258,2266 1315,2270 1373,2269 1430,2268 1488,2268 1545,2268 1603,2252"/>
                <TextEquiv>
                    <Unicode>wenig wie in seinem eingestanden österreichischen „Rosenkavalier</Unicode>
                </TextEquiv>
            </TextLine>
            <TextLine id="tr_1_tl_69" custom="readingOrder {index:68;}">
                <Coords points="1645,2274 2829,2289 2829,2249 1641,2224"/>
                <Baseline points="1665,2259 1723,2256 1782,2258 1840,2259 1899,2262 1958,2262 2016,2265 2075,2265 2134,2266 2192,2268 2251,2268 2310,2268 2368,2270 2427,2271 2486,2271 2544,2273 2603,2274 2662,2275 2720,2277 2779,2277 2838,2277"/>
                <TextEquiv>
                    <Unicode>der Beobachtung nicht viel ihresgleichen haben. Gewiß war dabei</Unicode>
                </TextEquiv>
            </TextLine>
            <TextLine id="tr_1_tl_70" custom="readingOrder {index:69;}">
                <Coords points="2865,2282 3059,2278 3206,2296 3217,2282 3282,2285 3282,2249 2865,2238"/>
                <Baseline points="2883,2268 2908,2270 2934,2271 2959,2271 2985,2271 3010,2271 3036,2272 3061,2274 3087,2274 3113,2274 3138,2274 3164,2275 3189,2277 3215,2277 3240,2277 3266,2279 3292,2277"/>
                <TextEquiv>
                    <Unicode>Kraft des Raisonneurs</Unicode>
                </TextEquiv>
            </TextLine>
            <TextLine id="tr_1_tl_71" custom="readingOrder {index:70;}">
                <Coords points="479,2310 1609,2310 1609,2267 479,2264"/>
                <Baseline points="498,2304 556,2298 615,2298 674,2298 733,2299 792,2301 851,2301 910,2302 969,2304 1028,2304 1086,2304 1145,2305 1204,2307 1263,2307 1322,2306 1381,2306 1440,2307 1499,2307 1558,2305 1617,2304"/>
                <TextEquiv>
                    <Unicode>In Hermann Bahr, dem in Wien akklimatisierten Oberöster¬</Unicode>
                </TextEquiv>
            </TextLine>
            <TextLine id="tr_1_tl_72" custom="readingOrder {index:71;}">
                <Coords points="1645,2307 2829,2325 2829,2289 2731,2278 1645,2264"/>
                <Baseline points="1665,2295 1723,2298 1782,2298 1840,2301 1899,2301 1957,2303 2016,2301 2074,2304 2133,2304 2191,2306 2250,2307 2308,2308 2367,2310 2425,2310 2484,2311 2542,2313 2601,2313 2659,2316 2718,2316 2776,2316 2835,2316"/>
                <TextEquiv>
                    <Unicode>eine poetische Lizenz im Spiele: ein Teil wurde vielfach für das</Unicode>
                </TextEquiv>
            </TextLine>
            <TextLine id="tr_1_tl_73" custom="readingOrder {index:72;}">
                <Coords points="2861,2318 3059,2332 3091,2318 3131,2343 3160,2325 3221,2339 3264,2325 3296,2339 3296,2289 3260,2278 3210,2292 3145,2278 2861,2285"/>
                <Baseline points="2880,2310 2905,2310 2930,2310 2955,2310 2980,2310 3005,2310 3030,2311 3055,2313 3080,2313 3106,2313 3131,2315 3156,2316 3181,2316 3206,2316 3231,2316 3256,2317 3281,2319 3307,2316"/>
                <TextEquiv>
                    <Unicode>reichs einen ersten Platz</Unicode>
                </TextEquiv>
            </TextLine>
            <TextLine id="tr_1_tl_74" custom="readingOrder {index:73;}">
                <Coords points="432,2343 1605,2357 1580,2307 432,2289"/>
                <Baseline points="450,2337 508,2337 566,2337 624,2340 682,2340 741,2340 799,2340 857,2340 915,2340 973,2342 1032,2343 1090,2343 1148,2343 1206,2343 1264,2346 1323,2346 1381,2346 1439,2346 1497,2346 1555,2346 1614,2346"/>
                <TextEquiv>
                    <Unicode>reicher, dem Vielgereisten, der auch in Berlin eine Zeitlang heimisch</Unicode>
                </TextEquiv>
            </TextLine>
            <TextLine id="tr_1_tl_75" custom="readingOrder {index:74;}">
                <Coords points="1645,2343 2821,2364 2821,2325 2764,2318 1645,2307"/>
                <Baseline points="1665,2334 1723,2337 1781,2337 1840,2337 1898,2340 1956,2340 2015,2340 2073,2340 2131,2343 2190,2345 2248,2349 2306,2347 2365,2349 2423,2349 2481,2350 2540,2352 2598,2352 2656,2355 2715,2355 2773,2355 2832,2352"/>
                <TextEquiv>
                    <Unicode>Ganze genommen. Aber dieser Teil fand eine literarische Spiege¬</Unicode>
                </TextEquiv>
            </TextLine>
            <TextLine id="tr_1_tl_76" custom="readingOrder {index:75;}">
                <Coords points="2883,2375 3084,2375 3095,2386 3178,2375 3304,2390 3300,2336 3160,2325 3127,2343 3091,2321 3059,2332 2929,2318 2879,2336"/>
                <Baseline points="2901,2367 2926,2365 2952,2364 2978,2364 3004,2365 3029,2367 3055,2367 3081,2367 3107,2369 3132,2370 3158,2370 3184,2370 3210,2370 3235,2370 3261,2370 3287,2372 3313,2373"/>
                <TextEquiv>
                    <Unicode>„Wer zuspitzt, schneidet</Unicode>
                </TextEquiv>
            </TextLine>
            <TextLine id="tr_1_tl_77" custom="readingOrder {index:76;}">
                <Coords points="432,2382 1605,2397 1605,2357 1475,2346 432,2343"/>
                <Baseline points="450,2375 508,2375 566,2377 624,2378 682,2378 741,2378 799,2378 857,2378 915,2379 973,2381 1032,2381 1090,2381 1148,2383 1206,2384 1264,2384 1323,2384 1381,2384 1439,2384 1497,2384 1555,2386 1614,2384"/>
                <TextEquiv>
                    <Unicode>war, der in Paris die Schule des Causeurs durchgemacht hat und</Unicode>
                </TextEquiv>
            </TextLine>
            <TextLine id="tr_1_tl_78" custom="readingOrder {index:77;}">
                <Coords points="1645,2382 2829,2404 2829,2364 2753,2357 1645,2343"/>
                <Baseline points="1665,2373 1723,2375 1782,2375 1840,2375 1899,2378 1957,2378 2016,2378 2074,2381 2133,2382 2191,2384 2250,2387 2308,2386 2367,2386 2425,2390 2484,2388 2542,2390 2601,2390 2659,2391 2718,2393 2776,2393 2835,2390"/>
                <TextEquiv>
                    <Unicode>lung, die über den Wechsel der Zustände hinaus ihren Wert be¬</Unicode>
                </TextEquiv>
            </TextLine>
            <TextLine id="tr_1_tl_79" custom="readingOrder {index:78;}">
                <Coords points="2865,2411 2937,2422 2969,2404 3091,2426 3106,2411 3188,2429 3210,2418 3224,2433 3239,2418 3293,2426 3293,2379 2973,2382 2861,2364"/>
                <Baseline points="2883,2408 2909,2406 2935,2405 2961,2407 2987,2408 3013,2408 3039,2408 3065,2408 3092,2408 3118,2409 3144,2410 3170,2411 3196,2411 3222,2413 3248,2414 3274,2414 3301,2414"/>
                <TextEquiv>
                    <Unicode>trifft freilich auch hier</Unicode>
                </TextEquiv>
            </TextLine>
            <TextLine id="tr_1_tl_80" custom="readingOrder {index:79;}">
                <Coords points="432,2422 1609,2433 1609,2397 1544,2386 432,2382"/>
                <Baseline points="450,2414 508,2415 566,2417 625,2417 683,2417 741,2417 800,2417 858,2417 916,2420 975,2420 1033,2420 1091,2420 1150,2422 1208,2423 1266,2423 1325,2423 1383,2423 1441,2423 1500,2423 1558,2425 1617,2423"/>
                <TextEquiv>
                    <Unicode>der durch alle Wasser= und Feuerproben des Journalismus hin¬</Unicode>
                </TextEquiv>
            </TextLine>
            <TextLine id="tr_1_tl_81" custom="readingOrder {index:80;}">
                <Coords points="1648,2422 2821,2444 2821,2404 2771,2393 1648,2382"/>
                <Baseline points="1668,2414 1726,2414 1784,2414 1842,2414 1900,2417 1959,2417 2017,2417 2075,2420 2133,2421 2191,2423 2250,2423 2308,2424 2366,2426 2424,2426 2482,2426 2541,2427 2599,2429 2657,2432 2715,2432 2773,2432 2832,2432"/>
                <TextEquiv>
                    <Unicode>haupten wird, weil die Charaktere nicht nur in den grotesken</Unicode>
                </TextEquiv>
            </TextLine>
            <TextLine id="tr_1_tl_82" custom="readingOrder {index:81;}">
                <Coords points="2865,2458 3311,2462 3311,2411 3228,2429 3106,2411 2865,2411"/>
                <Baseline points="2886,2447 2911,2447 2936,2447 2961,2447 2987,2447 3012,2447 3037,2448 3063,2450 3088,2450 3113,2450 3138,2450 3164,2450 3189,2450 3214,2451 3240,2453 3265,2453 3290,2453 3316,2450"/>
                <TextEquiv>
                    <Unicode>ständlich nicht dieser Not¬</Unicode>
                </TextEquiv>
            </TextLine>
            <TextLine id="tr_1_tl_83" custom="readingOrder {index:82;}">
                <Coords points="425,2462 1609,2472 1609,2433 1537,2426 425,2426"/>
                <Baseline points="444,2456 502,2454 561,2456 619,2456 678,2456 736,2458 795,2456 853,2459 912,2459 970,2461 1029,2459 1087,2462 1146,2462 1204,2462 1263,2462 1321,2464 1380,2462 1438,2463 1497,2463 1555,2464 1614,2462"/>
                <TextEquiv>
                    <Unicode>durchgegangen ist, entdeckt man nichtsdestoweniger die Grund¬</Unicode>
                </TextEquiv>
            </TextLine>
            <TextLine id="tr_1_tl_84" custom="readingOrder {index:83;}">
                <Coords points="1648,2458 2656,2487 2821,2480 2821,2444 1645,2418"/>
                <Baseline points="1665,2453 1723,2453 1781,2453 1839,2456 1897,2456 1956,2458 2014,2461 2072,2459 2130,2460 2188,2462 2247,2465 2305,2463 2363,2465 2421,2465 2479,2466 2538,2468 2596,2468 2654,2468 2712,2471 2770,2471 2829,2471"/>
                <TextEquiv>
                    <Unicode>äußeren Merkmalen, sondern in den inneren Widersprüchen ihrer</Unicode>
                </TextEquiv>
            </TextLine>
            <TextLine id="tr_1_tl_85" custom="readingOrder {index:84;}">
                <Coords points="2857,2490 3304,2501 3304,2454 3275,2465 2857,2454"/>
                <Baseline points="2877,2486 2902,2486 2928,2486 2953,2486 2979,2486 3005,2486 3030,2487 3056,2489 3082,2489 3107,2489 3133,2489 3159,2490 3184,2492 3210,2492 3236,2492 3261,2494 3287,2495 3313,2495"/>
                <TextEquiv>
                    <Unicode>ten nicht immer der Prü¬</Unicode>
                </TextEquiv>
            </TextLine>
            <TextLine id="tr_1_tl_86" custom="readingOrder {index:85;}">
                <Coords points="432,2508 1605,2512 1605,2472 1479,2465 432,2465"/>
                <Baseline points="450,2498 508,2495 566,2495 624,2498 682,2496 741,2498 799,2498 857,2498 915,2498 973,2498 1032,2501 1090,2501 1148,2501 1206,2501 1264,2501 1323,2502 1381,2504 1439,2504 1497,2504 1555,2504 1614,2507"/>
                <TextEquiv>
                    <Unicode>züge des Deutschösterreichertums, die immer wieder hervortreten,</Unicode>
                </TextEquiv>
            </TextLine>
            <TextLine id="tr_1_tl_87" custom="readingOrder {index:86;}">
                <Coords points="1637,2505 2821,2519 2821,2480 2742,2472 1637,2462"/>
                <Baseline points="1659,2489 1717,2492 1776,2492 1834,2495 1893,2495 1952,2497 2010,2495 2069,2495 2128,2499 2186,2501 2245,2504 2304,2504 2362,2506 2421,2504 2480,2507 2538,2509 2597,2510 2656,2508 2714,2510 2773,2510 2832,2510"/>
                <TextEquiv>
                    <Unicode>Wesensart wiedergegeben sind. „Drut“, die tragische Geschichte</Unicode>
                </TextEquiv>
            </TextLine>
            <TextLine id="tr_1_tl_88" custom="readingOrder {index:87;}">
                <Coords points="2861,2530 2940,2530 2987,2548 3037,2530 3192,2537 3210,2552 3224,2537 3307,2541 3307,2505 2861,2490"/>
                <Baseline points="2880,2525 2905,2525 2930,2525 2956,2525 2981,2526 3007,2528 3032,2528 3058,2528 3083,2528 3109,2528 3134,2530 3160,2531 3185,2531 3211,2531 3236,2531 3262,2531 3287,2531 3313,2534"/>
                <TextEquiv>
                    <Unicode>Menschen muß mitunter</Unicode>
                </TextEquiv>
            </TextLine>
            <TextLine id="tr_1_tl_89" custom="readingOrder {index:88;}">
                <Coords points="421,2548 1594,2555 1594,2512 1533,2508 421,2505"/>
                <Baseline points="441,2531 499,2535 557,2535 615,2534 673,2537 732,2537 790,2537 848,2537 906,2540 964,2538 1023,2540 1081,2540 1139,2540 1197,2540 1255,2541 1314,2543 1372,2545 1430,2543 1488,2543 1546,2543 1605,2543"/>
                <TextEquiv>
                    <Unicode>wenn sein Eigenstes für den Erfolg den Ausschlag gibt. Soga</Unicode>
                </TextEquiv>
            </TextLine>
            <TextLine id="tr_1_tl_90" custom="readingOrder {index:89;}">
                <Coords points="1648,2537 2818,2559 2818,2523 2472,2501 1648,2505"/>
                <Baseline points="1668,2528 1725,2531 1783,2531 1841,2534 1899,2534 1957,2535 2015,2537 2073,2537 2131,2540 2189,2540 2247,2543 2304,2543 2362,2543 2420,2543 2478,2546 2536,2546 2594,2546 2652,2549 2710,2549 2768,2549 2826,2549"/>
                <TextEquiv>
                    <Unicode>eines Beamten ohne inneren Halt, ist ein Meisterroman aus dieser</Unicode>
                </TextEquiv>
            </TextLine>
            <TextLine id="tr_1_tl_91" custom="readingOrder {index:90;}">
                <Coords points="2850,2566 2958,2580 2983,2566 3052,2580 3077,2570 3095,2588 3314,2580 3314,2544 2850,2530"/>
                <Baseline points="2871,2561 2897,2563 2923,2564 2950,2564 2976,2565 3002,2567 3029,2567 3055,2567 3081,2567 3108,2567 3134,2567 3160,2568 3187,2570 3213,2570 3239,2570 3266,2570 3292,2570 3319,2570"/>
                <TextEquiv>
                    <Unicode>Satire reif scheint, hervo</Unicode>
                </TextEquiv>
            </TextLine>
            <TextLine id="tr_1_tl_92" custom="readingOrder {index:91;}">
                <Coords points="428,2580 1605,2595 1605,2552 1479,2544 428,2548"/>
                <Baseline points="447,2575 505,2572 563,2574 622,2572 680,2575 738,2575 797,2575 855,2575 913,2575 972,2577 1030,2578 1088,2578 1147,2580 1205,2581 1263,2581 1322,2581 1380,2581 1438,2584 1497,2581 1555,2581 1614,2581"/>
                <TextEquiv>
                    <Unicode>von seiner Herkunft aus der oberösterreichischen Hauptstadt, von der</Unicode>
                </TextEquiv>
            </TextLine>
            <TextLine id="tr_1_tl_93" custom="readingOrder {index:92;}">
                <Coords points="1637,2573 2821,2591 2821,2559 2731,2552 1637,2544"/>
                <Baseline points="1659,2570 1717,2570 1776,2570 1834,2572 1893,2572 1951,2574 2010,2575 2068,2575 2127,2576 2185,2578 2244,2581 2302,2581 2361,2581 2419,2584 2478,2584 2536,2584 2595,2584 2653,2587 2712,2587 2770,2589 2829,2587"/>
                <TextEquiv>
                    <Unicode>Sphäre, und meisterhafte Züge springen auch aus den übrigen</Unicode>
                </TextEquiv>
            </TextLine>
            <TextLine id="tr_1_tl_94" custom="readingOrder {index:93;}">
                <Coords points="2850,2609 3314,2620 3314,2580 2850,2566"/>
                <Baseline points="2871,2599 2897,2601 2923,2602 2950,2602 2976,2602 3002,2602 3029,2602 3055,2602 3081,2604 3108,2606 3134,2608 3160,2608 3187,2608 3213,2608 3239,2608 3266,2608 3292,2608 3319,2608"/>
                <TextEquiv>
                    <Unicode>rasch loslegt, dem werden</Unicode>
                </TextEquiv>
            </TextLine>
            <TextLine id="tr_1_tl_95" custom="readingOrder {index:94;}">
                <Coords points="428,2616 1605,2627 1605,2591 1547,2580 428,2580"/>
                <Baseline points="447,2608 505,2614 563,2614 622,2614 680,2614 738,2615 797,2617 855,2614 913,2614 972,2616 1030,2617 1088,2617 1147,2617 1205,2617 1263,2620 1322,2620 1380,2620 1438,2620 1497,2620 1555,2622 1614,2623"/>
                <TextEquiv>
                    <Unicode>Stämmigkeit des Alpen= und Voralpenvölkleins ist etwas an ihm</Unicode>
                </TextEquiv>
            </TextLine>
            <TextLine id="tr_1_tl_96" custom="readingOrder {index:95;}">
                <Coords points="1634,2620 2821,2631 2821,2595 2588,2580 1634,2577"/>
                <Baseline points="1653,2605 1711,2608 1770,2608 1829,2611 1888,2611 1947,2613 2005,2614 2064,2614 2123,2615 2182,2617 2241,2617 2299,2618 2358,2620 2417,2620 2476,2623 2535,2623 2593,2626 2652,2626 2711,2626 2770,2629 2829,2626"/>
                <TextEquiv>
                    <Unicode>österreichischen Romanen Bahrs hervor. Die epische Form gab</Unicode>
                </TextEquiv>
            </TextLine>
            <TextLine id="tr_1_tl_97" custom="readingOrder {index:96;}">
                <Coords points="2850,2649 3307,2659 3304,2620 3063,2616 3048,2602 3012,2620 2850,2609"/>
                <Baseline points="2871,2641 2897,2641 2923,2641 2949,2643 2975,2644 3001,2644 3027,2644 3053,2644 3079,2644 3105,2644 3131,2644 3157,2645 3183,2647 3209,2649 3235,2650 3261,2650 3287,2650 3313,2650"/>
                <TextEquiv>
                    <Unicode>bleiben. Aber das gilt zu</Unicode>
                </TextEquiv>
            </TextLine>
            <TextLine id="tr_1_tl_98" custom="readingOrder {index:97;}">
                <Coords points="1637,2652 2821,2674 2821,2631 1637,2616"/>
                <Baseline points="1659,2644 1717,2647 1776,2649 1834,2650 1893,2650 1951,2650 2010,2653 2068,2653 2127,2656 2185,2658 2244,2656 2302,2659 2361,2659 2419,2659 2478,2662 2536,2662 2595,2665 2653,2664 2712,2664 2770,2665 2829,2665"/>
                <TextEquiv>
                    <Unicode>ihm immer Gelegenheit, das Zuständliche breit auszuspinnen und</Unicode>
                </TextEquiv>
            </TextLine>
            <TextLine id="tr_1_tl_99" custom="readingOrder {index:98;}">
                <Coords points="421,2663 1605,2674 1605,2631 1529,2620 421,2613"/>
                <Baseline points="441,2653 499,2653 558,2653 616,2653 675,2653 733,2653 792,2656 850,2653 909,2654 967,2656 1026,2659 1084,2659 1143,2659 1201,2659 1260,2661 1318,2659 1377,2659 1435,2662 1494,2662 1552,2662 1611,2665"/>
                <TextEquiv>
                    <Unicode>haften geblieben; es meldet sich in einem Zuge des Eigensinns,</Unicode>
                </TextEquiv>
            </TextLine>
            <TextLine id="tr_1_tl_100" custom="readingOrder {index:99;}">
                <Coords points="2854,2688 2897,2703 2922,2685 3307,2699 3307,2659 3257,2652 3196,2663 3045,2656 3019,2641 2980,2656 2854,2649"/>
                <Baseline points="2874,2683 2900,2681 2926,2680 2952,2682 2978,2683 3004,2683 3030,2683 3056,2683 3082,2685 3108,2686 3134,2686 3160,2686 3186,2686 3212,2686 3238,2686 3264,2688 3290,2689 3316,2689"/>
                <TextEquiv>
                    <Unicode>der alte Aristophanes stan</Unicode>
                </TextEquiv>
            </TextLine>
            <TextLine id="tr_1_tl_101" custom="readingOrder {index:100;}">
                <Coords points="417,2699 1594,2710 1594,2670 1404,2659 417,2667"/>
                <Baseline points="438,2692 496,2692 554,2692 612,2695 670,2692 729,2692 787,2692 845,2695 903,2695 961,2695 1020,2698 1078,2696 1136,2698 1194,2698 1252,2698 1311,2699 1369,2701 1427,2698 1485,2701 1543,2701 1602,2701"/>
                <TextEquiv>
                    <Unicode>der mitunter peroriert, anstatt zu argumentieren, und gerne seine</Unicode>
                </TextEquiv>
            </TextLine>
            <TextLine id="tr_1_tl_102" custom="readingOrder {index:101;}">
                <Coords points="1634,2685 2710,2735 2821,2717 2821,2674 1630,2652"/>
                <Baseline points="1653,2683 1711,2686 1770,2686 1829,2689 1888,2689 1947,2691 2005,2692 2064,2693 2123,2695 2182,2697 2241,2698 2299,2698 2358,2698 2417,2701 2476,2701 2535,2701 2593,2704 2652,2705 2711,2707 2770,2704 2829,2707"/>
                <TextEquiv>
                    <Unicode>im Geteil eines Milieu zu schwelgen, in dessen Betrachtung er</Unicode>
                </TextEquiv>
            </TextLine>
            <TextLine id="tr_1_tl_103" custom="readingOrder {index:102;}">
                <Coords points="2857,2724 2904,2735 2987,2724 3012,2739 3170,2728 3232,2746 3307,2739 3304,2699 2854,2688"/>
                <Baseline points="2874,2716 2900,2718 2926,2719 2952,2721 2978,2722 3004,2722 3030,2722 3056,2722 3082,2722 3108,2723 3134,2724 3160,2725 3186,2725 3212,2727 3238,2728 3264,2728 3290,2727 3316,2725"/>
                <TextEquiv>
                    <Unicode>Weisheit, der der Weltsieg</Unicode>
                </TextEquiv>
            </TextLine>
            <TextLine id="tr_1_tl_104" custom="readingOrder {index:103;}">
                <Coords points="1637,2767 1666,2767 1706,2735 1767,2757 1807,2739 1918,2757 2105,2749 2105,2703 1637,2692"/>
                <Baseline points="1659,2725 1684,2725 1709,2725 1735,2725 1760,2726 1785,2727 1811,2728 1836,2728 1862,2730 1887,2731 1912,2731 1938,2731 1963,2731 1989,2731 2014,2731 2039,2732 2065,2734 2090,2734 2116,2731"/>
                <TextEquiv>
                    <Unicode>sich nicht genug tun kann.</Unicode>
                </TextEquiv>
            </TextLine>
            <TextLine id="tr_1_tl_105" custom="readingOrder {index:104;}">
                <Coords points="417,2742 1594,2746 1594,2706 1519,2699 417,2688"/>
                <Baseline points="438,2713 496,2731 554,2731 613,2731 671,2731 729,2731 788,2734 846,2734 904,2734 963,2734 1021,2737 1079,2735 1138,2737 1196,2737 1254,2737 1313,2737 1371,2737 1429,2740 1488,2740 1546,2740 1605,2737"/>
                <TextEquiv>
                    <Unicode>Thesen dadurch verstärkt, daß er sie wetternd wiederholt und durch</Unicode>
                </TextEquiv>
            </TextLine>
            <TextLine id="tr_1_tl_106" custom="readingOrder {index:105;}">
                <Coords points="2850,2764 3012,2782 3030,2767 3117,2782 3142,2767 3304,2775 3304,2739 2850,2724"/>
                <Baseline points="2871,2755 2897,2757 2923,2758 2949,2760 2975,2762 3001,2764 3027,2763 3053,2761 3079,2763 3105,2764 3131,2764 3157,2764 3183,2764 3209,2766 3235,2767 3261,2767 3287,2767 3313,2767"/>
                <TextEquiv>
                    <Unicode>Angriff gewagt, den wel</Unicode>
                </TextEquiv>
            </TextLine>
            <TextLine id="tr_1_tl_107" custom="readingOrder {index:106;}">
                <Coords points="421,2775 1598,2789 1598,2746 1504,2739 421,2735"/>
                <Baseline points="441,2767 499,2769 557,2769 616,2769 674,2770 732,2772 791,2772 849,2772 907,2772 966,2772 1024,2772 1082,2775 1141,2775 1199,2775 1257,2778 1316,2778 1374,2778 1432,2778 1491,2778 1549,2778 1608,2781"/>
                <TextEquiv>
                    <Unicode>Faustschläge bekräftigt. Aus der Wiener Luft aber hat Bahr die</Unicode>
                </TextEquiv>
            </TextLine>
            <TextLine id="tr_1_tl_108" custom="readingOrder {index:107;}">
                <Coords points="1670,2793 2807,2811 2807,2764 2731,2746 1670,2749"/>
                <Baseline points="1690,2777 1746,2782 1802,2784 1859,2786 1915,2787 1971,2787 2028,2789 2084,2790 2140,2790 2197,2791 2253,2795 2309,2794 2366,2796 2422,2796 2478,2796 2535,2798 2591,2799 2647,2799 2704,2801 2760,2799 2817,2802"/>
                <TextEquiv>
                    <Unicode>Dem Dramatiker, der sich noch weit eifriger be¬</Unicode>
                </TextEquiv>
            </TextLine>
            <TextLine id="tr_1_tl_109" custom="readingOrder {index:108;}">
                <Coords points="2850,2807 3296,2818 3296,2775 3275,2771 2850,2764"/>
                <Baseline points="2871,2796 2896,2798 2922,2799 2947,2799 2973,2799 2999,2799 3024,2800 3050,2802 3076,2802 3101,2802 3127,2802 3153,2802 3178,2802 3204,2803 3230,2805 3255,2805 3281,2806 3307,2808"/>
                <TextEquiv>
                    <Unicode>konnten. Ohne Bahr mit</Unicode>
                </TextEquiv>
            </TextLine>
            <TextLine id="tr_1_tl_110" custom="readingOrder {index:109;}">
                <Coords points="421,2818 1594,2825 1547,2782 421,2778"/>
                <Baseline points="441,2805 499,2808 557,2808 615,2808 673,2811 732,2811 790,2811 848,2811 906,2811 964,2813 1023,2814 1081,2814 1139,2814 1197,2814 1255,2815 1314,2817 1372,2817 1430,2817 1488,2817 1546,2819 1605,2820"/>
                <TextEquiv>
                    <Unicode>Kraft des Raisonneurs gesogen, der von den Tagen des harmlosen</Unicode>
                </TextEquiv>
            </TextLine>
            <TextLine id="tr_1_tl_111" custom="readingOrder {index:110;}">
                <Coords points="1634,2829 2731,2861 2811,2850 2811,2811 1745,2800 1630,2764"/>
                <Baseline points="1653,2820 1711,2823 1769,2823 1828,2823 1886,2824 1944,2826 2003,2826 2061,2826 2119,2829 2178,2831 2236,2832 2294,2832 2353,2834 2411,2835 2469,2835 2528,2835 2586,2838 2644,2838 2703,2841 2761,2841 2820,2841"/>
                <TextEquiv>
                    <Unicode>tätigt hat, ist diese Neigung und Kunst ein wenig ge¬</Unicode>
                </TextEquiv>
            </TextLine>
            <TextLine id="tr_1_tl_112" custom="readingOrder {index:111;}">
                <Coords points="2847,2843 3045,2843 3066,2865 3131,2847 3170,2865 3311,2850 3311,2814 3268,2807 2847,2811"/>
                <Baseline points="2865,2835 2890,2835 2915,2835 2940,2835 2965,2836 2990,2837 3015,2839 3040,2841 3065,2841 3090,2841 3115,2841 3140,2841 3165,2841 3190,2842 3215,2843 3240,2845 3265,2847 3290,2847 3316,2844"/>
                <TextEquiv>
                    <Unicode>einer von ihrem Geschleck</Unicode>
                </TextEquiv>
            </TextLine>
            <TextLine id="tr_1_tl_113" custom="readingOrder {index:112;}">
                <Coords points="425,2854 1591,2868 1591,2825 1508,2821 425,2818"/>
                <Baseline points="444,2847 501,2847 559,2849 616,2847 674,2850 732,2850 789,2850 847,2850 904,2850 962,2852 1020,2853 1077,2853 1135,2853 1192,2853 1250,2856 1308,2856 1365,2856 1423,2856 1480,2856 1538,2857 1596,2856"/>
                <TextEquiv>
                    <Unicode>Vormärz bis zu jenen der Hyperkultur mit unbarmherziger Selbst¬</Unicode>
                </TextEquiv>
            </TextLine>
            <TextLine id="tr_1_tl_114" custom="readingOrder {index:113;}">
                <Coords points="1634,2875 2807,2886 2807,2847 2760,2843 1634,2829"/>
                <Baseline points="1653,2859 1711,2860 1769,2862 1827,2862 1885,2863 1944,2865 2002,2865 2060,2868 2118,2866 2176,2870 2235,2871 2293,2871 2351,2873 2409,2874 2467,2874 2526,2875 2584,2879 2642,2877 2700,2880 2758,2880 2817,2877"/>
                <TextEquiv>
                    <Unicode>fährlich geworden. Er verliebt sich leicht in eine historische oder</Unicode>
                </TextEquiv>
            </TextLine>
            <TextLine id="tr_1_tl_115" custom="readingOrder {index:114;}">
                <Coords points="2850,2883 3178,2883 3282,2897 3278,2861 3224,2850 2850,2843"/>
                <Baseline points="2871,2874 2897,2876 2923,2877 2949,2877 2975,2877 3001,2877 3027,2878 3053,2880 3080,2880 3106,2880 3132,2880 3158,2880 3184,2880 3210,2882 3236,2884 3262,2887 3289,2889"/>
                <TextEquiv>
                    <Unicode>die treffen, und wir</Unicode>
                </TextEquiv>
            </TextLine>
            <TextLine id="tr_1_tl_116" custom="readingOrder {index:115;}">
                <Coords points="414,2886 1598,2904 1598,2868 1479,2857 414,2861"/>
                <Baseline points="435,2886 493,2886 552,2886 610,2886 669,2888 727,2888 786,2889 844,2889 903,2889 961,2889 1020,2892 1078,2892 1137,2894 1195,2892 1254,2892 1312,2894 1371,2895 1429,2896 1488,2896 1546,2897 1605,2898"/>
                <TextEquiv>
                    <Unicode>kronie die Schwächen der Heimat geißelt, aber dabei die Liebe zu</Unicode>
                </TextEquiv>
            </TextLine>
            <TextLine id="tr_1_tl_117" custom="readingOrder {index:116;}">
                <Coords points="1634,2904 2811,2926 2811,2886 2451,2868 1634,2875"/>
                <Baseline points="1653,2898 1711,2901 1769,2901 1828,2901 1886,2902 1944,2904 2003,2904 2061,2907 2119,2905 2178,2907 2236,2910 2294,2910 2353,2910 2411,2913 2469,2914 2528,2916 2586,2916 2644,2916 2703,2919 2761,2919 2820,2919"/>
                <TextEquiv>
                    <Unicode>zeitgenössische Umwelt, in der ihm mitunter Erlebnis und Schicksal</Unicode>
                </TextEquiv>
            </TextLine>
            <TextLine id="tr_1_tl_118" custom="readingOrder {index:117;}">
                <Coords points="2847,2937 2904,2919 3167,2922 3192,2944 3210,2926 3286,2933 3286,2897 3232,2886 2847,2883"/>
                <Baseline points="2865,2913 2890,2915 2915,2916 2940,2916 2966,2916 2991,2916 3016,2917 3042,2919 3067,2919 3092,2919 3117,2919 3143,2920 3168,2921 3193,2922 3219,2922 3244,2923 3269,2925 3295,2925"/>
                <TextEquiv>
                    <Unicode>wenn sie daneben schlägt.</Unicode>
                </TextEquiv>
            </TextLine>
            <TextLine id="tr_1_tl_119" custom="readingOrder {index:118;}">
                <Coords points="414,2933 1587,2940 1551,2901 414,2886"/>
                <Baseline points="432,2928 490,2925 548,2927 606,2928 664,2927 723,2926 781,2928 839,2928 897,2928 955,2930 1014,2928 1072,2931 1130,2933 1188,2934 1246,2934 1305,2934 1363,2934 1421,2937 1479,2937 1537,2937 1596,2934"/>
                <TextEquiv>
                    <Unicode>diesen Schwächen, die mit den Vorzügen untrennbar zusammen</Unicode>
                </TextEquiv>
            </TextLine>
            <TextLine id="tr_1_tl_120" custom="readingOrder {index:119;}">
                <Coords points="1645,2951 2753,2976 2800,2926 1641,2919"/>
                <Baseline points="1662,2937 1719,2937 1777,2939 1834,2940 1892,2943 1950,2943 2007,2943 2065,2946 2122,2946 2180,2946 2238,2949 2295,2949 2353,2950 2410,2952 2468,2952 2526,2955 2583,2955 2641,2955 2698,2955 2756,2958 2814,2958"/>
                <TextEquiv>
                    <Unicode>seiner Helden allzusehr zusammenschrumpft. Bahr hat mehr gut¬</Unicode>
                </TextEquiv>
            </TextLine>
            <TextLine id="tr_1_tl_121" custom="readingOrder {index:120;}">
                <Coords points="2847,2958 3311,2976 3311,2929 2847,2922"/>
                <Baseline points="2868,2955 2893,2955 2918,2955 2943,2955 2968,2955 2993,2955 3018,2956 3043,2958 3068,2958 3093,2958 3118,2958 3143,2958 3168,2960 3193,2961 3218,2961 3243,2961 3268,2961 3293,2962 3319,2964"/>
                <TextEquiv>
                    <Unicode>Schaffens hindurch dringt</Unicode>
                </TextEquiv>
            </TextLine>
            <TextLine id="tr_1_tl_122" custom="readingOrder {index:121;}">
                <Coords points="414,2969 1583,2991 1558,2940 414,2933"/>
                <Baseline points="432,2964 490,2967 548,2967 606,2967 664,2967 722,2967 780,2967 838,2967 896,2969 954,2969 1012,2969 1070,2969 1128,2969 1186,2972 1244,2972 1302,2972 1360,2972 1418,2972 1476,2974 1534,2974 1593,2975"/>
                <TextEquiv>
                    <Unicode>hängen, nicht verleugnen kann. Einst war Bauernfeld der stärkst</Unicode>
                </TextEquiv>
            </TextLine>
            <TextLine id="tr_1_tl_123" custom="readingOrder {index:122;}">
                <Coords points="1637,2983 2623,3016 2803,3005 2803,2962 1634,2944"/>
                <Baseline points="1656,2975 1713,2976 1771,2978 1829,2978 1887,2981 1945,2981 2003,2981 2061,2984 2119,2984 2177,2984 2235,2987 2292,2988 2350,2990 2408,2990 2466,2990 2524,2991 2582,2993 2640,2996 2698,2994 2756,2996 2814,2996"/>
                <TextEquiv>
                    <Unicode>Expositionen, mehr treffliche erste Akte, in denen das Zuständliche</Unicode>
                </TextEquiv>
            </TextLine>
            <TextLine id="tr_1_tl_124" custom="readingOrder {index:123;}">
                <Coords points="2847,3009 2893,2994 2940,3009 3109,2998 3160,3019 3235,3001 3311,3012 3311,2976 3257,2969 2847,2958"/>
                <Baseline points="2868,2993 2894,2993 2920,2993 2947,2993 2973,2994 2999,2996 3026,2996 3052,2996 3078,2996 3105,2996 3131,2996 3157,2997 3184,2999 3210,2999 3236,2999 3263,2999 3289,2999 3316,2999"/>
                <TextEquiv>
                    <Unicode>so vielerlei er begann und</Unicode>
                </TextEquiv>
            </TextLine>
            <TextLine id="tr_1_tl_125" custom="readingOrder {index:124;}">
                <Coords points="410,3012 1587,3023 1587,2987 1504,2980 410,2969"/>
                <Baseline points="429,2993 487,3005 545,3003 604,3005 662,3005 720,3005 779,3005 837,3006 895,3008 954,3008 1012,3008 1070,3008 1129,3010 1187,3011 1245,3011 1304,3011 1362,3011 1420,3012 1479,3014 1537,3014 1596,3011"/>
                <TextEquiv>
                    <Unicode>Typus dieser österreichischen Selbstverspottung, hinter der eine scham¬</Unicode>
                </TextEquiv>
            </TextLine>
            <TextLine id="tr_1_tl_126" custom="readingOrder {index:125;}">
                <Coords points="1637,3023 2803,3041 2803,3001 1637,2983"/>
                <Baseline points="1656,3017 1713,3015 1771,3017 1828,3017 1886,3020 1944,3021 2001,3021 2059,3023 2116,3023 2174,3025 2232,3026 2289,3026 2347,3027 2404,3029 2462,3029 2520,3032 2577,3032 2635,3035 2692,3035 2750,3035 2808,3035"/>
                <TextEquiv>
                    <Unicode>sich breit entfaltet, geschrieben als vom Anfang bis zum Ende</Unicode>
                </TextEquiv>
            </TextLine>
            <TextLine id="tr_1_tl_127" custom="readingOrder {index:126;}">
                <Coords points="2839,3037 2901,3037 2951,3066 3009,3041 3066,3055 3088,3041 3311,3045 3311,3012 3242,3001 2839,3009"/>
                <Baseline points="2859,3035 2884,3035 2910,3035 2935,3033 2961,3033 2986,3035 3012,3035 3037,3035 3063,3035 3089,3035 3114,3035 3140,3036 3165,3038 3191,3038 3216,3038 3242,3040 3267,3041 3293,3039 3319,3035"/>
                <TextEquiv>
                    <Unicode>zu wechseln schien, doch kor</Unicode>
                </TextEquiv>
            </TextLine>
            <TextLine id="tr_1_tl_128" custom="readingOrder {index:127;}">
                <Coords points="407,3048 1580,3059 1580,3023 1332,3012 407,3012"/>
                <Baseline points="426,3041 484,3043 542,3043 600,3044 658,3044 717,3044 775,3044 833,3044 891,3045 949,3047 1008,3047 1066,3047 1124,3047 1182,3050 1240,3050 1299,3050 1357,3052 1415,3053 1473,3053 1531,3053 1590,3053"/>
                <TextEquiv>
                    <Unicode>hafte Anhänglichkeit an den Heimatboden steckt, die ihre eigen</Unicode>
                </TextEquiv>
            </TextLine>
            <TextLine id="tr_1_tl_129" custom="readingOrder {index:128;}">
                <Coords points="1634,3063 1731,3077 1817,3063 1850,3077 1893,3059 2001,3077 2152,3070 2152,3027 1634,3023"/>
                <Baseline points="1653,3050 1678,3052 1703,3053 1729,3055 1754,3056 1780,3056 1805,3057 1830,3059 1856,3057 1881,3056 1907,3058 1932,3060 1957,3061 1983,3062 2008,3062 2034,3062 2059,3062 2084,3062 2110,3062 2135,3062 2161,3062"/>
                <TextEquiv>
                    <Unicode>durchgebildete Theaterstücke</Unicode>
                </TextEquiv>
            </TextLine>
            <TextLine id="tr_1_tl_130" custom="readingOrder {index:129;}">
                <Coords points="2310,3070 2512,3077 2552,3095 2613,3073 2677,3088 2803,3081 2803,3045 2721,3034 2663,3048 2544,3030 2469,3030 2451,3045 2310,3034"/>
                <Baseline points="2331,3065 2356,3067 2381,3068 2406,3068 2432,3068 2457,3068 2482,3069 2507,3071 2533,3071 2558,3071 2583,3071 2608,3071 2634,3071 2659,3071 2684,3071 2709,3072 2735,3074 2760,3074 2785,3073 2811,3071"/>
                <TextEquiv>
                    <Unicode>seine Dramen erinnern</Unicode>
                </TextEquiv>
            </TextLine>
            <TextLine id="tr_1_tl_131" custom="readingOrder {index:130;}">
                <Coords points="2839,3081 3296,3084 3293,3048 2836,3045"/>
                <Baseline points="2859,3071 2885,3073 2911,3074 2938,3074 2964,3074 2990,3074 3017,3074 3043,3074 3069,3076 3096,3076 3122,3074 3148,3075 3175,3077 3201,3077 3227,3078 3254,3079 3280,3079 3307,3077"/>
                <TextEquiv>
                    <Unicode>hat. Dafür sei er bedank</Unicode>
                </TextEquiv>
            </TextLine>
            <TextLine id="tr_1_tl_132" custom="readingOrder {index:131;}">
                <Coords points="410,3095 1594,3102 1594,3063 1490,3055 410,3052"/>
                <Baseline points="429,3080 487,3083 546,3083 604,3083 663,3083 721,3083 780,3083 838,3083 897,3086 955,3086 1014,3089 1072,3089 1131,3089 1189,3089 1248,3089 1306,3091 1365,3092 1423,3092 1482,3092 1540,3092 1599,3098"/>
                <TextEquiv>
                    <Unicode>Welt mit Pritschenschlägen bedenkt, aber mit Peitschenhieben droht,</Unicode>
                </TextEquiv>
            </TextLine>
            <TextLine id="tr_1_tl_133" custom="readingOrder {index:132;}">
                <Coords points="1627,3102 2807,3117 2778,3077 2300,3077 2238,3034 2148,3073 1627,3063"/>
                <Baseline points="1647,3092 1705,3093 1763,3095 1821,3095 1879,3096 1938,3098 1996,3100 2054,3101 2112,3104 2170,3101 2229,3101 2287,3104 2345,3106 2403,3107 2461,3105 2520,3109 2578,3110 2636,3113 2694,3112 2752,3112 2811,3116"/>
                <TextEquiv>
                    <Unicode>öfter an seine Essays, in denen er durch kecke,</Unicode>
                </TextEquiv>
            </TextLine>
            <TextLine id="tr_1_tl_134" custom="readingOrder {index:133;}">
                <Coords points="2839,3124 3311,3124 3311,3088 3275,3081 3257,3095 2940,3073 2904,3091 2839,3084"/>
                <Baseline points="2859,3113 2884,3113 2910,3113 2935,3113 2961,3113 2986,3113 3012,3113 3037,3113 3063,3113 3089,3113 3114,3115 3140,3116 3165,3116 3191,3116 3216,3116 3242,3118 3267,3119 3293,3117 3319,3116"/>
                <TextEquiv>
                    <Unicode>zig Jahren nimmt ihm sich</Unicode>
                </TextEquiv>
            </TextLine>
            <TextLine id="tr_1_tl_135" custom="readingOrder {index:134;}">
                <Coords points="410,3138 1594,3142 1594,3106 1490,3095 410,3095"/>
                <Baseline points="429,3122 487,3122 546,3122 604,3122 663,3122 721,3122 780,3122 838,3122 897,3125 955,3125 1014,3125 1072,3128 1131,3128 1189,3131 1248,3128 1306,3128 1365,3131 1423,3131 1482,3131 1540,3131 1599,3131"/>
                <TextEquiv>
                    <Unicode>wenn der Spott sich von außen heranwagt. Aber Bauernfeld war</Unicode>
                </TextEquiv>
            </TextLine>
            <TextLine id="tr_1_tl_136" custom="readingOrder {index:135;}">
                <Coords points="1619,3149 2785,3163 2785,3117 2685,3109 1619,3106"/>
                <Baseline points="1641,3131 1698,3131 1756,3133 1814,3134 1872,3134 1929,3137 1987,3137 2045,3137 2103,3140 2160,3142 2218,3140 2276,3143 2334,3144 2391,3146 2449,3146 2507,3149 2565,3149 2622,3149 2680,3150 2738,3152 2796,3149"/>
                <TextEquiv>
                    <Unicode>packende Prämissen fesselt und den Schluß fallen läß</Unicode>
                </TextEquiv>
            </TextLine>
            <TextLine id="tr_1_tl_137" custom="readingOrder {index:136;}">
                <Coords points="2839,3156 3091,3167 3135,3156 3203,3178 3239,3160 3307,3163 3307,3124 2839,3120"/>
                <Baseline points="2859,3149 2884,3151 2909,3152 2935,3152 2960,3152 2985,3152 3011,3152 3036,3152 3062,3154 3087,3155 3112,3153 3138,3153 3163,3154 3189,3155 3214,3155 3239,3155 3265,3155 3290,3155 3316,3152"/>
                <TextEquiv>
                    <Unicode>die uns manche Stunde</Unicode>
                </TextEquiv>
            </TextLine>
            <TextLine id="tr_1_tl_138" custom="readingOrder {index:137;}">
                <Coords points="414,3170 1587,3181 1551,3135 414,3138"/>
                <Baseline points="432,3161 490,3161 548,3161 606,3161 664,3161 723,3161 781,3161 839,3161 897,3164 955,3164 1014,3164 1072,3165 1130,3166 1188,3166 1246,3167 1305,3169 1363,3171 1421,3175 1479,3172 1537,3170 1596,3169"/>
                <TextEquiv>
                    <Unicode>eine rein künstlerische Natur; sein lustiger Feldzug gegen die</Unicode>
                </TextEquiv>
            </TextLine>
            <TextLine id="tr_1_tl_139" custom="readingOrder {index:138;}">
                <Coords points="1619,3181 2796,3196 2796,3163 2728,3153 1619,3145"/>
                <Baseline points="1641,3169 1699,3170 1757,3172 1815,3172 1873,3175 1932,3175 1990,3175 2048,3178 2106,3178 2164,3178 2223,3181 2281,3181 2339,3183 2397,3184 2455,3185 2514,3187 2572,3187 2630,3187 2688,3190 2746,3190 2805,3190"/>
                <TextEquiv>
                    <Unicode>oder in Ironie auflöst. Daß er in einem Selbstbekenntnis seinem</Unicode>
                </TextEquiv>
            </TextLine>
            <TextLine id="tr_1_tl_140" custom="readingOrder {index:139;}">
                <Coords points="2843,3196 2937,3196 2962,3210 2976,3196 3307,3206 3307,3167 3271,3160 2843,3160"/>
                <Baseline points="2862,3190 2887,3190 2912,3190 2937,3190 2962,3190 2988,3190 3013,3190 3038,3190 3063,3191 3089,3193 3114,3193 3139,3193 3164,3193 3189,3194 3215,3196 3240,3195 3265,3193 3290,3195 3316,3196"/>
                <TextEquiv>
                    <Unicode>viele gewähren wird. Und</Unicode>
                </TextEquiv>
            </TextLine>
            <TextLine id="tr_1_tl_141" custom="readingOrder {index:140;}">
                <Coords points="414,3206 1544,3224 1583,3181 410,3167"/>
                <Baseline points="435,3196 492,3199 550,3199 608,3199 666,3199 724,3197 782,3199 840,3199 898,3200 956,3202 1014,3202 1071,3203 1129,3205 1187,3207 1245,3208 1303,3208 1361,3208 1419,3211 1477,3209 1535,3211 1593,3208"/>
                <TextEquiv>
                    <Unicode>Schwächen der Wiener Gesellschaft bediente sich nur der poetischen</Unicode>
                </TextEquiv>
            </TextLine>
            <TextLine id="tr_1_tl_142" custom="readingOrder {index:141;}">
                <Coords points="1637,3221 2793,3239 2793,3196 1637,3174"/>
                <Baseline points="1656,3208 1713,3211 1770,3211 1827,3213 1885,3214 1942,3214 1999,3216 2057,3217 2114,3215 2171,3217 2229,3219 2286,3220 2343,3223 2400,3223 2458,3223 2515,3227 2572,3229 2630,3229 2687,3229 2744,3229 2802,3226"/>
                <TextEquiv>
                    <Unicode>Jugenddrama „Die Mutter so hohen Wert beimißt, liegt viel¬</Unicode>
                </TextEquiv>
            </TextLine>
            <TextLine id="tr_1_tl_143" custom="readingOrder {index:142;}">
                <Coords points="2832,3235 3055,3232 3095,3246 3127,3232 3181,3253 3199,3239 3314,3242 3314,3203 2829,3188"/>
                <Baseline points="2853,3223 2878,3226 2904,3229 2930,3227 2956,3227 2982,3229 3008,3229 3034,3229 3060,3231 3086,3232 3111,3232 3137,3233 3163,3235 3189,3235 3215,3235 3241,3235 3267,3235 3293,3235 3319,3235"/>
                <TextEquiv>
                    <Unicode>halten sollte, so daß es be¬</Unicode>
                </TextEquiv>
            </TextLine>
            <TextLine id="tr_1_tl_144" custom="readingOrder {index:143;}">
                <Coords points="403,3246 1537,3260 1591,3257 1591,3217 399,3199"/>
                <Baseline points="423,3238 481,3239 540,3239 599,3238 658,3238 717,3238 775,3238 834,3239 893,3241 952,3241 1011,3241 1069,3244 1128,3244 1187,3244 1246,3247 1305,3247 1363,3247 1422,3247 1481,3249 1540,3250 1599,3250"/>
                <TextEquiv>
                    <Unicode>Waffe, er übte indirekte Kritik, indem er die Gestalten der Komik</Unicode>
                </TextEquiv>
            </TextLine>
            <TextLine id="tr_1_tl_145" custom="readingOrder {index:144;}">
                <Coords points="1619,3253 2645,3286 2796,3278 2796,3239 1616,3214"/>
                <Baseline points="1641,3247 1699,3248 1757,3250 1815,3250 1873,3253 1932,3253 1990,3253 2048,3253 2106,3256 2164,3256 2223,3259 2281,3260 2339,3262 2397,3262 2455,3264 2514,3263 2572,3267 2630,3268 2688,3268 2746,3268 2805,3265"/>
                <TextEquiv>
                    <Unicode>leicht daran, daß dieses Stück, in dem das abstruse Motiv der be¬</Unicode>
                </TextEquiv>
            </TextLine>
            <TextLine id="tr_1_tl_146" custom="readingOrder {index:145;}">
                <Coords points="2832,3278 3307,3282 3304,3246 3253,3235 2829,3235"/>
                <Baseline points="2847,3265 2872,3265 2898,3265 2924,3267 2950,3268 2976,3268 3002,3268 3028,3268 3054,3270 3080,3271 3105,3271 3131,3271 3157,3271 3183,3271 3209,3271 3235,3273 3261,3274 3287,3274 3313,3274"/>
                <TextEquiv>
                    <Unicode>wird es hoffentlich auch an</Unicode>
                </TextEquiv>
            </TextLine>
            <TextLine id="tr_1_tl_147" custom="readingOrder {index:146;}">
                <Coords points="407,3293 1576,3304 1576,3253 407,3253"/>
                <Baseline points="426,3280 483,3280 541,3278 599,3277 657,3277 715,3277 773,3277 831,3280 889,3280 947,3280 1005,3280 1062,3283 1120,3283 1178,3285 1236,3286 1294,3286 1352,3286 1410,3286 1468,3287 1526,3289 1584,3286"/>
                <TextEquiv>
                    <Unicode>preisgab, und er war im Grunde ein milder, versöhnlicher Pessi</Unicode>
                </TextEquiv>
            </TextLine>
            <TextLine id="tr_1_tl_148" custom="readingOrder {index:147;}">
                <Coords points="1623,3293 2793,3314 2757,3271 1623,3257"/>
                <Baseline points="1644,3289 1701,3289 1759,3289 1817,3289 1875,3292 1933,3292 1991,3292 2049,3295 2107,3295 2165,3295 2223,3295 2280,3299 2338,3301 2396,3303 2454,3304 2512,3304 2570,3306 2628,3307 2686,3307 2744,3307 2802,3307"/>
                <TextEquiv>
                    <Unicode>wußten Blutschande aus dem Pathologischen ins Tragische gewendet</Unicode>
                </TextEquiv>
            </TextLine>
            <TextLine id="tr_1_tl_149" custom="readingOrder {index:148;}">
                <Coords points="2836,3314 2951,3314 2965,3329 2983,3314 3109,3314 3167,3332 3206,3314 3311,3318 3311,3282 3264,3271 3246,3286 2836,3275"/>
                <Baseline points="2856,3301 2881,3304 2907,3307 2933,3307 2958,3307 2984,3307 3010,3307 3036,3307 3061,3309 3087,3310 3113,3310 3138,3310 3164,3310 3190,3311 3216,3313 3241,3313 3267,3312 3293,3311 3319,3310"/>
                <TextEquiv>
                    <Unicode>graph fordert, nicht fehlen</Unicode>
                </TextEquiv>
            </TextLine>
            <TextLine id="tr_1_tl_150" custom="readingOrder {index:149;}">
                <Coords points="403,3329 1576,3340 1576,3304 1483,3289 403,3293"/>
                <Baseline points="423,3316 481,3321 539,3319 597,3316 655,3316 714,3316 772,3318 830,3319 888,3320 946,3320 1005,3322 1063,3322 1121,3322 1179,3325 1237,3325 1296,3325 1354,3327 1412,3328 1470,3328 1528,3328 1587,3328"/>
                <TextEquiv>
                    <Unicode>mist, der mit Bonhomie spottete und das Lächerliche gerne in¬</Unicode>
                </TextEquiv>
            </TextLine>
            <TextLine id="tr_1_tl_151" custom="readingOrder {index:150;}">
                <Coords points="1619,3340 2796,3350 2796,3314 1619,3293"/>
                <Baseline points="1641,3325 1699,3328 1757,3328 1815,3331 1873,3331 1932,3332 1990,3332 2048,3334 2106,3334 2164,3336 2223,3337 2281,3338 2339,3340 2397,3343 2455,3343 2514,3343 2572,3345 2630,3346 2688,3346 2746,3346 2805,3346"/>
                <TextEquiv>
                    <Unicode>wird, mit mehr Konsequenz durchgeführt ist als die meisten seiner</Unicode>
                </TextEquiv>
            </TextLine>
            <TextLine id="tr_1_tl_152" custom="readingOrder {index:151;}">
                <Coords points="2836,3350 3124,3354 3181,3372 3196,3358 3300,3358 3300,3314 3170,3329 2836,3314"/>
                <Baseline points="2856,3346 2881,3344 2906,3343 2931,3345 2956,3346 2982,3346 3007,3346 3032,3346 3057,3347 3083,3349 3108,3349 3133,3350 3158,3351 3183,3352 3209,3352 3234,3352 3259,3352 3284,3352 3310,3349"/>
                <TextEquiv>
                    <Unicode>seinem munteren, geistreic</Unicode>
                </TextEquiv>
            </TextLine>
            <TextLine id="tr_1_tl_153" custom="readingOrder {index:152;}">
                <Coords points="410,3397 720,3376 1152,3419 1202,3383 1249,3422 1339,3386 1519,3426 1760,3390 1875,3437 2026,3394 2292,3430 3296,3412 3296,3361 2814,3336 410,3329"/>
                <Baseline points="429,3361 572,3361 716,3361 860,3362 1004,3363 1148,3369 1292,3368 1436,3369 1580,3374 1724,3366 1868,3370 2011,3375 2155,3381 2299,3384 2443,3384 2587,3387 2731,3387 2875,3388 3019,3387 3163,3395 3307,3399"/>
                <TextEquiv>
                    <Unicode>Gemütliche wendete. Bahr ist eine ausgesprochene Kampfnatur, späteren Dramen. Aber auch hier hat zuletzt der satirische Grund der seine Gestalten Revue</Unicode>
                </TextEquiv>
            </TextLine>
            <TextEquiv>
                <Unicode></Unicode>
            </TextEquiv>
        </TextRegion>
    </Page>
</PcGts>
