3344 4384
1246 293 1732 383 box 44/10
199 287 1071 392 13. Miscellaneous
1992 1207 3165 1267 zwischen Kind und Mann in die Augen. Diese Querfalte geht
769 1219 1946 1270 motto: „Niemals und ... immer derselbe berichtigt habe. Die
1986 1258 3168 1304 durch alle Schriften Bahrs hindurch, durch die dramatischen, novel¬
769 1255 1946 1310 Selbstkorrektur gleicht hier der Schlange, die sich in den Schwanz
127 1270 398 1364 In Bahr.
1989 1301 3165 1349 listischen und journalistischen: die humoristische Freude am Auf¬
766 1301 1943 1346 beißt; wer sich am raschesten berichtigt und darum rastlos zu wan¬
1989 1337 3162 1385 decken von Widersprüchen, mitunter im dialektischen Spiel bis an
769 1340 1943 1385 deln scheint, erkennt am besten das Unwandelbare, das in ihm
127 1343 531 1439 en Geburtstag
1998 1376 3165 1427 die Grenze der Sophistik gesteigert, ist die Grundlinie in der
766 1379 1943 1427 liegt, und so greift der Gegensatz zwischen einstigen Tagen, in denen
1998 1412 3162 1467 Physiognomie Hermann Bahrs; sie entscheidet für den Erfolg
444 1391 1952 1512 man die Konsequenz des öffentlichen Auftretens nicht hoch genug
124 1418 311 1509 red Klaar.
1998 1454 3159 1506 seiner besten Lustspiele und Romane, und sie ist selbst da noch sicht¬
766 1457 1949 1509 preisen konnte und jeden aufs Haupt zu schlagen meinte, dem
1995 1494 3168 1542 bar, wo der geborene Schalk — in einer Art von Rückschlag gegen
766 1500 1946 1548 man einen Widerspruch zwischen den Aeußerungen von heute und
124 1488 730 1569 n und ein freundliches Gesicht zu
1995 1533 3168 1584 seine muntere Weltbetrachtung — mit philosophischen Systemen
769 1536 1943 1584 ehegestern nachwies, und der Gegenwart, in der man den Mut
148 1557 733 1614 ergeht jetzt besonders häufig an
2001 1569 3168 1611 Fangball spielt oder sich in die Romantik eines neuen Men¬
766 1578 1943 1620 der lauten Widersprüche bejubelt, gar nicht so tief, wie es den An¬
136 1593 730 1645 Literaten, seit durch eine neue
779 1608 3168 1666 schein hat; dieser Kontrast berührt weit mehr die Mode des Sichentums hinüberfluchtet. Und in diesem Zuge liegt ein Erbteil
133 1626 721 1690 prägten Fünfziger in den öffent¬
1995 1648 3171 1717 der Heimat, das eine ergötzliche individuelle Ausprägung ge¬
769 1651 1946 1702 ausspielens als den Grund des Seins. Zu allen Zeiten hat das
127 1669 742 1723 Hermann Bahr, der am 19. Juli
1995 1684 3033 1759 funden, das Bahr redlich erworben hat, um es zu besitzen.
775 1696 1949 1738 Leben, auch das ehrlichste, für Widersprüche und die Natur, auch die
130 1711 730 1759 ommt, wird es nicht leicht haben,
775 1732 1949 1783 biegsamste, für Konsequenz gesorgt. Und worauf es ankam, war
2025 1729 3162 1795 Der Fünfziger von heute spricht selbst gerne von seiner „Gene¬
127 1744 733 1795 umsphotographen zu entsprechen.
766 1774 1940 1817 niemals der Zwang, sich gleichzubleiben, ein Heroismus, der in
1998 1777 3165 1832 ration", die er mitvertritt und der über Beruf und Bedeutung
127 1783 733 1847 he, ist ihm sogar, wie sein Fest¬
766 1807 1943 1859 Lüge ausarten kann, sondern der Mut, sich in jedem Momente
1986 1826 3162 1883 Oesterreichs erst die Augen aufgegangen sein sollen. Wer indes
133 1826 724 1877 i Handl") auf 160 Seiten zu be¬
782 1850 1946 1904 gleich zu sein, das heißt immer mit Ueberzeugung zu treffen und zu
1992 1862 3159 1907 die Vergangenheit kennt, der weiß, daß jede Generation — auch in
127 1865 736 1919 and eine freundliche Miene gehört
766 1889 1943 1937 irren. Hermann Bahr hat es an diesem Mute niemals fehlen
1992 1901 3162 1946 Oesterreich — einen ähnlichen Anspruch erhoben hat, und ge¬
133 1904 727 1955 überaus reichhaltigen literarischen
766 1928 1946 1976 lassen und, soviel Anteil an seinen in vielen Farben schillernden
1995 1937 3168 1992 schichtlich sind sie nicht nur alle, soweit sie sich lebendig betätigten,
130 1943 730 1998 mentbildchen versucht. Allenfalls
775 1970 1949 2013 Selbstbekenntnissen die Koketterie des Modeschriftstellers auch haben
1995 1979 3168 2031 im Rechte, sondern auch weit inniger miteinander verbunden, als
127 1986 730 2031 nesiumlicht, wovon ein reichlicher
769 2007 1946 2052 mag, doch in allem Wesentlichen ein eigenes, bewegtes, inneres
1995 2025 3165 2073 es in der Regel die jungste von den vorhergehenden gelten lassen
130 2028 721 2100 sen des jüngsten Jubilars aufge¬
769 2049 1943 2097 Leben verdichtet. Das fast schon zu Tode gehetzte Wort „Entwick¬
1992 2061 3165 2109 will. „Unsere Generation“, ein Lieblingswort von Hermann
772 2088 1949 2130 lung" trifft auf ihn im Ur- und Tiefsinn der Sprache zu: er hat
1989 2097 3162 2145 Bahr, ist wohl auch schon die von gestern oder vorgestern in den
127 2088 727 2158 hen und alle Bewegung relativ¬
782 2121 1943 2170 sich immer munter aufgewickelt und den Kern einer interessanten
1998 2133 3159 2185 Augen der ganz Jungen, und das schadet blutwenig, wenn nur das
130 2151 730 2200 tem; deswegen gibt es doch Ziele
779 2170 1943 2218 Persönlichkeit bloßgelegt, deren Temperament, von den mannig¬
1989 2173 3168 2227 Erbteil, das mitunter dem Namen nach verleugnet wird, im Wesen
136 2194 730 2242 findung, mit denen wir für unser
779 2206 1952 2254 faltigsten Fragen des Lebens berührt, in die lebhaftesten Schwin¬
1992 2215 3159 2260 nicht die Triebkraft verliert. Das pointierte Oesterreichertum
130 2230 730 2296 sigen müssen. Gerade der schnellste
775 2242 1949 2296 gungen gerät und den Problemen, denen es an den Leib rückt, eine
1995 2251 3162 2302 Bahrs, der einst als jugendlicher Nationaldeutscher ein kleines
127 2269 730 2314 se geschlossene Figur, an der die
772 2284 1946 2330 anregende oder doch aufreizende Seite abgewinnt. So sind seine in
1995 2290 3159 2336 Martyrium durchmachte, ist keine neue Erfindung. Grillparzer
124 2308 733 2357 scheinen, und so springt auch aus
782 2317 1955 2372 Form und Wert sehr ungleichartigen Schriften — Dramen, Ro¬
1992 2330 3159 2384 hat es aufs schärfste betont und in den paar Versen, die er sei¬
127 2351 730 2408 rs, von der in diesen Tagen nach
772 2363 1946 2411 mane und Essays in Hülle und Fülle — in der Tat ein Zeitspiegel
1989 2372 3162 2417 nem Horneck, dem im „Ottokar“ auftretenden steirischen Reim¬
130 2387 733 2447 de Rede sein wird, ein Typus her¬
772 2405 1940 2453 geworden, und wenn man auch jenen Enthusiasten nicht bei
1992 2411 3165 2456 chronisten, in den Mund legt, saftiger dargestellt als die Essayisten
130 2426 733 2483 zu werten versuchen kann. Es ist
775 2435 1949 2492 pflichten mag, die diesen Spiegel für einen untrüglichen aus¬
1989 2444 3162 2495 des jungen Wien. Deswegen war es doch Grillparzers größter
142 2462 730 2523 eine gerechte Einschätzung, wenn
779 2477 1943 2529 geben, und sich über Hackel, Mach und österreichische Verhältnisse
1998 2483 3162 2535 Stolz, auf dem Gesamtboden der deutschen Nationalliteratur in
130 2498 736 2556 sieht sich doch weit ähnlicher, als
779 2520 1943 2562 lieber aus den Quellen orientieren wird als aus dem Strom
1995 2529 3159 2571 gemessenem Abstande" nach Schiller, Goethe und Uhland der Erste
121 2544 736 2619 geschäftigen Lobredner uns glauben
772 2562 1952 2601 der Bahrschen Beredsamkeit — so steckt doch in dem Wechsel und
1992 2565 3159 2610 zu sein, und Hermann Bahr wäre gewiß sehr wenig geneigt, um
775 2595 1949 2643 in der Buntheit der Anschauungen, die da zutage treten, viel scharfe
1995 2610 3156 2652 seines ausgesprochenen Oesterreichertums willen sich in der zu¬
124 2607 733 2680 sterreicher, der sich zu einem Mit¬
779 2634 1952 2683 Beobachtung, viel schlagfertiger Sinn für das Groteske und Ver¬
1992 2637 3159 2689 nächst noch etwas luftigen Walhalla des modernen deutschen
124 2670 739 2716 macht hat und der in so geschickten
775 2674 1949 2722 kehrte, viel rasch kombinierender Witz und keck einschneidende Sa¬
1998 2680 3150 2725 Schrifttums den Platz streitig machen zu lassen. Williger als je
127 2710 736 2761 n hemdärmeliger Polterfreudigkeit
782 2716 1949 2773 tire, die wir nicht missen möchten und die von den Zeitstimmungen
1998 2719 3162 2764 werden die süddeutsch=österreichischen Strömungen in das breite
121 2749 736 2812 finden weiß, sagte uns gelegentlich
772 2758 1865 2809 ein subjektiv gefärbtes Bild von eigentümlichem Reiz bieten.
1982 2758 3159 2806 Bett unserer Nationalliteratur aufgenommen, und weit entfernt,
124 2785 733 2836 fassen haben. In den hübsch aus¬
2001 2794 3159 2842 ihnen Verleugnung des Ursprungs zuzumuten, schätzt man sie im
815 2782 1943 2855 In dem schon erwähnten „Hermann Bahr=Buch" finden sich ein aus
127 2827 733 2879 weiterten Epigrammen, die anläß¬
1992 2836 3153 2885 deutschen Norden wegen der Eigenart ihrer Farbe und ihres
782 2842 1946 2900 der letzten Zeit stammendes Porträt des Schriftstellers und ein
127 2861 736 2915 Hermann Bahr=Buch") zusammen¬
1992 2876 3165 2945 Laufes, die noch im großen Strome, in den sie einmünden, er¬
779 2894 1943 2948 Bildchen, das ihn in seinen frühen Kindertagen darstellt. Der
133 2903 736 2948 wie er einmal in jungen Jahren
1992 2909 2233 2975 kennbar sind.
772 2930 1952 2975 Typus von heute, der ein wenig verwitterte, trotzige Literaten¬
130 2942 739 2990 die Allerweltsphrase „Immer der¬
772 2969 1949 3011 kopf mit den fliegenden Haupt= und Barthaaren, halb Philosoph,
2037 2939 3159 3021 Zwei Strömungen namentlich, die aus solchen Quellsprüngen
124 2978 739 3027 endevise „Niemals derselbe einge¬
782 3005 1946 3054 halb Bohémien, kontrastiert gar seltsam mit dem lachenden Köpf¬
1995 3002 3150 3057 kommen, sind nicht erst seit den Tagen der Bahrschen „Generation
130 3027 733 3093 se Renommage durch das Lebens¬
782 3048 1955 3090 chen des wohlgepflegten Babys, das sich in einem Lehnstuhl wiegt;
1998 3054 3162 3099 zu verfolgen, sondern seit mehr als einem Jahrhundert. Die eine
772 3084 1940 3132 aber eine Querfalte auf der rechten Backe, die um den geschweif
1989 3093 3156 3138 überglänzt die Stammesart mit dem poetischen Schimmer der ge¬
121 3099 640 3171 i Handl, S. Fischer, Berlin.
775 3117 1943 3165 ten Mund und die runde Nase das Selbstbehagen der Lustigkeit ver¬
1998 3123 3156 3174 hobenen Rede, ohne die ursprüngliche Weichheit der Empfindung,
133 3147 543 3235 S. Fischer, Berlin.
745 3153 3165 3250 breitet, springt doch als stärkstes Kennzeichen der Aehnlichkeit den Reiz lässiger Traumseligkeit, die warme Grundstimmung des
