3344 4352
1263 201 1735 281 b 44/10
212 212 1061 307 13. Miscellaneous
674 1442 1733 1520 Richard Beer-Hofmanns 70. Geburtstag. In Wien
586 1481 1735 1576 wurde heute der 70. Geburtstag des österreichischen
591 1526 1725 1601 Dichters Richard Beer-Hofmann gefeiert. Unter den her¬
589 1570 1732 1656 vorragenden Poeten, die Österreich dem deutschen
588 1619 1725 1699 Schrifttum in den letzten Jahrzehnten schenkte und un¬
585 1656 1725 1745 ter denen Hofmannsthal und Schnitzler in der ersten
582 1698 1725 1789 Reihe standen, wirken heute noch ruhmreich der jüngere
579 1745 1725 1840 Stefan Zweig und der jetzt ins Patriarchenalter tretende
582 1784 1719 1874 Beer-Hofmann. Der Siebzigjährige kann allerdings nicht
579 1837 1722 1918 auf sogenannte Publikums erfolge hinweisen, denn er ge¬
579 1871 1722 1957 hört zu jenen feinen Künstlern, die nur für die geistige
579 1918 1715 2006 Oberschicht leben und arbeiten. Er hat nicht viel produ¬
569 1957 1712 2043 ziert, aber seine Dramen, vor allem seine Trilogie David,
569 2014 1712 2093 von der allerdings nur „Jaakobs Traum“ erschien,
572 2049 1708 2138 sichern ihm einen Ehrenplatz in der deutschen Litera¬
563 2089 1706 2174 tur. Bisher hat bloß sein Drama „Der Graf von Charo¬
566 2131 1705 2224 lais“ auf der Bühne Erfolg gehabt, denn Beer-Hofmann,
563 2194 1713 2265 der sich niemals nach lärmenden Beifallskundgebungen
558 2224 1708 2301 sehnte, mußte von Max Reinhardt und Alexander Moissi
558 2254 1700 2354 förmlich gezwungen werden, sein Drama der Öffentlich¬
558 2300 1702 2396 keit bekannt zu geben. Beer-Hofmann ist auch als No¬
561 2357 1703 2439 vellist und als Lyriker hervorgetreten und sein Schlaf¬
562 2396 1695 2488 lied für Mirjam gehört zu den Perlen der deutschen
558 2445 1698 2521 Poesie. Der Dichter ist auch ein genauer Kenner des
559 2483 1699 2574 Bühnenwesens und er hat mit genialer Einfühlung
562 2526 1693 2605 Goethes „Iphigenie" und Goethes „Faust" für das Burg¬
555 2569 1698 2652 theater neu in Szene gesetzt. Obwohl er nicht gern vor
555 2612 1696 2691 dem großen Publikum erscheint, hat er es dennoch niemals
552 2664 1698 2737 unterlassen, für seine bedrängten Glaubensgenossen mit
555 2694 1696 2774 Feuereifer einzutreten. Er lebt in Wien, hat nur wenige
546 2744 1699 2833 Freunde und meidet den sogenannten gesellschaftlichen
558 2787 1685 2875 Verkehr. Jetzt muß er wider Willen den Sturm von Gra¬
549 2836 1690 2919 tulationen über sich ergehen lassen, doch es wird ihm
551 2886 1689 2964 vielleicht eine kleine Genugtuung gewähren, daß ihm aus
551 2925 1688 2995 aller Welt, und darunter auch aus Ungarn, die deut¬
546 2956 1688 3045 lichsten Beweise dafür zukommen, wie hoch man sein
545 3004 1676 3090 Talent und seinen Charakter, seine dichterische Persön¬
543 3048 1672 3138 lichkeit und seine edlen menschlichen Qualitäten schätzt.
2407 1127 2832 1272 le
2050 1366 3071 1472 (Das Stelldichein der Wiener Schokolademädchen.)
1943 1444 3055 1511 Gestern gab es auf der Alten Donau eine „Venezianische Nacht.
1940 1498 3073 1557 Eine Prozession lichtergeschmückter Boote glitt unter Musik und
1944 1543 3067 1614 Gesang dahin. In den Wirtshäusern auf den Ufern herrschte ein
1953 1589 3073 1657 fröhlicher Tumult. Die Wiener Schokolademädchen mit ihren
1946 1637 3071 1706 braungebrannten Kavalieren tranken einander zu. Mit dem
1947 1682 3067 1748 süssigen Wein, der an den Hängen des Wienerwaldes reift, be¬
1948 1729 3067 1805 siegelt man alte Bande oder knüpft neue an. Auf dem Gänse¬
1938 1779 3067 1837 häufel, das in diesen Tagen das fünfundzwanzigjährige Jubiläum
1947 1835 3061 1897 seiner Entdeckung feiert, spürt man jene wienerische Stimmung,
1931 1868 3065 1953 deren Essenz dem Lebenswerk Arthur Schnitzlers wie ein feiner,
1933 1924 3062 1987 unverwelklicher Duft entströmt. Darum empfindet man es nicht
1926 1959 3061 2043 als Zufall, sondern als den Ausdruck innerer Zusammenhänge,
1926 2010 3058 2067 daß Hermann Bahr zu einer Zeit, als er sich ganz besonders
1924 2056 3058 2128 intensiv im Bannkreis und unter dem Einfluß seines unsterblichen
1924 2108 3058 2175 Freundes Arthur Schnitzler befand, das Gänsehäufel literarisch
1930 2151 3057 2221 entdeckte. Mit Recht feiert man den alten Florian Berndl, der auf
1926 2199 3058 2262 dem Bisamberg bei Korneuburg eine beschauliche Sonderlings¬
1926 2251 3058 2303 existenz führt, als den Entdecker des Gänsehäufels. Berndl hat
1920 2284 3057 2359 diese unbekannten Gestade in der unmittelbaren Nachbarschaft der
1923 2341 3057 2407 Großstadt für Wien erobert. Die vergnügten Paare, die in den
1920 2393 3060 2446 Ruderklubs und Weebendhäuschen an den Ufern der Alten
1924 2422 3058 2496 Donau das jubilierende Gänsehäufel hochleben lassen, haben allen
1918 2473 3054 2542 Anlaß, auf das spezielle Wohl Florian Berndls ein Gläschen zu
1920 2528 3054 2591 trinken. Aber sie sollen im festlichen Trubel Hermann Bahr nicht
1920 2575 3058 2627 vergessen, der in seinem Roman „O Mensch!“ das Gänsehäufel
1921 2611 3050 2687 der Literatur einverleibt hat. Schließlich sind ja doch immer die
1923 2657 3055 2724 Dichter die wahren und eigentlichen Entdecker. Was wäre
1920 2711 3057 2763 Konstantinopel ohne Pierre Loti, was Paris ohne Zola oder
1914 2754 3050 2812 Maupassant, was Berlin ohne Fontane, was wäre Wien ohne
1926 2804 3052 2868 Arthur Schnitzler. Und man darf mit Fug und Recht sagen: was
1914 2852 3060 2909 wäre das Gänsehäufel ohne Hermann Bahr. Erst durch den
1913 2896 3047 2964 Dichter wird das Zufällige zum bleibenden und notwendigen
1914 2939 3052 2999 Besitz. Aber die heutige Generation weiß nicht allzuviel von den
1911 2995 3050 3060 Dichtern und ihren Büchern. Sie spielt lieber Wasserball, vergnügt
1920 3037 3051 3094 sich auf der Rutschbahn, dem Ringelspiel und wie die anderen
1914 3085 3051 3138 Herrlichkeiten des Gänsehäufels alle heißen, und kann sich nur
1930 3131 3041 3189 schwer entschließen, in der Leihbibliothek den noch immer und
1910 3170 3047 3232 heute erst recht sehr lesenswerten Roman „O Mensch!“ zu lesen.
1914 3225 3050 3278 Im Jubiläumsprogramm des Gänsehäufels und seiner ersten
1917 3272 3048 3323 Gartenkolonie „Neubrasilien gebührt Hermann Bahr — der
1908 3303 3044 3378 übrigens mit Florian Bernol den malerisch wallenden Bart
1907 3366 2786 3415 gemeinsam hat — ein ganz besonderer Ehrenplatz.
