3344 4352
211 176 1091 314 13. Miscellaneous
1271 190 1750 297 box 44/10
552 1271 763 1364 -
552 1346 818 1409 sich mengen.
1674 1319 3304 1416 jener faszinterende Klang der Stimme, die den demas wirklicher Macht strebt
1681 1412 2800 1502 Dr. Lueger hat ein künstlerischer Instinkt vor dieser gemeinen
2831 1274 3304 1509 .
905 1378 1333 1543 Feuilleton.
1681 1498 2800 1547 Rednerkomit bewahrt. Die stärkste rednerische Kraft entwickelte
2841 1498 3304 1561 haben mich so lange für
1685 1543 2803 1592 er im Anfang der Neunzigerjahre, so lange er noch um die
2835 1543 3304 1595 sie haben so lange mißtra¬
639 1533 1226 1650 Lueger.
1685 1588 2803 1640 Macht rang und doch schon selber eine Macht war. Da hatte er
2828 1592 3307 1643 bis ich halt wirklich ein 2
659 1623 2807 1688 Will man vom persönlichen Wesen Luegers ein Bild auch ein sehr starkes Pathos zur Verfügung, das ihm, ans Ziel
2838 1640 3301 1699 Scherze war sicherlich vie
542 1664 2800 1747 geben, so muß man vor allem sagen, daß er ein schöner Mensch gekommen, gleich verloren ging. Wie Adler einmal von ihm
2828 1692 3311 1761 mußte erst hervorgekitzelt
552 1733 1657 1788 gewesen. Eine hohe, schlanke Erscheinung, gerade aufgerichtet
1692 1733 2800 1788 sagte: „In dem Moment, wo Lueger etwas sagt, glaubt er es
2948 1737 3301 1809 Allerdings war er
549 1778 1654 1830 immer erhobenen Hauptes und mit federnd leichten Schritten
1681 1775 2803 1830 wirklich! Vorher nicht, nachher nicht!" Er hatte die für einen
2838 1775 3311 1857 sinnungen. Er liebte ein
539 1826 1661 1889 einhergehend. Sein Gesicht, von ehedem braunem, zuletzt weiß¬
1681 1826 2803 1875 guten Redner unentbehrliche Fähigkeit, sich an seinen eigenen
2828 1840 3307 1892 Meinungen und Anschau¬
1688 1878 2807 1926 Worten zu berauschen. Aber er hatte auch die für einen guten
545 1878 1654 1930 grauem weichen Haar umrahmt, ist aus der Entfernung schö¬
2835 1889 3314 1940 geeigneten Moment der pa
542 1926 1664 1978 zu nennen gewesen, in der Nähe störte der ausdruckslose, bei¬
1681 1920 2803 1978 Parteiführer unentbehrliche Fähigkeit, aus seinem eigenen Rausch
2835 1937 3307 1989 Das Gefäß zur Aufbewahrt
542 1971 1657 2027 nahe stiere Blick seiner leicht schielenden Augen, auch hatte er
1685 1968 2797 2023 schnell zu erwachen und nüchtern zu werden. Dr. Lueger hat an
2838 1978 3294 2040 war für Karl Lueger die
552 2013 1657 2072 sich im langjährigen Verkehr mit Tausenden von gleichgiltigen
1688 2013 2807 2068 seine jeweiligen Ideale minutenlang geglaubt, aber er hat sich
2835 2034 3314 2082 geräumigen Wurstkessel sa-
545 2061 1664 2120 Menschen, gegen die er doch stets zuvorkommend war, ein
1688 2065 2807 2116 selbst immer wieder zu wecken verstanden, vor allem dadurch¬
2828 2078 3314 2137 dienst, Hausherren= und An
545 2109 2807 2172 geschäftsmäßiges Lächeln angewöhnt. Diese erfrorene Grim¬ daß er seine Begeisterung schleunigst in seinem Cynismus ab¬
2828 2123 3307 2189 und Antisemitismus, Deu
549 2154 1654 2217 masse der Liebenswürdigkeit wirkte gerade auf empfindliche Menschen
1681 2154 1792 2220 tötete
2828 2168 3307 2230 und noch ein Schock sonst
535 2210 1654 2272 unerquicklich. In der Entfernung aber, wenn er auf der Tribüne
1799 2182 2800 2265 Am wenigsten fest saßen seine antisemitischen Gesinnungen
2828 2223 3311 2282 wirklich ein liebenswürdige
539 2251 1661 2324 stand und sein Wort mit männlichen, festen Handbewegungen
1681 2244 2803 2317 in ihm. Mit dem politischen Verstand, mit dem Vorsatz ist
2828 2265 3301 2324 allmählich die hohle Routi¬
535 2296 1661 2368 begleiten konnte, da wirkte Lueger freilich immer „schön“. In der
1685 2310 2803 2365 Lueger Antisemit gewesen, mit dem Herzen nie. Er wäre wirklich
2828 2310 3294 2372 geradezu, ernste Gegensätze
539 2341 1657 2403 Rednerhitze wich auch oft der erkünstelte Ausdruck aus seinem
1681 2358 3294 2410 riesig gern ein Antisemit gewesen, aber er hat die Juden zu mütlichkeit hinüberzuleiten
539 2393 1657 2455 Gesicht und so hatte er auf der Tribüne die schönsten Augenblicke,
1681 2406 2800 2455 lieb gehabt! Die Küsse, die er mit Juden — von Ignaz
2828 2413 3307 2469 er dem Bankett, der politis
535 2444 1657 2507 Auch seine Stimme hat ihn zum Redner prädestiniert. Es hat im
1681 2451 2793 2510 Mandl bis Wilhelm Singer — gewechselt, waren durchaus nich
2821 2455 3307 2520 beigelegt. Beim Wein le¬
535 2475 1650 2555 österreichischen Abgeordnetenhause nur wenige so wohlklingende
1685 2500 2797 2551 nur Komödie. Man muß Lueger im Parlament gesehen haben,
2828 2496 3311 2569 ab, bei einem guten „Pap
535 2531 3297 2607 biegsame, vom zartesten Pianissimo zum pathetischen Forte wenn er nach einer notgedrungen judenfeindlichen Rede aus keiner „prinzipiell". Die
535 2582 2797 2669 melodisch anschwellende Stimmen gegeben. Ein Stück Schau¬ dem Sitzungssaal in die Couloirs flüchtete und sich's sogleich
2828 2600 3307 2658 Lueger mit Ueberzeugung
542 2624 1661 2693 spielertum (das zum guten Redner unentbehrlich zu sein scheint, hat
1688 2641 2807 2693 inmitten „seiner Juden" (wie oft sagte er da mit einem halb¬
2831 2648 3270 2710 Gange trug man sich
542 2679 1661 2741 in Karl Lueger gesteckt, Wiener Schauspielertum, das vom
1681 2693 2783 2748 wahren Scherz: „Auf meine Juden laß ich nichts kommen!“
2824 2686 3307 2762 war ein Parteifreund
535 2721 1657 2790 Komischen leicht zum Rührenden und von dort schnell wieder
1681 2734 3283 2790 bequem machte. Angenehm „schmusen" konnte dieser durch und auf dem flachen Lande
542 2779 2793 2859 zurück ins Gebiet der Witze findet. Lueger redete ganz gut durch verjudete Antisemit am besten mit jüdischen Redakteuren
2821 2786 3301 2848 am besten bewährt. Wenn
542 2821 1654 2879 hochdeutsch, mit nur leise wienerischer Grundfarbe, um so
1681 2835 3301 2904 Es steckte natürlich auch in dieser Zuneigung ein bisserl von Wetzleinsdorf zutrat
542 2869 1654 2931 wirkungsvoller war es dann, wenn er aus dieser leidlich
1681 2876 2800 2931 wienerische Falschheit, aber doch noch mehr Echtheit. Wenn ihm
2838 2872 3301 2945 so hatte er einen festen
542 2917 1650 2976 eleganten Sprache plötzlich in „tiafere Töne fiel. Da ver
1685 2924 2797 2980 im Privatleben ein Jude ernst kommen und ihm seine Juden¬
2824 2924 3294 3000 allerdings schon am näch
542 2959 1657 3031 schmähte er eine kleine Anleihe bei Guschelbauer und Wiesberg
1688 2969 2800 3028 feindschaft vorhalten wollte, so war Lueger förmlich gekränkt.
2831 2980 3301 3028 Neugeworbenen. So ist es
535 3014 1654 3066 nicht, wie denn überhaupt Coupletrefrains so ziemlich die
1681 3021 2793 3073 Politik und Menschlichkeit hat er immer als zwei streng getrennte
2828 3024 3307 3076 ergangen, der am Abend in
545 3062 2797 3121 einzigen Zitate waren, die er anbrachte. Eine gewisse Grazie Gebiete angesehen. Zu seiner Erholung (zum Beispiel in Karls¬
2828 3076 3307 3128 hatte und am anderen Tag
535 3104 1657 3169 hat den Redner Lueger nie verlassen. So ist es charakteristisch
1681 3111 3301 3176 bad) liebte er direkt den Umgang mit Juden und Jüdinnen, widerrufen hat. Zur Gemüt
545 3156 2797 3225 für seinen guten Geschmack, daß er, der doch Hunderte von Sogar der galizische Jude war ihm eigentlich gar nicht un¬
2831 3162 3304 3221 hörten auch die goldenen
542 3204 1661 3259 Reden gegen die Inden gehalten hat, auf der Tribüne niemals
1685 3204 2803 3259 sympathisch, man weiß, daß Lueger sogar für sehr östlich gelegene
2831 3214 3311 3266 gewissenhaft mitmachte, die
542 3249 2800 3318 höhnisch gejüdelt hat. Ein Trick, auf den selbst seinere Redner Bethäuser Geld gespendet hat. Es ist übrigens auch noch
2828 3263 3301 3318 auch in befreundeten, eben
539 3301 3314 3394 wie Herr Pattai nicht immer ganz verzichtet haben. Den erinnerlich, wie er sich seinerzeit entschuldigte, als er öffentlich zu es Krankheit hinderte, die
