3392 4320
244 152 1121 290 13. Miscellaneous
1302 170 1782 290 box 44/10
561 1015 1182 1107 treten. Und wieder, ebenso
673 1159 1699 1210 Die 89. Fortsetzung des Romans „Eine Frau über
1734 1173 2872 1248 märz allüberall die konservative Richtung dominierte und
687 1199 1696 1271 der Moral" von Klaus Rittland befindet sich auf
1734 1219 2869 1302 nur gemäßigte Anschauungen sich geltend machten. War
690 1239 894 1291 Seite 20.
1734 1268 2866 1337 auf dem musikalischen Gebiete Mendelssohn der Ausdruck
1734 1314 2869 1386 der Zeit, so schwärmte das Burgtheaterpublikum für seinen
1731 1357 2858 1429 lieben Bauernfeld. So pflegte denn Holbein mit Vorliebe
923 1331 1337 1435 Feuilleton.
1734 1403 2861 1475 das intime Stück, für welches eben auch Fichtner, Luise
1731 1449 2858 1515 Neumann, La Roche zur Verfügung waren, dabei brachte
745 1426 1515 1521 Die Zukunft des Burgtheaters.
1731 1501 2855 1567 er auch Stücke des jungen Deutschland auf die kaiserliche
687 1512 1558 1593 Vom Geheimen Rat Freiherrn v. Niebauer.
1716 1532 2858 1610 Bühne, von Gutzkow „Richard Savage“, „Ein weißes Blatt",
635 1550 1693 1653 Als dramaturgischer Sekretär des Burgtheaters hat
1728 1593 2861 1662 „Werner oder Herz und Welt“, „Der 13. November,
546 1622 1688 1699 Alfred Berger zum Schlußakte im alten Hause den Epilog
1731 1642 2855 1699 „Die Schule des Reichen" und von Laube „Monaldeschi".
555 1685 1690 1736 geschrieben, der mit außerordentlichem Beifall aufgenommen
1722 1682 2855 1745 Allerdings nicht ihre politischen Tendenzstücke; als aber mit
543 1734 1679 1797 wurde, und „Berger! Berger!" brauste es noch lange nach
1725 1725 2858 1803 dem Frühjahre 1848 der große Umschwung hereinbrach,
552 1771 1682 1831 Fallen des Vorhangs durch das Haus, so daß der Name
1722 1774 2849 1849 wußte Holbein auch den neuen Anforderungen Rechnung
555 1820 1685 1900 des jungen Dichters tatsächlich das letzte Wort bildete,
1731 1826 2855 1892 zu tragen. Noch im April gingen die „Karlsschüler“ in
472 1831 1463 1944 welches die alten Räume jubelnd widerhallten.
1731 1874 2855 1938 Szene, trotz des Kopfschüttelns der Damenwelt wurde
627 1912 1676 1995 Der Epilog schloß mit dem hoffnungsvollen Verse:
1725 1915 2852 1992 Hebbel mit „Maria Magdalena" eingeführt, bald folgte die
753 1964 1504 2018 Im neuen Haus das alte Burgtheater!
1734 1955 2855 2038 „Judith", der „Wallenstein" gelangte nun in seiner ganzen
1722 2015 2846 2082 Gestaltung zur Darstellung, nicht mehr in der freilich sehr
632 1992 1679 2076 Das alte Burgtheater! Was liegt nicht alles in diesen
1722 2056 2849 2119 geschickt ersonnenen Zusammenziehung Schreyvogels. Aber
546 2053 1685 2128 Worten! Eine Stätte unvergänglichen Ruhmes! Eine
1728 2110 2849 2168 noch im Juni 1849, obzwar sich wieder eine politisch rück¬
546 2102 1679 2168 Vereinigung der berühmtesten darstellenden Künstler, deren
1716 2145 2843 2217 läufige Bewegung zeigte, wußte er Gutzkows „Urie
543 2156 1676 2217 Namen noch immer leuchten, gegen Schillers Ausspruch,
1719 2191 2855 2257 Acosta" für das Burgtheater zu retten, zu dessen dauern¬
538 2199 1679 2260 dem Mimen flechte die Nachwelt keine Kränze. Eine voll
1714 2237 2840 2312 dem Gewinne. Gleichwohl blieb Heinrich Laube ein großes
543 2248 1673 2317 zusammenklingende Harmonie der Vorstellungen! Eine
532 2297 1334 2363 Reihe vortrefflicher Leiter des Theaters
1728 2286 2840 2358 Feld offen für reichliche glänzende Tätigkeit. Man er¬
1711 2334 2846 2412 innert sich, wie es die Schaffung der Generalintendanz der
621 2314 1567 2404 Jeder Direktor gab natürlich der Hofbühne
1590 2337 1673 2412 eine
1719 2380 2843 2452 Hoftheater war, welche nach langer Tätigkeit den hochver¬
526 2380 1561 2447 individuelle eigenartige Richtung. Fügte Schreyvogel
1590 2401 1676 2467 das
1711 2424 2746 2501 dienten Mann veranlaßte, die Demission zu erbitten.
529 2435 1670 2504 klassische Stück in das Repertoire, so pflegte Holbein mit
532 2478 1593 2542 Vorliebe das intime Stück, während Heinrich Laube
1800 2484 2838 2590 Da wären wir denn bei der wichtigen Organisations¬
543 2496 1665 2602 seiner siebzehnjährigen Regierung bemüht war, zyklusartig
1714 2516 2033 2625 frage angelangt.
540 2588 1670 2639 einen Ueberblick zu bieten über die wichtigsten dramatischen
1782 2590 2835 2677 Ich gestehe, daß mir der gegenwärtige Zustand der
529 2616 1659 2688 Schöpfungen der Vergangenheit und Gegenwart. So
1711 2628 2835 2723 richtige zu sein scheint. Seit dem Abeben des General¬
520 2674 1668 2757 wurde nun Shakespeare in seinen bedeutendsten Stücken
1699 2682 2838 2757 intendanten Freiherrn v. Plappart nämlich wurde diese
532 2720 1530 2780 vorgeführt und Grillparzer zu neuem Leben erweckt.
1705 2734 2832 2809 Stelle, wenn auch nicht förmlich aufgehoben, so doch nicht
615 2772 1676 2840 Man denkt nicht sehr günstig über die in die Vier¬
1702 2792 2835 2849 mehr besetzt. Das Burgtheater untersteht, wie es in der
520 2800 1670 2886 zigerjahre allende Direktionsführung Holbeins. Aller¬
1702 2829 2829 2901 Epoche Laubes dem Oberstkämmereramte direkt unter¬
520 2864 1679 2932 dings, mit Schreyvogel und mit Laube war er nicht zu
1711 2875 2832 2938 stand, wieder direkt einer obersten Hofbehörde, dem
523 2915 2832 3027 vergleichen, aber man sollte nicht vergessen, daß im Vor-Obersthofmeisteramt, und wie damals Hofrat Raymond
2907 1184 3309 1262 fungiert jetzt Hofrat
2907 1245 3324 1314 theater. Eine verzögen
2904 1285 3321 1354 Anlaß bietende Zw
2901 1325 3318 1406 An dieser tatsächliche
2904 1380 3321 1449 nicht mit neuen Expe
2901 1429 3321 1486 regung, dem Direkte
2901 1466 3303 1535 ministeriums an die
2895 1515 3315 1584 Das Wichtigste ist un
2901 1564 3315 1636 dings eine schwere
2895 1607 3309 1676 einen guten Finan
2895 1653 3324 1722 Leiter des Burgtheate
2892 1699 3321 1774 an einem Theater wi
2898 1745 3321 1820 wendig zu sein. We
2907 1797 3321 1866 früher Stellung be¬
2886 1840 3324 1909 letztgenannte es liebte
2892 1892 3315 1964 leiten, wie man den
2892 1941 3229 2004 entnehmen kann.
2973 1972 3321 2056 Was weiter in B
2895 2015 3312 2113 hervorragende Künst
2889 2084 3306 2159 daß die Epoche groß
2892 2130 3312 2208 Erfindungen nicht au
2886 2179 3315 2251 das Aufblühen ideal
2884 2225 3312 2297 Dichter und großer
2878 2280 3312 2346 welche grausam Alter
2875 2323 3309 2404 rühmten Darsteller ge
2884 2372 3306 2438 bien que mal, ausge¬
2884 2421 3289 2501 des neuen Direktors
2967 2472 3295 2542 Was die Versas
2881 2496 3303 2593 jetzt in Deutschland
2875 2564 3303 2662 beschränkt: Gerhart
2953 2625 3300 2702 Wie stellt kein
2953 2677 3309 2754 Und ist man stren
2964 2723 3286 2806 Vielfach mußte
2869 2766 3280 2849 ländischer Literatur
2878 2832 3280 2912 Publikum Novitäten
2958 2886 3300 2956 Unter diesen Um
2864 2927 3298 3022 dramatischen. Schöpfur
