3436 4320
290 152 1163 287 13 Miscellaneous
1343 185 1825 297 box 44/10
496 1225 1634 1298 samkeit zuzuwenden. Sollte es denn wirklich nur ganz
1667 1255 2809 1322 zunehmen. Wer lacht da? Gewiß einer, der das Stück
488 1278 1626 1342 wenige Stücke geben, die noch lebensfähig wären? Wir
1668 1296 2797 1355 weder aufmerksam gesehen noch gelesen hat. Schlenther
490 1329 1624 1387 möchten uns eine kleine Uebersicht gestatten und beginnen mit
1676 1338 2787 1414 führte uns die „Orestie" vor, ein anerkennenswerter Grif
493 1375 1620 1423 dem „Treuen Diener seines Herrn", dem dramatisch so leb¬
1656 1406 2793 1461 in das griechische Altertum, ebenso interessant als lehr¬
490 1416 1626 1480 haft bewegten Trauerspiel Grillparzers, zumal wir in
1663 1441 2657 1497 reich. Wäre es nicht Aufgabe unserer Hofbühnen
2708 1450 2797 1517 auch
490 1458 1626 1524 Bernhard Baumeister den vortrefflichsten Darsteller für die
1660 1475 2709 1551 einen Blick auf die deutsche Literatur älterer Zeit
491 1509 1620 1578 Hauptrolle besitzen. Wir nennen Schreyvogels reizendes
1657 1538 2793 1599 werfen und dem Publikum einen Schatz zu weisen, den
487 1549 1612 1619 Lustspiel nach Moreto: „Donna Diana." Alfred Berger
1654 1579 2789 1647 es auch aus Lektüre nicht kennen dürfte. Wir meinen
500 1607 1615 1666 setzte Hebbels „Herodes und Mariamme" in Szene, wäre
1653 1619 2789 1695 das tiefgedachte, poetisch empfundene, rührend ergreifende
484 1664 1606 1722 es da nicht angezeigt, das Gegenstück, nämlich Friedrich
1656 1676 2778 1745 dreiaktige Drama Klopstocks, das um so merkwürdiger ist
484 1694 1609 1759 Halms „Griseldis" zu bringen, in der Hauptrolle über¬
1656 1721 2787 1791 als es vor Lessing geschrieben wurde: „Adams Tod." Um
487 1742 1615 1810 dies wie geschaffen für Frau Medelsky und in der Rolle
1651 1768 2779 1823 wie viel pietätvoller geht man doch in Frankreich vor
484 1791 1612 1859 des Percival für Reimers? Und da wir Friedrich Halm
1647 1818 2787 1887 Wie hält die Comédie Française altklassische Stücke fest in
481 1846 1609 1908 nannten, wäre nicht seiner herrlichen Bearbeitung des Lust¬
1649 1869 2779 1920 ihrem Repertoire! Wäre August v. Kotzebue ein Fran¬
487 1894 1607 1954 spiels „König und Bauer nach Lope de Vega zu ge¬
1657 1911 2783 1978 zose gewesen, er wäre von der französischen Bühne nicht
484 1935 687 2002 denken?
1651 1961 2782 2016 so ganz verschwunden, sowie ihn auch der vielgerühmte
1646 2015 2773 2077 Direktor Heinrich Laube nie ganz fallen ließ und jahraus
558 1989 1400 2079 Und traulich kosend sitzt beim gold'nen Wein
1642 2056 2712 2120 jahren am Faschingdienstag den „Wirrwar“ aufführte,
564 2052 1558 2121 Ein Freund beim Freund, der König und der Bauer!
1725 2110 2776 2173 Weiterschreitend möchten wir aufmerksam machen auf
558 2121 1602 2195 Von Laubes Stücken möchten wir vor allem an den
1642 2150 2776 2208 Mosenthals „Ein deutsches Dichterleben" und auf „De¬
467 2171 1606 2248 geistvollen „Monaldeschi" und an den „Statthalter von
1642 2200 2772 2266 borah", auf das psychologisch so interessante Stück Franz
473 2224 1609 2279 Bengalen" erinnern, von Gutzkow wäre der „Königs¬
1640 2242 2762 2305 Nissels „Ein Wohltäter, im Burgtheater 1856 mit leb
469 2276 1596 2329 leutnant" und „Das Urbild des Tartuff neu zu in¬
1649 2296 2762 2360 haftem Beifall aufgenommen, endlich auf das so glücklich
477 2315 1596 2391 szenieren — und Brachvogel: verdienen „Nareiß und
1637 2343 2758 2408 erdachte „Preislustspiel, Eduard Mauthners. Selbstver
469 2370 1599 2428 „Prinzessin Montpensier nicht, der Vergessenheit entrissen
1642 2390 2752 2459 ständlich will diese Aufzählung keine erschöpfende sein
473 2421 1596 2474 zu werden? Von Heinrich v. Kleist wäre das unsterb¬
1632 2438 2766 2506 möge sie nur zu weiterer Nachforschung Anregung bieten!
460 2459 1596 2520 liche „Käthchen von Heilbronn“ dem Repertoire wieder
1722 2488 2766 2547 Was speziell die einaktigen Stücke anbelangt, so wäre
460 2516 1599 2569 einzufügen. Man pflegte es in früherer Zeit am Katha¬
1630 2543 2760 2601 aus dem Theaterarchiv manches Wertvolle hervorzuholen.
460 2565 1595 2627 rinentage zu geben, so einer Stimmung des Publikums
1636 2577 2765 2662 Wir nennen beispielsweise: „Eine Partie Piquet, „Feuer in
460 2604 1595 2664 entgegenkommend, wie man auch um die Zeit der Aller¬
1637 2627 2760 2695 der Mädchenschule", „Ich speise bei meiner Mutter, endlich
464 2653 1595 2728 seelenfeier den „Müller und sein Kind“ aufführte. Weshalb
1634 2674 2762 2731 das so tief ergreifende Stück der Delphine Gay (Madame
459 2708 1596 2772 man dieses wertvolle Stück im Burgtheater fallen ließ, ist
1632 2719 2760 2790 Girardin): „Die Furcht vor der Freude. Sind das Stücke
460 2751 1590 2806 nicht recht zu begreifen. Fünf Vorstadtbühnen spielen es
1637 2766 2762 2827 französischer Autoren, so können wir auch wertvoller Ein¬
453 2800 1589 2856 alljährlich bei überfüllten Häusern in Nachmittags= und
1626 2820 2758 2868 akter deutscher Schriftsteller gedenken, und hier möchten
457 2844 1590 2907 auch Abendvorstellungen. Das Publikum will einmal das
1626 2866 2760 2927 wir aufmerksam machen auf Siegmund Schlesingers
463 2890 1595 2965 altbeliebte Trauerspiel durchaus nicht missen, und es ist
1626 2902 2755 2966 Lustspiel „Mit der Feder", das gewiß nicht veraltet, und
454 2944 1590 3000 nicht einzusehen, warum unsere Hofbühne sich diesem
1626 2961 2755 3010 auf das reizendste aller reizenden einaktigen Stücke „Am
453 2988 1582 3052 Drang entgegenstellt. Nach unserer Ansicht wäre das Stück
1634 3003 2755 3066 Ende der Marie Ebner v. Eschenbach mit der vielleicht
457 3044 1579 3111 auch zum Vorteil der Kasse, wieder in das Repertoire auf
1617 3053 2549 3144 brillantesten Rolle unserer Wilbrandt=Baudius,
2922 1264 3357 1331 Aber wir sind noch
2837 1298 3361 1367 noch einen Einakter zu ne
2830 1356 3357 1427 aktige Trauerspiel „Denon
2826 1410 3358 1471 Berger, dem nun entschlaf
2831 1450 3364 1521 zeigt von Bergers Bescheide
2846 1500 3357 1568 1873) mit lebhaftem Bei
2829 1541 3354 1615 Burgtheaters aufgenommen
2826 1593 3355 1666 Gelegenheit zu einer Glan
2830 1642 3351 1710 Szene setzte, obzwar er als
2831 1690 3363 1761 gehabt hätte. Das Burgthe
2817 1738 3324 1801 dies statt seiner zu tun.
2827 1781 3334 1849 parzers „Esther-Fragment
2817 1836 3351 1897 wäre wohl die würdigste
2819 1874 3351 1940 begabten, den sie nun
2829 1927 3337 2002 Ehrengrabe gebettet haben.
2898 1978 3348 2056 Ich zögere, ob ich m
2813 2033 3351 2106 regung erlauben darf, nä
2813 2079 3347 2148 Anschauung näherzutreten,
2819 2133 3350 2201 (Konversationsstück, Lustspi¬
2807 2174 3343 2245 werden möge, so wie in
2816 2222 3330 2295 der Fall ist. Man mag die
2813 2273 3346 2330 dem Franzensring wie im
2810 2319 3343 2377 Dimension einzuschränken,
2795 2371 3337 2424 und es bleibt die schlechte Aku
2807 2413 3331 2472 Geist in seiner flüchtigsten
2804 2467 3343 2533 denken ein bescheidenes Hau
2813 2509 3348 2567 solcher Stücke entsprechen
2804 2562 3303 2627 Goldprunk und Marmor
2804 2600 3324 2671 auch die Ausstattung im
2802 2650 3337 2715 lungen dieser Art! Einig
2813 2697 3223 2765 sehe sie noch vor mir
2802 2739 3340 2806 ein grün gemaltes Zimmer
2799 2795 3340 2858 rot gestreift, eine Gartenpart
2799 2837 3340 2900 Laube kam noch ein Salon
2795 2888 3319 2946 genuß strömte, lächelte aus
2793 2941 3337 2996 Also würde es auch jetzt sei¬
2792 2985 3337 3060 Bergerschen Epilogs so recht
2965 3037 3326 3135 Im neuen Haus
