3344 4320
169 196 1028 306 13 Miscellaneous
1219 195 1703 311 box 44/10
1501 1137 1608 1243 79
941 1303 2133 1379 sehen, mit denen wir uns strangulieren. Wenn die
944 1363 2136 1428 höhere Macht, deren Hand uns zu fassen kriegt, ein
950 1415 2142 1471 Dichter ist, dann braucht er die Verantwortung nicht
950 1471 2134 1529 auf das Schicksal abzuwälzen, und dann erst hat
950 1512 2124 1572 er das Recht, es zu tun. Nichts ist begrenzten
941 1571 2130 1626 als die Ewigkeitsidee, zu der ein Tändler erwacht,
944 1621 2133 1682 und von dem, was die Liebe mit dem Tod vorhat,
942 1672 2130 1727 davon hat ein Schnitzlerscher Sterbemann noch
941 1720 2124 1769 nicht die leiseste Ahnung; wenn auf solch amourse
947 1764 2128 1819 Art die Zeit vertrieben ist, folgt nichts nach, und
944 1806 2131 1879 Herzklopfen ist nur eine physiologische Störung. Daß
944 1861 2125 1925 Schnitzler Arzt ist, damit mag es zur Not zusammen¬
941 1913 2121 1968 hängen. Daß Medizin und Dichtung sich in ihm wun¬
941 1959 2128 2014 dersam verknüpfen, ist uns bis zum Unwohlwerden von
941 2005 2122 2070 den Feuilletonisten auseinandergesetzt worden. Das,
941 2060 2124 2118 worauf es ankommt in der Kunst, das Patienten¬
944 2113 2121 2168 erlebnis, haben sie weder behauptet, noch hätten sie
942 2164 2127 2216 es zu beweisen vermocht. Um Dichter zu sein, muß man
938 2212 2127 2262 nicht eigens Laryngologie studiert haben, ihr etwaiger
944 2262 2124 2323 philosophischer Hintergrund läßt sich mit der Praxis
944 2307 2116 2366 bequem ausschöpfen, und wenn man selbst in der
938 2353 2118 2414 Medizin gedanklich weiter vorgedrungen wäre, als der
935 2400 2122 2455 Beruf erfordert und erlaubt, so würde das noch immer
941 2455 2118 2513 nichts neben der geistigen Eigenmächtigkeit be¬
938 2504 2121 2558 deuten, die im künstlerischen Schaffen begründet ist.
933 2546 2115 2614 Nur eine Plattheit, deren Jargon von einem, der
941 2602 2118 2665 sich über den Tod Sorgen macht, behauptet,
935 2656 2118 2708 er mache sich über den Tod Gedanken, scheint es
929 2698 2118 2761 auch für ein geistiges Verdienst zu halten, und wenn¬
932 2747 2119 2809 gleich Schnitzler gewiß besser ist als jene, die ihn so
932 2800 2119 2852 richtig verstehen, so hat sein Werk doch Anteil an der
926 2846 2115 2904 Banalität einer Auffassung, die es mit der zweifelhaften
938 2892 2112 2953 Geistigkeit der Medizin zu verklären sucht. Diese ist
927 2946 2112 3013 ihr die geheimnisvolle Wissenschaft, die geradenwegs
932 2998 2115 3057 in die Geheimnisse des Menschen und des Lebens
935 3042 2112 3097 hineinführt. Ein Rachenkatarrh ist die Gelegenheit, um
924 3097 2118 3157 alles zu erfahren, und wenn man den Leuten nur tief
930 3151 2115 3204 genug in den Mund hineinsieht, so weiß man auch, was
932 3192 2119 3261 sich im Herzen tut. Schnitzler ordiniert zwar nicht mehr,
