3392 4320
304 214 1159 340 13. Miscellaneous
1342 232 1831 335 box 44/10
617 547 1700 656 Die thaten es ihm an, und er schämte sich sehr der heimischen
1778 560 2967 723 mit welchen er den Wienern die Wunder der symbolischen Dichtung
517 624 1703 728 Afterkünste für die Gartenlaube und die bildersüchtigen Herren vom
518 660 872 735 Ring und der Börs.
1778 659 2968 779 zeigte, aber man kam nicht um des Maeterlinck willen und der Andern,
1769 716 2574 804 denen es galt, sondern um den Bahr zu hören.
611 716 1697 819 Von den Bidern und Malern ging er zu den Büchern und
1864 777 2964 854 Nicht, daß sie ihn allzuheftig lieben, durchaus nicht. Heimlich und
517 783 1697 861 Dichtern, hörte und las die neuen Wunder der Moderne, welche wie
1769 825 2961 922 laut, daß sie fast bersten vor Gift, ärgern sie sich über ihn, die guten
518 828 1694 928 seltene, köstliche Archideen aus dem plumpen, stinkenden Cadaver des
1769 869 2962 975 Freunde besonders; wogegen wieder Andere sind, die ohne Verständniß
514 887 1698 972 Naturalismus erblähten, versenkte sich in die schönen und tiefen Verse des
1763 922 2964 1009 die Köpfe schütteln und die Achseln zucken, weil sie Nichts von sich selber
512 936 1692 1036 kargen Mallarmé und las die perverse Trauer des Dichter=Vagabuden
1763 985 2956 1089 in ihm finden, was doch jeder vom Dichter will, den er versteht. Sie
503 979 1692 1092 Verlaine, die rührt und reizt. Den mystischen Sär Peladan lernte er
1763 1038 2955 1135 werfen ihm vor, daß er ein Chamäleon sei, weil er seinen Stil immer
503 1050 1688 1152 kennen, der mit erhabenen Gesten wie ein assyrischer Herrscher durch das
1766 1090 2953 1188 ändere und seine Ziele in der Kunst. Ihm aber macht das Nichts, aber
500 1093 1686 1208 Leben wandelt, das köstliche „nouveau jeu des Lavedan und die „joie
1763 1141 2952 1247 schon gar Nichts. Es ist ihm sogar sehr recht, denn diese guten Leute
500 1155 1683 1252 triste des Anatol France. Auch den schelmischen Rod und den uner¬
1758 1205 2949 1295 besorgen ihm die nothwendige Reclame, die er keineswegs verachtet, und
500 1213 1686 1318 gründlichen Barras, welcher seiner Seele verwandt schien. Und da sah
1758 1262 2953 1357 es kostet ihn Nichts. Er ist darauf bedacht, daß sie von ihm immer
500 1262 1686 1358 er, daß der große Hugo mit seinem ehernen Worte Recht hatte, daß
1751 1322 2944 1409 wieder reden, er läßt sich auf dem Umschlag eines Buches als Zauberer
488 1324 1683 1426 dieses Paris wirklich das Gehirn der Welt war. Oder doch der Kunst,
1757 1366 2946 1445 abbilden und widmet das Buch seinem Hunde, er nimmt bekannte
485 1373 1679 1459 die immer neue, seltene Noten fand, die sie vertieften und verjüngten.
1760 1408 2938 1521 Persönlichkeiten, versieht sie mit andern Namen und stellt sie auf die
491 1423 1673 1517 Ja, dieses mußte die echte Kunst sein, nach so viel irrendem Wahn und
1757 1469 2943 1568 Bühne, daß alle Leute sie erkennen; und das freut die Leute, sie laufen
488 1469 1676 1571 tastenden Wünschen, welche galt. Ihm wurde unsagbar gut, wie
1751 1517 2937 1608 in das Stück und sind stolz, daß sie errathen. Sie merken sich aber
491 1535 1679 1643 schmeichelnde Geigen sang es in seiner Seele, und mystische Hände
1745 1580 2941 1664 den Namen dessen, der so seltsame Späße macht, der sie verblüfft und
482 1595 1673 1691 spielten leise über seine Nerven, daß es ihn schauerte. Da wußte er,
1748 1635 2937 1739 reizt. Und er selber hat sein Plaisir daran, „pater les bourgeois,
479 1646 1673 1731 daß die echte Kunst die Dinge im Leben nicht mit plumpen Griffen be¬
1745 1676 2019 1752 das gefällt ihm.
490 1695 1671 1793 singert und mit mustenden Blicken beängt, in gemeiner Deutlichkeit,
1845 1739 2935 1834 Wie den Naturalismus, so hat er den Symbolismus überwunden,
479 1755 1667 1854 sondern, daß sie nach kößlichen und seltenen Zeichen sucht für die Deutung
1739 1787 2932 1894 denn sein Geist ist frei und leicht und läßt sich nicht in Fesseln schlagen.
470 1804 1670 1911 geheimer Lebensräthsel. Und er überwand den brutalen Naturalismus
1739 1852 2934 1936 Alles, was starre Formel und Schablone ist, haßt er und verläßt er,
473 1858 1083 1954 und pflegte die Kunst des Symbols.
1739 1909 2576 1971 und weil er sie flieht, ist er Symbolist geworden.
572 1912 1664 2017 Die faustischen Dränge in ihm aber feierten nicht, und er wanderte
1836 1956 2926 2052 In seiner Heimath war noch Alles beim Alten, die Künstler malten
467 1965 1665 2077 weiter. Am sonnigen Ufer des Guadalquivir schlenderte er hin, müßigen
1736 2028 2928 2095 noch, wie man Bilderbogen malt, sie malten die Gedanken früherer
473 2014 1662 2111 Ganges, doch suchenden Sinnes, wo süße Düfte und braune Gitanen
1737 2067 2923 2159 Malergenerationen, nicht ihre eigenen; und eben so machten es die
461 2083 1661 2177 ihm wonnig die Nerven schaukelten. Dann wieder quer durch Europa
1734 2110 2929 2221 Bildhauer. Die Einen und die Andern wußten Nichts davon, daß der
461 2137 1655 2236 hindurch, nach dem hohen Norden, daß er auch die kalte Pracht der
1731 2168 2925 2260 Künstler auch etwas Anderes thun kann, als Bilder malen und in
470 2188 1658 2281 stolzen Czarenstadt kennen lerne. So blieb ihm von den Säulen des
1736 2230 2926 2311 Marmor hauen, sie wußten Nichts von der intimen Kunst der Wohnung,
460 2260 1649 2329 Hercules bis zu den hyperboreischen Grenzen Nichts unbekannt, und die
1730 2267 2923 2372 der Möbel und Geräthe, das überließen sie den Tapezierern und Tischlern
470 2300 1656 2411 Seele Europas, die nackt und durchsichtig vor ihm lag, wurde die seine
1728 2348 2920 2420 und andern Handwerkern, die immer nur das wiederkauten, was Andere
458 2354 749 2420 ohne Geheimniß.
1721 2383 2919 2484 lang vor ihnen von sich gegeben. Da kam er, den das ekelte, und offen¬
448 2392 1650 2511 Und er kehrte heim in sein liebes Wien. Dieses galt ihm als die
1727 2430 2922 2523 barte den Künstlern seiner Heimath, daß sie nicht nur für Museen und
451 2477 1650 2561 wahre Heimath, es ist ihm verwandt, denn er hat die Wienerische Note.
1721 2492 2917 2577 Ausstellungen schaffen sollten, sondern auch für Privatwohnungen; er
452 2526 1650 2616 Das Weiche und Spielerische, das an schöne liebende Frauen erinnert und
1727 2559 2917 2646 zeigte ihnen, daß man die feinsten Schwingungen der Künstlerseele, all
451 2582 1647 2667 womit die Wiener Luft erfüllt ist, das streichelt ihm kosend die Nerven
1719 2607 2911 2701 ihr Ahnen und Drängen ebenso in einen Sessel oder in ein Trinkglas
449 2636 1644 2722 und weckt Resonanz. Nur zu capuanisch, zu duselig, war sie ihm immer
1715 2649 2917 2758 legen könne, wie in ein Bild oder in eine Büste; er lehrte sie, daß es
445 2690 1643 2776 nur Sonntag! Es sollte doch auch einmal Montag werden, und kein
1719 2724 2911 2818 auch Sessel geben müsse, die nicht zum Sitzen, Gläser, die nicht zum
449 2733 1640 2833 blauer, wo wieder gefeiert wird! Frisches Leben wollte er schaffen, eine
1715 2754 1948 2835 Trinken sind.
443 2796 1638 2883 wienerische Kunst. Und er ließ sich nieder im alten „Griensteidl", das
1812 2812 2908 2907 Aber über diesem heiligen Kunstfrühling, dem er die Bahn wies,
446 2842 1640 2947 damals noch ein alter verrauchter Kasten war, und der treffliche Heinrich
1716 2878 2907 2962 vergaß er nicht die Kunst der Heimath, der Provinz zu pflegen. Von
445 2910 1638 2996 credenzte ihm Café und Literatur. Um ihn aber schaarten sich die jungen
1712 2916 2908 3025 Linz, der Provinzstadt, war er ausgegangen und über Paris, Peters¬
443 2943 1634 3043 Dichter Wiens und die es werden wollten, und er schuf mit ihnen die
1712 2983 2719 3067 burg, Madrid und Wien war er wieder dahin zurückgekehrt.
445 3004 1641 3097 Moderne, welche die steilen und wilden Dränge der Natur bezwingt und
1809 3029 2898 3136 Er wird nicht dort bleiben, er wird auch die Heimathskunst und
443 3065 1634 3160 die Kunst der Nerven pflegt. Da saßen der schelmische Carlweis und
1712 3089 2901 3179 die Secession überwinden; denn seine Seele ist nicht auf eine einzige
437 3116 1632 3203 der heimliche Schwazkopf, der seine Feder lächelnd in tödtliches Gift
1712 3136 2904 3224 Note gestimmt und nicht auf zwei oder drei. Sie nimmt immer neue
440 3169 1628 3263 taucht, und J. J. David, der eigentlich C. F. Meyer heißt, was er nicht
1712 3188 2898 3286 Töne auf, die sie mit feinstem Gehör wahrnimmt, bevor die Andern sie
440 3214 1637 3320 sagen will. Die waren nur dabei, aber sie brauchten nicht erst erweckt
1712 3244 2901 3339 hören. Darum ist er immer ein Anderer. Eben darin ist er immer
436 3290 1637 3366 zu werden, wie die Andern, der Schnitzler mit der Locke und dem „süßen
1703 3300 2895 3386 Derselbe. Das ist das Geheimniß seiner Art. Seine Devise ist das
434 3330 1625 3414 Mädel" und der feine und tiefe Beer=Hoffmann und besonders die
1710 3360 2895 3452 Wort des köstlichen und tiefen Barras: „Car il n’est qu'une chose,
428 3386 1622 3476 ganz Jungen, welche strebten und tasteten. Die entdeckte er und ver¬
1709 3405 2616 3492 que je préfère à la beauté, c'est le changement“.
430 3440 1623 3540 kündete sie der Welt. Den großen Hoffmannsthal, welcher kühl und tief
1806 3465 2895 3560 Das ist die künstlerische Formel dieses Bahr. Ich denke, ich muß
425 3483 1628 3578 ist wie ein See, in dem sich das Leben spiegelt, und Meister ist der heim¬
1703 3495 2396 3603 sie kennen, denn ich bin ja er selber....
425 3537 1626 3634 lichen Symbole, welche die Menge nicht versteht; und den seltenen Macasy
1800 3581 2878 3673 Anmerkung der Redaction: Wir beeilen uns mit dem Ab¬
427 3601 1628 3685 pries er, den Niemand kennt, den lieben Bératon, den frischen Andrian
1695 3633 2881 3705 druck dieser Arbeit, denn bei der rapiden Art, mit der der Herr Ver¬
427 3660 1626 3760 und den einzigen Altenberg, dem das beredte Geheimniß des Gedanken¬
1698 3666 2883 3742 fasser seine künstlerische Gesinnung und Ausdrucksweise zu wechseln
434 3694 701 3769 strichs kund ist.
1697 3711 2883 3784 pflegt, könnte sie leicht nicht mehr zutreffend und antiquirt erscheinen:
1692 3750 2883 3835 bis eine Arbeit von ihm gedruckt wird, ist er ja meist schon ein Anderer,
524 3762 1622 3846 Aber indem er diese und noch Andere entdeckte, entdeckte er sich
1694 3790 2296 3873 als zur Zeit, da er sie verfaßt hat.
431 3813 1622 3908 selber. Ueber dem Entdecker vergaß man die Entdeckten oder achtete
427 3867 1622 3947 ihrer geringer. Man vernahm die fremden Namen, die er verkündete,
422 3919 1610 4018 aber man merkte sich nur den seinen. Man ging in seine Conferenzen
