3392 4256
275 107 1141 239 13. Miscellanos
394 1149 1339 1230 fähigen Gesellschaft hat die Produktion nicht
392 1199 1336 1267 im mindesten gereizt oder befruchtet. Man
394 1245 1331 1325 spielt dort, was man ebensogut wo anders
395 1299 1334 1371 spielen kann; die eigensinnigen Dichter nahmen
388 1344 687 1409 keine Fühlung.
432 1396 1328 1473 Berlin lebt sehr schnell; wenn es eine
385 1428 1327 1510 Formel für ein wirkliches oder angebliches Be¬
380 1499 1325 1561 dürfnis gefunden hat, so braucht es nicht immer
382 1548 1331 1612 zehn Jahre, um mit derselben Bestimmtheit
379 1593 1326 1667 das Gegenteil zu verlangen. Man kann Rein¬
382 1638 1325 1712 hardt nur würdigen, wenn man den stets An¬
385 1689 1187 1764 geregten, unermüdlich Ueberzeugten
382 1740 1241 1811 Symptom, als Exponenten der wechselnden
372 1778 1188 1861 dürfnisse auffaßt. Damals hieß es:
1230 1799 1319 1855 viele
374 1831 1212 1901 Theater für verschiedene Bestimmungen
380 1882 1222 1957 ferenziert. Heute heißt es: ein Theater
378 1928 1312 1998 Volk, ein Gott. Fünftausend müssen es minde¬
379 1977 1321 2050 stens sein, unten die Bankiers, oben die
375 2029 1310 2096 Arbeiter und Studenten; die Masse soll sich
374 2087 1313 2149 als Masse genießen, und sie soll vor allem durch
368 2124 1302 2201 ihre Gewalt, durch ihre Einigkeit inspirieren
373 2176 1304 2244 Der griechische Traum ist über uns gekommen,
372 2221 1302 2291 das Theater wird wieder zu einem großen um¬
372 2267 1300 2337 fassenden Fest, zu einer ergreifenden Kult¬
363 2325 1297 2394 handlung, und der dionysische Taumel wird
363 2381 1304 2440 aufgefordert, sich auf die Versammlung herab¬
367 2412 552 2476 zu stürzen.
406 2466 1302 2533 Wo gibt es heute solchen Taumel, einende
360 2511 1291 2592 Ergriffenheit und Begierde? Am vorletzten
356 2556 1286 2641 Sonntag, als die Sonne noch nicht aufge¬
357 2616 1288 2685 gangen war, fuhr ich zum Flugplatz Johannis¬
350 2660 1295 2739 thal hinaus, zwischen Tausenden von Auto¬
353 2718 1291 2784 mobilen, zwischen Zehntausenden von Fuß¬
353 2759 1295 2823 gängern und Radfahrern, die sich durch Staub
346 2816 1164 2869 und Benzingestank hindurcharbeiteten
344 2847 1295 2931 die alle dasselbe Gesicht hatten. Hier war Zu¬
346 2898 1293 2975 sammenhang zwischen oben und unten, arm
344 2959 1167 3026 und reich, dieselbe sinnliche Erregung
1210 2969 1287 3030 und
339 3000 1205 3075 Spannung, dieselbe wollüstige Bereitschaft,
340 3049 1289 3122 in einem allgemeinen Spasmus auszulösen.
1326 142 1802 240 box 44/10
1371 1175 2313 1239 wenn der moderne Bodenmensch sich vom Boden
1371 1233 2306 1283 glücklich erhebt. Die Masse kennt heute ein
1366 1277 2307 1340 eigenes Glück, und dazu bedarf es nicht einmal
1371 1310 2301 1386 besonderer Veranstaltungen. Die Großstadt
1374 1366 2296 1424 selbst ist zum Theater geworden, zu einem amü¬
1371 1417 2304 1479 santen Ungeheuer, das uns mit täglichen und
1373 1458 2151 1521 stündlichen Sensationen unterhält.
2210 1471 2307 1526 Das
1365 1515 2301 1580 öffentliche Leben strotzt von den Wundern der
1367 1560 2298 1628 Technik, dehnt sich zu rauschvollen Dimensionen;
1358 1613 2295 1683 die Häuser werden immer höher, die Straßen
1359 1660 2289 1721 breiter, alle Verkehrsmittel gewaltiger, es
1353 1709 2293 1767 donnert unter der Erde, es braust in den
1358 1761 2295 1825 Lüften. Warum soll allein das Theater von
1352 1805 2293 1867 diesem Wachstum, von diesem Rhythmus, der
1353 1856 2293 1913 nimmer nachläßt, sich ausschließen? Unten
1358 1906 2289 1970 Fünfhundert und oben Fünftausend, wenn es
1353 1956 2287 2021 nicht mehr sein können; in der Arena Lärm
1353 2005 2294 2068 und Bewegung als präzise Funktion vom
1349 2051 2285 2122 Scheinwerfer verklärt, im Amphitheater eine
1347 2106 2278 2158 dunkle Masse in stumpfer Erregung: auch das
1349 2153 2241 2233 ist Haschisch fürs Volk, dionysischer Taumel.
1391 2227 2280 2286 Das Theater soll wieder werden, was es
1346 2283 2278 2343 gewesen ist, die Kultstätte der großen Zere¬
1349 2334 2279 2394 monie, und den humanistisch gebildeten Ober¬
1351 2377 2273 2441 bürgermeistern, die sich für Festspielhäuser be¬
1351 2436 2274 2494 geistern, schwebt gewiß etwas vor von bekränzten
1342 2482 2265 2543 Männern und Frauen, die schön gewandet im
1349 2527 2265 2595 Zuge schreiten und patriotische Lieder singen,
1336 2578 2268 2636 da man sich über die religiösen leider nicht mehr
1335 2627 2268 2693 einigen kann. In diesem Amphitheater, das auf
1339 2681 2262 2739 einem Hügel stehen muß wie Wagners Bai¬
1341 2733 2262 2792 reuther Haus, kann man die griechischen Tra¬
1341 2781 2265 2843 giker bestimmt, kann man auch zur Not einiges
1340 2832 2262 2884 von Shakespeare, Goethe, Schiller geben. Aber
1332 2880 2262 2946 was dann? Reinhardt sieht schon weiter, und
1336 2921 2254 2979 die optima fides, die man ihm immer zuschrei¬
1331 2971 2262 3028 ben muß, beschwingt seine Hoffnungen. Sobald
1323 3019 2257 3101 die Klassiker für die Arena arrondiert sind,
1325 3069 2253 3155 rechnet man auf den Gladiatorenmut unseren
2345 1178 3271 1251 heutigen Dichter. Die Hauptmann und Hof¬
2344 1248 3259 1316 mannsthal sind bereits ersucht worden, groß¬
2337 1290 3268 1348 zügig und volksmäßig zu empfinden; man rech¬
2337 1340 3265 1412 net auf die fruchtbare Begeisterung, die von der
2352 1387 3256 1447 festlich harrenden Menge ausgehen muß. Unser
2337 1426 3261 1508 Dramatiker, denen Reinhardt ein Volk bietet,
2337 1492 3255 1564 um sie auf die bekannte Linie der Großzügig¬
2337 1535 3262 1598 keit, der festspielmäßigen Beredsamkeit zu
2331 1579 3260 1650 bringen, werden, wie ich fürchte, sehr verlegene
2334 1630 3266 1713 Gesichter machen. Es wachsen die Räume, es
2336 1682 3255 1761 dehnt sich das Haus. Die Bühne wandelt sich
2331 1731 3259 1817 und glaubt sie damit auch wandeln zu können.
2325 1785 3255 1851 Als sie sich zu den Kammerspielen und anderen
2325 1842 3256 1915 architektonischen Bijous verkleinerte, wurden die
2325 1887 3248 1966 Dichter aufgefordert, intim, graziös und plau¬
2326 1933 3243 2004 derhaft zu werden. Kaum hatten sie recht er
2328 1988 3252 2066 folglos versucht, sich klein und niedlich zu
2319 2040 3253 2114 machen, da will die öffentliche Begeisterung sie
2324 2089 3251 2159 auf ihrem Prokrustesbett schon wieder in die
2320 2138 3243 2202 Länge ziehen. Und dieses ist das letzte und
2328 2179 3238 2254 schwerste Mißverständnis; man bildet sich ein
2313 2240 3240 2313 die gegenwärtige Literatur durch ein unge¬
2313 2279 3243 2358 heures Angebot an Mitteln und Aussichten in
2314 2344 3248 2417 eine fruchtbare Raserei versetzen zu können.
2317 2390 3241 2463 Vulgus schenkt ihr seine Seele zur Bearbeitung;
2313 2440 3232 2502 diese armen Dichter könnten es so viel besse¬
2312 2484 3239 2557 haben. Was versperren sie sich vor dem Gemein¬
2317 2540 3232 2605 sinn in ihren Eigensinn und ihre Einsamkeit
2302 2592 3234 2669 was jammern sie um den entflohenen Mythus,
2306 2639 3235 2718 der die alten Dichter, zugleich Seher und Weise,
2305 2703 3232 2762 emportrug. Hier auf diesen Bänken wispert der
2302 2743 3229 2824 Mythus rund um, hier wartet ein Volk, hier
2313 2790 3233 2875 flügelt der Genius, hier atmet die Begeisterung.
2304 2853 3234 2924 Sie brauchen nur das Dichterwort auszu¬
2302 2897 3223 2970 sprechen, und alles Sehnen hat seine Gestalt,
2308 2949 3227 3026 seine Vollendung gefunden. Die Dichter lassen
2305 2997 3229 3073 ihre Wangen vor verlangender Scham glühen;
2299 3043 3215 3120 sie werden etwas unbestimmt Feierliches emp¬
2309 3101 3230 3188 finden, sich klingen fühlen, als ob sie selbst
