3344 4352
226 179 365 284 13.
407 189 720 267 Miscel
1267 203 1732 297 bo 44/10
1411 1134 1719 1201 DER KIEBITZ.
1095 1376 2019 1490 Das geistreiche Wien.
1076 1620 1865 1705 Jawohl, nicht mehr ist unser Wien
1080 1686 1608 1768 Ein Capua der Geister;
1089 1748 1673 1828 Wir haben in der Literatur
1089 1802 1749 1904 Gar manchen grossen Meister.
1080 1901 1858 1983 Die Schreiberinnung ist sehr gross,
1097 1975 1752 2046 s gibt viel Erzeugungsstellen;
1086 2037 1817 2105 Wir haben Meister von der Zunft
1089 2095 1644 2174 Und sonderbare Gesellen.
1080 2192 1950 2268 Am reichsten blüht das Drama bei uns,
1080 2261 1641 2322 Es schaffen viele Firmen,
1089 2306 1858 2382 Doch tut die Heimat nicht gar viel,
1085 2374 1710 2476 Die Produktion zu schirmen.
1085 2494 1982 2563 Da haben zunächst wir Hermann Bahr,
1092 2543 1779 2612 Den ewig sprudelnden Bronnen,
1092 2599 1817 2674 Den Treffer die Wiener Muse hat
1095 2659 1838 2758 In der Linzer Ziehung gewonnen.
1086 2755 1741 2838 In Linz erwachte sein Talent,
1086 2831 1838 2901 Dort ward er sinnreich und hitzig,
1092 2890 1796 2952 In Wien war er Couleurstudent,
1095 2949 1820 3036 Dann ward er — czernowitzig.
1097 3043 1791 3141 Er reiste viel in Europa herum
1092 3122 1752 3202 Und suchte nach Sensationen;
1095 3185 1704 3248 Er lobte, was zu loben war,
1097 3233 1854 3328 Auch ohne sich selbst zu schonen.
1092 3324 1879 3417 Dank Isidor Singer's Wochen Zeit
1092 3397 1815 3476 Ist Bahr in Wien uns geblieben.
1095 3457 2023 3538 Man sagte, dass statt den Lesern die Zeit,
1092 3519 1835 3617 Der „Zeit er die Leser vertrieben.
