3344 4224
224 194 350 282 13
423 185 1083 306 Miscellaneous
1271 187 1745 293 box 44/10
418 426 578 511 Nr. 8.
1421 438 1890 517 Die Gegenwart.
2748 439 2855 533 121
411 563 1607 659 Lest beispielsweise wieder einmal „Schnee" darauf hin. Nie
1689 580 2865 645 lichen Erscheinung im rothen Mantel, hingegeben. Das ist
415 632 1606 687 hat ein Andrer ein so bis in die geringste Kleinigkeit ge¬
1680 639 2861 705 ihr heimlicher Roman, sie ahnt keinen Betrug. Da hört sie,
424 687 1603 748 treues Bild von der damaligen Bildung der höheren Gesell¬
1680 692 2859 754 daß er verheirathet ist. Die kleine Tragödie steht auf ein
433 730 857 789 schaftskreise entworfen.
1680 744 2861 799 paar Seiten; aber sie ist so erzählt, daß sie in Deiner Er¬
515 786 1603 850 Ich fordere die, die sich über seine Menschenschilderung
1683 789 2347 856 innerung zu etwas Großem wird.
414 831 1597 895 beklagen, auf, das Buch vorzunehmen und sich darin umzu¬
1776 834 2858 904 Ich wollte, ihr besäßet Kiellands Werke. Sie sind sehr
432 878 1606 943 sehen! Es sind Personen darin, die nur die Seite zeigen,
1683 866 2855 952 billig zu haben. Dann sollte Einer oder Andere von Euch
418 932 1606 990 die Licht von den Verhältnissen erhält; aber das gilt weder
1686 931 2858 993 lernen, sie vorzulesen. Diese Kunst wird wenig bei uns ge¬
430 977 1606 1040 für den Pfarrer, noch für seine Frau; sie erhalten Licht von
1686 986 2865 1044 pflegt. An unsern langen Winterabenden würde sie als
424 1029 1606 1087 allen Seiten. Unvergeßlich als Denkmäler unsrer Cultur¬
1680 1034 2867 1089 gesellige Kunst allen andern vorangehen. Kiellands kürzere
418 1087 1606 1144 geschichte stehen sie da. Wie aus früherer Zeit der Haupt¬
1680 1086 2867 1137 Erzählungen — beinahe jede ist ein kleines Meisterwerk, sind
423 1132 1600 1192 mann in der „Familie auf Gilje" und der Commandeur in
1689 1134 2858 1192 sehr geeignet, die Kunst vorzulesen und die Kunst zuzuhören,
424 1174 1606 1240 den „Töchtern des Commandeurs von Jonas Lie. Es sind
1683 1185 2862 1252 zu üben. Denn es gehört auch Uebung dazu ein guter und
424 1222 986 1283 Schilderungen in dem Buch
1078 1220 1607 1282 wie das Capitel über alte
1683 1222 2238 1285 williger Zuhörer zu werden.
420 1273 1607 1340 und neue Musik; das Capitel, wo die junge, lebensvolle
1790 1276 2861 1347 Erinnert ihr Euch aus den „Arbeitern“ an das junge,
424 1322 1603 1383 Dame den Verlobungsring abzieht und davongeht; oder das
1683 1320 2862 1389 hochgewachsene Bauernmädchen, das nach Christiania kam,
421 1374 1607 1428 Anfangscapitel mit den Bauern, oder das Schlußcapitel, wo
1686 1382 2858 1433 und in das sich der Sohn des Staatsraths verliebte. Alexander
424 1415 1607 1482 die beiden Alten im Bett liegen — ja lest es nur wieder
1680 1422 2867 1483 Kielland war für die Parthie. Ebenso als die Tochter des
421 1465 571 1527 einmal!
1683 1476 2862 1528 Legations=Secretärs den jungen Fischer, mit dem sie draußen am
526 1512 1610 1577 Ich will auch auf einen bestimmten Mangel in diesem
1677 1524 2865 1585 Meer zusammen aufgewachsen war, haben wollte. Später über¬
417 1561 1612 1631 köstlichen Buch und in mehreren seiner Bücher aufmerksam
1680 1574 2861 1633 redeten sie sie, einen Pastor zu nehmen. Sie arbeitete für ihn
418 1619 1601 1679 machen. Er besteht darin, daß Kielland, wenn er den Kern
1686 1619 2868 1676 und sie gebar ihm Kinder; aber sie war nicht mehr sie selber.
421 1663 1610 1728 der Sache berührt, die Personen bei Seite schiebt oder richtiger,
1689 1673 2858 1734 Da geschah es, daß sie wieder ans Meer, an den Spielplatz
426 1715 1606 1781 sie zu zwei Zeitungen macht oder zu zwei Rednern, die sich be¬
1683 1713 2869 1781 ihrer Kinderzeit kam. Da erwachte sie, da sah sie sich um
421 1764 1616 1819 kämpfen. Sich bekämpfen mit den besten Gründen der Zeit
1686 1770 2865 1828 nach ihrem eigenen Leben und nach ihm, dem Fischer. Auch
430 1812 1606 1873 für und wider. Ich sagte zu ihm, warum thust Du das?
1691 1825 2861 1869 er hatte sein Theil durchgemacht, es hart empfunden, was
427 1864 1609 1928 Es schadet dem Buch, wenn Du die Personen nicht in ihrer
1689 1869 2871 1928 geschehen war; denn jetzt hielt er sich verborgen. Aber sie
421 1908 1616 1970 Art weitersprechen läßt. Da lachte er und sagte: „Das
1695 1913 2868 1976 fand ihn. Sie konnte nicht anders, sie ging hin zu ihm
424 1958 1607 2024 ändere ich nicht! Es macht mir Spaß." Ich nehme an,
1686 1966 2868 2026 und lehnte ihren Kopf an sein dickes Islandwams und weinte
423 2003 1610 2069 daß er wirklich so in Hitze gerieth, wenn er bis zu dem
1695 2011 2867 2070 sich aus. Das Wams roch nach Regenwetter und Fisch; aber
424 2057 1613 2118 innersten Motiv des Kampfes herankam, daß er sich nicht
1692 2058 2865 2117 das that nichts, da gehörte sie hin. Und Alexander Kielland
432 2108 1607 2178 Zeit nahm, was ihn bewegte in Fleisch und Blut umzusetzen.
1686 2111 2058 2191 war mit ihr einig.
427 2158 1607 2229 Oder vielleicht that er es auch nur, um die Kritik zu reizen;
415 2203 1095 2268 dazu hatte er eine starke Neigung.
520 2250 1613 2317 In seinen Angriffen auf unsre alte Bildung (gegen die
421 2299 1615 2368 wir jeden Tag des Jahres im Kampfe standen), ist ein
420 2357 1615 2424 Motiv, das immer wiederkehrt, weil ihm sein gutes Herz
1839 2351 2704 2412 Brief an einen literarischen Anfänger.
421 2403 1619 2460 keine Ruhe ließ es entsprach seiner Natur und seinem Wesen,
1864 2421 2680 2495 Einige Wahrheiten von Karl Bleibtreu (Berlin).
420 2451 1615 2511 hier Entdeckungen zu machen. Es handelt sich um den Mangel
421 2504 1615 2562 an Verantwortungsgefühl in der sogenannten guten Gesell¬
430 2547 1613 2607 schaft. Nicht zwischen den einzelnen Klassen; das behandelte
1792 2541 2871 2614 Doch trotz alledem und alledem, welche Kluft zwischen
424 2596 1610 2654 er für sich. Nein, es drehte sich um feinere Dinge: die
1692 2601 2868 2662 solch zerrissenem Stürmer und Dränger, der wie bei Aus¬
430 2647 1603 2707 Verantwortungslosigkeit im Verkehr mit unbefestigten, arg¬
1695 2651 2871 2716 gießung des heiligen Geistes in fremden Zungen redete, als
421 2690 1613 2763 losen Wesen, gegenüber Schwächeren und Fehlenden, gegen¬
1692 2704 2868 2756 sei er süßen Weines voll, und den glatten Faiseurs der
429 2747 1609 2807 über Denen, die sich aus Liebe opfern, gegenüber Hilflosen
1692 2750 2880 2799 Berliner Salon= und Philistermoderne! Auch soll dem Un¬
427 2786 710 2855 und Dummen.
1698 2796 2871 2852 seligen, der wenig geliebt, aber viel gelitten, und dem deß¬
530 2838 1613 2907 Schon in Garman & Worse — wie fühlt er mit dem
1689 2847 2871 2907 halb jede Unwahrheit verziehen werden muß, nie vergessen
433 2887 1612 2947 jungen Mädchen, das in die Stadt soll und Bildung lernen
1689 2889 2865 2952 werden, daß er als Opfer des Staats fiel, von einem ver¬
430 2946 1613 2995 Sie wird von einer raffinirten Frau bei Seite gestoßen und
1686 2944 2865 2999 nagelten Literatur-Vernageler wegen „Gotteslästerung" (!)
421 2986 1610 3046 als Deckmantel benutzt. Die Leute glauben, das junge Mädchen
1689 2990 2865 3055 hingestreckt. Denn daß Conradi an seiner Verurtheilung
427 3040 1606 3100 habe ein Liebesverhältniß und dabei ist es die Frau selber.
1686 3040 2861 3094 im Leipziger „Realistenproceß zu Grunde ging, daran be¬
427 3086 1610 3153 Und dann die kleine „Moosrose" Else! Woher kommt es,
1692 3085 2861 3147 steht kein Zweifel. Dieser Culturstaat mit seinen schmiß¬
424 3132 1606 3195 daß kein Werk jener Zeit mir so häufig in den Sinn kommt,
1686 3135 2865 3195 behafteten Corpsstudenten als späteren amtlich bestellten
421 3186 1607 3238 wie dieses? Dieses anmuthige, zarte Kind, ohne Vater und
1698 3188 2862 3243 Zionswächtern für Ordnung, Orden und Sittlichkeit hat als
424 3231 1612 3289 Mutter, so leicht und lustig, daß sie von einem Ende der Stadt
1680 3237 2859 3286 Moloch des Philisterthums schon so viele Autodafés gegen
424 3280 1607 3339 an das andre geweht wird, ohne irgendwo Fuß zu fassen.
1683 3285 2862 3333 alle Gottsucher des Idealen veranstaltet, daß es auf Einen
427 3334 1606 3385 Verkannt, mißhandelt, entblättert sie, verwelkt und geht ein.
1686 3325 2855 3391 mehr oder weniger nicht ankommt. Also Friede Deinem An¬
523 3382 1607 3436 Dann das Fräulein im „Pfarrhof!“ Sie führt ein ein¬
1689 3377 2858 3439 denken, vergessener Kämpfer! Dein Strafkarma hast Du,
433 3410 1555 3495 sames, ruhiges Leben mit ihrem Vater und ihren Blumen,
1680 3427 2861 3485 wie es scheint, nicht absitzen wollen, Dich vorzeitig selber
427 3482 1533 3536 bis eine flotte Gesellschaft auf einem Sommerausflug
1686 3479 2855 3536 davongemacht, doch es wird Dir nicht übel angerechnet werden,
424 3527 1610 3584 Thüren aufschlägt, und ein weltgewandter, junger Herr ihr
1680 3528 2859 3586 da Du Dein Dasein ohnehin nicht länger hättest behaupten
421 3579 1328 3634 oben auf dem Blumenhügel einen Kuß raubt,
1680 3573 2859 3630 können. Ein Idealist von nicht gewöhnlichem Geistesver¬
1370 3581 1609 3640 erst einen,
421 3621 1600 3679 dann noch einen, dann immer mehr. Ja, dann ist die Ge¬
1683 3625 2862 3679 mögen ohne das nöthige Kleingeld, kränkelnd ohne robuste
439 3678 1607 3736 schichte aus. Die Gesellschaft reist ab. Aber Du stattet ihr
1689 3678 2861 3730 Arbeitskraft, für solche Ausnahmemenschen hat die sogenannte
421 3730 1607 3790 nachher ab und zu einen Besuch in ihrer Einsamkeit ab, so
1680 3722 2861 3776 Culturgesellschaft nicht Raum. Irrsinnigen und Verbrechern
430 3769 739 3843 lange Du lebst.
1680 3773 2861 3854 gewährt sie stille Asyle, dem darbenden Poeten nicht mal
523 3818 1604 3878 Und endlich „Karen!" Sie ist ein kleines Mädchen, das
1685 3818 1961 3894 Gefängnißkost.
1776 3854 2862 3924 Wer die Muse als Berufshausfrau irathen will, be¬
421 3873 1607 3929 in einem Krug auf dem Lande in Dänemark aufwartet. Sie
424 3923 1606 3979 hat sich dem vorbeifahrenden Postführer, einer schönen, männ¬
1689 3921 2867 3997 findet sich in keiner rosigen Lage. Warum distet es uns
