3344 4352
211 240 385 353 13.
414 240 1090 356 Miscellaneous
1264 252 1744 367 box 44/10
304 1397 1446 1516 Kunst aus Erotik erwachse, wird hier am klarsten. Ja,
1478 1461 2626 1550 Reclameblüthe stand, ist heute fast völlig vergessen, ohne
2670 1484 3312 1553 der Jndianergeschichte, beherrsch
295 1501 1455 1562 allerdings, der Jüngling Shakespeare schuf einmal das
1481 1513 3303 1605 daß seine Gaben erhebliches Nachlassen erkennen ließen, wie Keiner. Mit markiger
301 1539 1440 1614 hinreißendste und umfassendste Liebesdrama aller Zeite.
1481 1562 2623 1637 Eine ursprünglich echte, obschon innerlich gebrochene,
2652 1588 3306 1666 ro, inden Jambenskelette tranzen
295 1585 1443 1657 worin er übrigens bezeichnenderweise sich keineswegs auf
1481 1608 2621 1681 Dichternatur spätromantischer Prägung, hat er seither
2652 1628 3306 1704 will in den Bann seines ung
295 1637 1435 1712 Verklärung der Erotik beschränkte, sondern gleichzeitig
1472 1652 2618 1738 äußerliche Effectmache seinen perversen ausgeklügelten Un¬
2658 1681 3271 1753 Specte vorüber, reibt man
298 1698 1443 1759 ein wunderbar seines Milienbild italienischer Renaissance
1478 1712 2623 1779 erquicklichkeiten gemischt. Etwas wirklich Originales fehlt
2652 1730 3315 1799 über den Spuk. Alles eitel Blend
301 1733 1440 1805 bot. Auch der reife Mann hat das gewaltigste Ehestands¬
1484 1756 2618 1828 seiner absonderlich bizarren Erscheinung, die nur als
2658 1776 3297 1843 fehlen in diesen Costümsticken,
301 1782 1446 1851 drama geschaffen, wobei wiederum auch andere als erotische
1475 1805 2621 1869 Copie einstiger romantischer Genialitätshascherei er¬
2655 1828 3306 1900 linger aus der Modergruft bese
298 1831 1443 1909 Motive, nämlich die Racenfrage und die Großmannssucht
1484 1851 2623 1921 scheint. Immerhin müssen sein krampfhaft brennendes
2658 1869 3300 1952 Phrasenpatriotismus mit Ho
289 1883 1446 1955 der Renaissance in Othello und Jago behandelt werden.
1469 1915 3306 1993 Haschen nach grellen Seelenconflicten und seine manirirt appellien, die leisesten Ansätze
298 1926 1446 1999 Doch wer würde nicht die großen Welttragödien des ältern
1469 1961 2597 2022 einseitige Productivität anerkannt werden. Der „gesunde
2655 1970 3297 2033 sich ei nal charakterisiren will,
295 1976 1440 2057 Shakespeare höher stellen: Lear, Hamlet, Macheth,
1469 2002 2612 2074 Wildenbruch ist für den Tieferblickenden eine vielleich
2641 2025 3283 2091 oder ist schöne Berlinismen,
295 2022 1440 2103 Coriolan, in denen die Liebe gar keine oder eine ganz
1475 2048 2618 2123 noch peinliche Gestalt. Während bei Voß doch wirklich
2641 2059 3312 2135 ein äußerliches Schemen wie zu
298 2074 1443 2146 untergeordnete Rolle spielt (Ophelia hat für Hamlet nicht
1469 2106 2612 2166 ein meres Leiden und Wühlen und Suchen erkennbar,
2641 2126 3312 2184 rich, wohl dem geistig am weni¬
292 2129 1440 2195 entfernt die Bedeutung wie Gretchen für Faust), wie es
1478 2140 2615 2216 scheint bei Wildenbruch, dem geborenen Theatraliker, alles
2641 2169 3309 2245 zeugniß des großen Bühnenmeist
289 2166 1443 2239 der wahren Wirklichkeit des Lebens entspricht! Und wie
1464 2201 2612 2271 aufs Aeußer che gerichtet. Nur sein erster Novellenband
2644 2219 3303 2282 Energie in de ersten beiden A
292 2219 1440 2294 diese, so gehen alle großen Dichtwerke von Aeschylos
1466 2247 2603 2314 entwickelte ei gewisse Vollblütigkeit, obschon diese Sache
2644 2262 3309 2340 schlecht" desgleichen, im „Mario
286 2268 1435 2334 bis Hebbel, nicht minder das Schaffen eines Michel An¬
1469 2291 2612 2357 heute recht tiquirt wirken. Seine tönenden Gedichte
2638 2305 3245 2383 tragischen Conflict, den er je
295 2320 1435 2383 gelo, Beethoven, Richard Wagner, durchaus nur vom
1472 2331 1689 2395 kamen nie
1779 2352 2603 2407 Rhetorik, seine Romane nie über leben¬
2647 2357 3312 2433 Tieck — ergriff, versagt der ent¬
292 2372 1438 2435 Gedanklichen aus, hocherhaben über das l'art pour l'art, die
1461 2381 2609 2476 digen Erzählungsvortrag hinaus. Jede Spur von Tiefe
2638 2407 3309 2482 denn nichts ist wirklich durchda
295 2412 1438 2485 sinnliche Schönheitspose oder sogenannte tendenzlose Ob¬
1469 2441 2505 2508 und Eigenart mangelt, nur die Selbstüberhebung
2644 2459 3312 2531 sondern alles nur bühnisch äußerli
286 2464 1432 2540 jectivität der Afterkünstler, der Amusement= und Luxus¬
1458 2488 2606 2554 eiteln Menschen hat sich im Roman „Schwesterseele" ein
2641 2514 3297 2569 wie Voß könnten aus der wahren
283 2522 1432 2597 trabanten, der Literatur für Literaten, die in der Form
1466 2534 2603 2603 eigenartiges Denkmal gesetzt. Ist er doch eine so feier¬
2638 2554 3315 2615 Haar verschwinden, und nicht ein
283 2563 1302 2635 das Sein zu erfassen meint, Schale ohne Kern.
1461 2574 2595 2658 lich posirende Natur, daß er die Rundfrage eines Witz¬
2641 2603 3306 2664 gar Neues ginge damit verloren.
382 2595 1426 2678 Und wie verhält sich nun hiezu das Leben der letzten
1458 2623 2606 2702 blattes an dramatische Autoren ganz ernst nahm und
2638 2655 3289 2719 der Literatur haben sie so wenig
278 2664 1432 2731 vierzig Jahre deutscher Literatur? Die letzten zwanzig
1466 2681 2609 2754 großartig die Frage „Wen halten Sie nächst Ihnen für
2635 2699 3286 2765 Notoritäten der Goetheisirenden
283 2707 1429 2777 hat die Epoche 1880 bis 1885 noch sehr zaghaft eingeleitet,
1461 2728 2603 2794 den Bedeutendsten“ beantwortete: „Björnson"! Ganz un¬
2638 2748 3159 2832 posirenden Epigonenkunst.
278 2765 2597 2849 als das jüngere, 1870 miterlebende Geschlecht sich zu reif erscheint die mehrfach aufgetauchte Behauptung solcher,
2733 2794 3289 2861 Da merkte man schon eher
278 2794 593 2872 rühren begann.
1458 2820 2600 2895 die es mit ihm nicht verderben wollten: seine berühmten
2626 2843 3312 2910 Versuchen des heute verschollene
382 2814 1432 2924 Außer den bekannten Aelteren, außer Lindau, Lubli¬
1461 2869 2600 2945 Stücke taugten ja nichts, wohl aber seine Novellen. Nein,
2629 2892 3309 2962 Hans Herrig, dessen schwache lyr
278 2913 1432 2968 ner, Blumenthal als Bühnenherrschern, trat damals
1458 2919 2600 2997 nur durch seine Theaterproducte besitzt er überhaupt eine
2635 2942 3312 3000 dramatischen Kraft entbehrte un
278 2953 1417 3028 Richard Voß hervor, bald verdrängt von Wildenbruch
1455 2965 2597 3046 literarische Physiognomie, sie allein bezeichnen die Art
2638 2997 3315 3049 geblicher Dramatiker nur Melodra
275 3002 1423 3069 der von 1884 ab auf der Tagesordnung stehen sollte und
1455 3017 2600 3092 seines Könnens. Ja, er „kann" ungeheuer viel, vom
2629 3049 3309 3104 aber wenigstens vornehme Ziele na
289 3049 1423 3118 sich mehr oder minder in seiner überragenden Stellung
1461 3066 2595 3135 Standpunkt eines Bühnenhandwerkers aus gesehen. Als
2632 3083 3309 3156 vorschwebten, ein schwächliches S
278 3098 1417 3159 äußerlich gehalten hat. Natürlich dürfte die Literatur¬
1458 3109 2589 3182 bloßer Theatraliker übertrifft er eigentlich selbst Schiller,
2629 3133 3315 3196 Symbolistik. Eine sonstige Wendt
283 3153 1423 3211 geschichte der Nachwelt ein wesentlich anderes Urtheil
1455 3156 2592 3231 Das, was der geistige Pöbel „dramatisch“ nennt, eine
2641 3182 3300 3248 sich eigentlich nur in Oesterreich
281 3199 2603 3323 schöpfen. Richard Voß, der eine Zeitlang in üppigster Art Echo aus der Kinderstube, die „Handlung" im Stil
2629 3228 3312 3326 scheidenen. Die ganze Epoche 1
