3436 4320
239 262 388 362 13.
431 265 1104 379 Miscellaneous
1285 271 1764 379 box 44/10
1625 1220 1918 1369 et
1575 1432 1663 1514 Ich
1020 1467 2216 1576 muß es mit tiefem Bedauern eingestehen: Was mich gegen mich
1026 1545 2217 1619 einnimmt, ist die Fähigkeit, in der papiernen Schande nicht zu
1020 1593 2216 1667 ersticken, die über die Schöpfung gebreitet ist: so daß es mir
1029 1640 2215 1724 gelingt sie bloßzulegen. In diesem Inferno des Tages alle eure
1029 1688 2212 1770 Sünden, jede einzeln, abzubüßen, weil die Kraft größer ist als
1020 1742 2209 1831 die Qual. Aber diese Qualität ist ein Wortepiel, und so werde
1019 1782 1311 1858 auch ich, erlöst.
1403 1921 1818 2000 Schnitzler-Feier
1056 1960 2201 2065 Als er fünfzig Jahre alt wurde, mußte er dem
1011 2034 2192 2122 Ansturm der Bewunderung entfliehen und den ereig¬
1008 2088 2191 2165 nisvollen Tag fern von Wien, irgendwo am Meere,
1008 2137 2197 2210 zubringen. Es hat Autoren gegeben, die älter wurden
1010 2176 2197 2262 und unbelästigt von Gratulanten an ihrem Wohnsitz
1008 2223 2192 2314 bleiben konnten. Unsere Explosionen haben keine
1008 2285 2185 2365 Ursache mehr. Die Zeit ist ein Knockabout; eine Flaum¬
1002 2323 2182 2408 feder fällt, und die Erde dröhnt. Wie kann ein Zartei
1004 2383 2189 2453 so von Begeisterung umtobt werden? Es ist im Ge¬
1005 2432 2185 2511 schlechtscharakter der Generation begründet. Sie alle
1008 2487 2183 2559 sind Söhne des Hermes und der Aphrodite, und ein
1010 2522 2183 2608 Kräftiger würde ihnen nur beweisen, daß sie Weiber sind.
999 2574 2186 2662 Die Position Schnitzlers im Weichbild der Gegenwart
996 2625 2177 2707 soll damit nicht geleugnet, sondern betont werden.
996 2672 2173 2745 Dem Unbeträchtlichen, das sie sich zu sagen hat, vor¬
990 2722 2177 2805 bestimmte Form zu sein, ist auch etwas, das von der
998 2769 2179 2854 Gnade einer schöpferischen Notwendigkeit stammt.
990 2823 2177 2905 Auch diese Zeit hat ihre Dichter, die sie sich aus der
999 2863 2176 2951 Unfähigkeit schafft, Dichter gegen die Zeit zu sein.
995 2920 2171 3003 Solch einer darf nicht mit solchen verwechselt werden,
987 2966 2170 3054 die sich die Zeit hält, und die unter dem Diktat eines
987 3008 2174 3099 fremden Bedürfnisses schreiben. Sie sind bloß das
987 3070 2171 3150 Zubehör und nicht der Ausdruck der Überflüssigkeit, und
981 3106 2168 3203 Arthur Schnitzler, ein konzentrierter Schwächezustand,
990 3167 2164 3246 darf mit dem Geschmeiß nicht verglichen werden,
978 3214 2165 3296 das Musik macht, wenn sich der Ernst des Lebens
978 3272 2165 3345 erholen will. Er steht zwischen jenen, die der Zeit
986 3317 2167 3405 einen Spiegel, und jenen, die ihr einen Paravent
