3392 4352
185 284 1052 416 13. Miscellaneous
1235 299 1716 422 box 44/10
861 1375 1740 1483 auch gegenüber dem Reservisten, der gut¬
867 1408 3265 1576 einberufen wird und der während dieser Zeit nicht in Reservisten, wie in nicht minderem Maße von den Erklärungen ein
99 1450 607 1546 dieser erschaften Artagung au
870 1507 1872 1573 der Lage ist, für seine Familie zu sorgen. Ja, die
1899 1516 2900 1597 Sprossen des Mittelstandes, die den Offizierstock tragen.
105 1525 613 1588 schnet. (Lebhafter Beifall. Zu
3113 1540 3262 1612 (Privattel
870 1558 1869 1618 Verteidiger der herben Staatsdoktrin finden sogar
105 1567 601 1621 Pinarsky: Das sollten
1976 1564 2900 1639 Auch die notwendig gewordene Erhöhung der
861 1606 1869 1662 noch schärfere Accente, indem sie dem Armen, dessen
105 1612 595 1668 y! (Erneuerte Zwischenrufe.)
1893 1606 2897 1695 Mannschaftsgebühren und Offiziersgagen steht auf der
3011 1615 3262 1695 Der Wiener
93 1650 625 1710 räsident gibt das Glock
864 1647 2900 1734 militärische Qualitäten zum Staatswohle geprüft und Tagesordnung. In einem eben erschienenen Werke,
2924 1665 3265 1746 hatte eine Unterre
108 1692 598 1749 hafte Zwischenrufe, anhaltende
867 1710 3259 1791 eingeübt werden, zurufen: Gewiß, du bist ein armer welches aktenmäßig die Geschichte der österreichischen österreichisch
108 1737 607 1800 Stransky: In keinem an
102 1776 610 1824 okratie qualitativ so tiefstehen.
99 1821 610 1875 gends legt sie eine so kolossal
948 1749 3268 1908 ten an den Adler von den hier der leichen Eichen Bitte der für unsicher.
864 1833 1480 1923 Stahl. Seite 27, vom 13. November.
135 1854 610 1908 österreichische Sozialdemoke
1887 1866 3250 1955 seine Kritiken nach Prophetenart zu gestalten: vereinigte, wurde
99 1893 607 1958 ahmen tief unter ihren Gesi
1887 1911 2891 1997 „Wahrlich, ich sage euch" — Urbild ist Nietzsche. Flugs
105 1941 586 2000 Deutschland und Frankreich.
2918 1941 3268 2012 reguliert. Die mo¬
105 1976 619 2033 für den Antrag Steiner ein. (
1884 1976 2891 2048 gab Salten seine klugen Kritiken nur noch als
2924 1988 3265 2066 geformtes Kleidung
1115 1973 1758 2102 Feuilleton.
105 2024 616 2075 teiner führt in seinem Sch
1881 2027 2888 2108 Manifeste an die Lesevölker heraus. Er ist
2918 2045 3247 2114 alter Siegelung,
117 2063 610 2117 sympathisch berühre, daß die
1878 2069 2891 2174 immer der Stärkere. Also auch in der Kunst.
2915 2096 3265 2165 Salzburgs erstand
99 2105 613 2171 nheit Stellung genommen hab¬
1884 2129 3265 2201 Seine kecke Novelle „Die Gedenktafel der Dingen hing der
96 2150 622 2210 die Regierung auch zur Re
1166 2147 1567 2248 Drei Einakter.
108 2195 622 2257 und zur Erhöhung der Mann
1884 2174 3265 2284 Prinzessin Anna", zählt zu den amüsantesten, flutenden Leben wi
99 2237 628 2293 hätte. Ironisch sei gesagt word
1175 2234 1534 2305 (Deutsches Volkstheater.)
1881 2228 2882 2305 die ich kenne, Und doch nur ein Augenblickserfolg! Der
2912 2248 3247 2317 gibt der Dichtung
105 2281 613 2329 werde, wenn er fortfahre, in
1881 2281 2882 2359 Leser fühlt, daß hier eine Brutalisierung der alt¬
939 2272 1848 2368 Felix Salten hat ein starkes Talent und dank¬
2915 2305 3262 2374 sich den Inhalt,
114 2320 625 2368 Bänken der Sozialdemokratie
1884 2338 3262 2416 italienischen Novelle, eine Kopie mit Unterstreichungen Gewändern der
849 2314 1848 2407 diesem eine besondere Stellung im Kreise der Wiener
102 2356 637 2431 ielohlawek: Da werden
1881 2395 3259 2461 vorliegt. Beginnt die Erotik alter Novellisten auf der Kunst hat das Pat
843 2398 1842 2473 Literaten: Er ist der Unterstreicher. Was andere leis¬
99 2419 637 2494 einer gibt demgegenüber der
1875 2443 3256 2515 ersten Seite, so fängt der Zynismus Saltens schon mit quellende poetische
843 2461 1842 2515 aussprechen, mit Anmut darstellen, mit Zartheit vor¬
102 2479 637 2527 das alte kaisertreue Tirol nien
1878 2500 3250 2562 einem der erotischen Ornament auf dem Titelblatte Inhalt ist. Arthur
852 2503 1842 2592 bringen, wird von Felix Salten verstärkt, verdickt
96 2524 634 2574 zialdemokratie sitzen werde. (Leb¬
1872 2542 3259 2616 an. Salten ist eben der Stärkere. Auch seine altdeutsche oft leicht spielen
93 2568 637 2622 lichsozialen.) Es wurde weiter
846 2556 1851 2631 kräftig unterstrichen und so sichtbar gemacht, daß
111 2607 637 2664 Partei sei eine Regierung
1872 2595 2873 2673 Novelle „Herr Wenzel von Rehberg" ist vorzüglich
2906 2604 3262 2673 gefühls, dann wiede
837 2595 1839 2670 niemand mehr an den Strichen vorbeikommt, ohne ver
93 2649 628 2700 ertreter der christlichsozialen P
1881 2649 2882 2724 geraten und lesenswert. Aber diese famose Erzählung
2903 2658 3259 2733 Wege des Gedanken
840 2655 1845 2727 blüfft auszurufen: Ah, der Salten!... Sein Sforzato
93 2685 634 2742 h, wird diese Partei so wie früher
1872 2706 2873 2769 unterstreicht wiederum nur den alten Chronikstil, und
846 2709 1836 2787 ersetzt ihm die eigene Note. Er wurde Meister des
2999 2709 3259 2781 Im intimen
93 2730 637 2781 ung im Interesse der Bevölkerun
1869 2757 2873 2820 während uns die lebendigen Schilderungen einfangen,
843 2760 1806 2826 Fortissimo. Als er noch seinen ersten Stil suchte
105 2775 631 2829 gleichgiltig, wer im Ministerium
2906 2760 3250 2829 Felix Salten das
1881 2799 2870 2867 schleicht immer die störende Frage heran: Woher hat
111 2808 631 2858 und Händeklatschen bei der
840 2817 1839 2879 wie man drei Stile Beethovens nachzuweisen pflegt,
2897 2823 3238 2885 Innerlich zu arm,
87 2826 625 2906 er hätte nur gewünscht, daß
1872 2864 2864 2921 er dieses und jenes? . . . So kann man niemals
837 2861 1842 2930 können in der Entwicklung Saltens sechs Stile unter¬
2897 2867 3256 2933 zu geben, teilt er mi
111 2897 631 2954 Sozialdemokraten geschehen w
1860 2900 2861 2981 durch sein Werk unmittelbar mit Salten, dem Autor
843 2915 1839 2990 schieden werden —, da bemühte er sich dort, wo sein
2891 2918 3256 2990 nicht das Sehnen
90 2942 589 2990 ielohlawek: Und daß
1866 2960 2867 3029 verkehren oder gar auf den Grund seines Wesens,
2897 2972 3238 3038 fürs Unterstreichen
837 2969 1839 3041 Vorbild mehrere Adjektive vor jedes Hauptwort stellte,
87 2969 640 3029 t in die Hofburg gegangen wär
1866 2999 2864 3080 irgend eines Wesens sehen — die Zwischenmenschen
81 3017 646 3089 en rechten Zwickel vom Schuhm¬
831 3011 1839 3089 diese Methode womöglich zu steigern. Als Felix Salten
2894 3023 3256 3092 Elemente heraus. D
87 3056 224 3113 iterkeit.)
1866 3065 2864 3134 oder Zwischenbücher bilden eine Scheidewand. Das
2894 3074 3256 3142 sich ohne einen klein
846 3068 1833 3140 seinen vierten oder fünften Stil suchte, war Harden sein
93 3071 613 3178 inarsky: Sie sind aus
1857 3116 3244 3193 macht die Schule. Felix Salten stammt aus einem gut zeigen kann, so
828 3128 1830 3202 Lehrer. Ließ Harden zuweilen das Subjekt des Satzes
1863 3154 3250 3229 Literaturcafé. Die Empfindungen schoben sich da rubel=mation einigen Tod
834 3181 1758 3238 weg — „Steigt auf die Tribüne. Hält seine Rede
87 3160 655 3238 einer: Ich bitte zum Schlusse in
1857 3205 2864 3277 weise zueinander; einer läutete voran, und die anderen
90 3226 652 3292 ssen einstimmig den Antrag an
2888 3226 3250 3292 drei Einakter „Von
840 3226 1827 3292 so schrieb Salten gleich ganze Abschnitte ohne Subjekt.
84 3259 586 3331 all bei den Christlichsozialen.)
1866 3253 3238 3343 folgten gehorsam nach, auf einem gemeinsamen, rechts Nebensinn hat, daß
831 3280 1830 3349 Dann kamen die kurzen Sätze. Die knappen Stilisten
87 3304 643 3382 inarsky bemerkt in einer
1857 3316 2858 3391 und links verzäunten Pfade. In dieser Gruppe mußten
2888 3325 3247 3400 mit kräftigem Arm
84 3346 431 3406 ba,
825 3331 1827 3400 bildeten solche mit nur zwei oder drei Worten; dem
1854 3361 3235 3439 die Galoschen, die Bucheinbände, die Freundinnen nach zum anderen Ufer
831 3379 1821 3456 Stilistenknappen genügten aber Sätze, die nicht mehr
1851 3400 3238 3483 dem gleichen Zuschnitt sein. Die Muster gingen im wohnen, und alles
819 3430 1821 3522 als ein einziges Wort enthielten. Alfred Kerr wurde der
1851 3453 3241 3549 Kreise herum. In dieser Gesellschaft, die manchen liegt, zur Verarbeit
