3392 4320
1271 204 1732 312 box 44/10
219 182 1082 320 13 nous
621 1123 3126 1193 Studienjahres an eine gereizte Stimmung, die bei geringen Anlässen über Stiegen ist für mich geradezu eine Pein und daher muß ich
628 1193 1851 1283 entzückende Aussicht nach dem Kahlen= und dem Leopoldsberg ge
1985 1197 3134 1283 Nichts liegt näher als ein Gespräch über die modernen
123 1242 383 1349 Grazie,
1881 1264 2033 1357 Dichter
625 1268 1855 1331 währen, wirkt wie ein Wahrzeichen ernster Arbeit und ästhetische
1996 1309 3126 1379 Auch hier zeigt es sich sofort, daß nur das wirklich
632 1327 1862 1383 Ordnungsliebe. Das alles umfängt den Besucher mit warmen
1885 1357 3138 1424 Dichterische auf die Dichterin wirkt und ihr Urteil beeinflußt. Sie
632 1372 1855 1428 Harmonie. Die delle Grazie ist in ihrer Ausdrucks
126 1364 294 1468 ernay.
1885 1416 3126 1476 hält Schnitzler für einen feinen, kultivierten Geist, der viel
628 1416 1859 1476 weise hochinteressant. Jede Frage, die sie beschäftigt
130 1424 613 1539 selle Grazie — der
1877 1465 3119 1520 mehr vermöchte, als er häufig gibt, und Hofmannsthal
636 1457 1851 1524 nimmt sie mit gespannter Aufmerksamkeit in sich auf, sie ant
130 1498 606 1576 in Fräulein rc. eben¬
1885 1513 3108 1569 für einen echten, bedeutenden Dichter. Die Ebner=Eschen
636 1509 1844 1573 wortet nicht gleich. Man sieht förmlich, wie sie darüber nach
126 1569 1851 1625 Duse oder der Rosa denkt, wie sie in die Tiefe taucht, wie sie sich konzentriert, un
1885 1558 3126 1617 bach entzückt sie und sie hält sie für einen bedeutenden
175 1606 1855 1669 nähere Bekanntschaft zu die Summe ihrer Gedankenarbeit fertig heraufzuholen. Wenn sie
1885 1613 3126 1669 Humoristen, als der sie jedoch ihrer Ansicht nach nicht genügend
190 1643 613 1706 daß ich einer richtigen
636 1651 3123 1717 dann spricht, so geschieht das mit fast südlicher Lebhaftigkeit, aus gewürdigt wird. Weniger günstig äußert sie sich über Gerhart
130 1654 610 1755 Aug in Aug gegenüber
1885 1699 3119 1773 Hauptmann. Sie erklärt „Die Weber“ für ein gelungenes
632 1703 1855 1762 einem schön=bewegten Temperament heraus, das ihrer Rede einer
138 1755 1859 1807 einen Ruck. Und sofort durchwegs kräftigen Rhythmus verleiht. Sie lacht laut und herzlich
1885 1758 3130 1814 Schulbeispiel und „Hannele" für eine poetische Schöpfung. Aber
134 1784 606 1862 und ich war bemüht, mi
1885 1799 3112 1855 sie hält Hauptmann nicht für einen Denker, wenn sie auch aner¬
639 1799 1851 1862 und hat eine merkwürdig charakteristische Beweglichkeit der rechte
134 1836 613 1896 sen und Eigenart eine
1885 1848 3126 1907 kennen muß, daß er mit kleinen Mitteln meist sehr wirksam zu
643 1848 1855 1918 Hand, die ihrer Rede ausdrucksvoll sekundiert. Aber es fliegen
204 1885 610 1955 ihrem Temperament
1885 1896 2145 1981 schaffen weiß.
636 1892 1859 1959 zuh tiefe, melancholische Schatten über ihre beweglichen Züge
160 1929 610 2004 Würde sie aus ihre
1993 1918 3123 2007 Ich war neugierig, wie sie über Ibsen denke. „Ich
632 1944 1859 2004 namentlich wenn sie davon spricht, daß sie seit ihrer frühesten
130 1967 610 2048 fürde sich ein Gedanken
1885 1970 3126 2063 halte Ibsen", meint sie eifrig, „für einen der größten Meister in
636 1989 1859 2063 Kindheit fast immer einsam gelebt, daß sie sich nur schwer an
145 2030 606 2104 und Bereicherung böte
1888 2037 3119 2108 seinen frühesten Werken, wie „Cäsar und Galiläer", „Peer Gynt,
636 2048 1822 2123 Menschen angeschlossen und niemals eine Freundin besessen hat.
1892 2089 3115 2145 „Kronprätendenten", aber weit weniger imponiert er mir in seinen
138 2078 617 2156 gten sich auf: Wie lebt,
747 2082 1862 2152 „Ich habe mich im Wesen und auch morphologisch sei¬
138 2115 3126 2197 Dichterin? Bis in die meiner Kindheit kaum verändert", sagt sie und in der Tat zeigt späteren partikulär nordischen Schöpfungen. Ebenso erscheint mir
1885 2182 3126 2245 Tolstoi in keinem seiner anderen Werke so hochstehend wie in
130 2178 621 2249 und Zweifel in meinem
639 2182 1855 2245 eine ihrer Photographien als siebenjähriges Mädchen vollkommen
1885 2230 3126 2294 „Anna Karenina". Das ist ein großartiges, geschlossenes Kunst¬
123 2230 610 2294 i der delle Grazie eintrat
639 2230 1855 2294 Aehnlichkeit in den kindlichen Zügen, den Ausdruck schwermütige
1885 2279 3126 2338 werk. Aber für den Größten, Bedeutendsten halte ich Dosto¬
123 2275 1866 2346 am, mir kräftig die Hand Ernstes, ja einen über das Kindesalter hinaus gereiften forschenden
1885 2323 3126 2383 jewsky, den Seelenergründer, von dem auch Nietzsche
134 2331 613 2394 alle meine Skrupel sofor
643 2331 1000 2409 sehnsüchtigen Blick.
1892 2375 3119 2435 sagte: „Daß er von ihm in der psychologischen Analyse zugelernt
134 2383 613 2442 Jawohl, innerlich fraglos
751 2349 1862 2439 Ich bin überzeugt, daß dieses merkwürdige Gemisch von
1885 2416 3115 2483 habe.“ Die delle Grazie ist ein philosophisch geschulter Geist, eine
130 2424 613 2491 äußerlich? Gottlob, nein
643 2409 1859 2487 Licht und Schatten, von hellem Temperament und dunkler Ge¬
1885 2468 3115 2524 Denkerin, der kein geistiges Gebiet fremd geblieben ist. In ihr
156 2472 606 2539 Unnatur. Eine liebens¬
628 2468 1855 2532 dankentiefe in einer Ausgesprochenen Rasseneigentümlichkeit wurzelt
134 2509 613 2584 se, hochkultivierte weiblich
747 2513 3115 2580 Die delle Grazie entstammt einer alten, bis ins XIII. Jahr lebt — wie nicht anders möglich — eine starke Gesinnungs¬
1636 2569 3126 2628 der citta¬ tüchtigkeit, jener sittliche Ernst, dem keine Sünde verächtlicher
141 2565 610 2647 wenn sie die tiefsinnigsten
643 2558 1520 2632 hundert zurückreichenden venezianischen Familie
1885 2617 3115 2677 scheint als die Fahnenflucht vor der eigenen Ueberzeugung. Und
141 2613 1851 2677 Mensch, den man sofort dinanza originaria Veneziana — und sie erlebte ihre frühest
167 2669 617 2732 so wurde denn die kurze
639 2658 3115 2729 Jugend bis zu ihrem neunten Jahre in Ungarisch=Weißkirchen, als wir von Nietzsche sprechen, entspricht es durchaus dieser
1885 2706 3108 2773 starken geistigen Selbständigkeit, wenn sie versichert, daß sie
130 2717 1855 2777 sime Aussprache mit einem Nach ihrer Schilderung war sie immer ein träumerisches, ein „ver
636 2755 3123 2829 stiegenes Kind und ihr Blick schweifte schon damals in stiller nicht ohne weiteres mit ihm durch „dick und dünn gehe,
126 2758 565 2840 der nur zu selten sieht.
636 2803 3123 2874 Sehnsucht über die alten Römerstraßen, nach den sichtbaren Trajans aber sie verdammt es, daß die meisten Beurteiler Nietzsches ihn
160 2810 606 2888 miteinander gesprochen
160 2851 3112 2918 das Wohnzimmer der tafeln jenseits des anderen Ufers. Die eigenartige Landschaft mit aus dem Grunde schlecht begreifen, weil sie nicht die ganze hoch¬
1877 2903 3119 2963 interessante Entwicklung dieses Protens verfolgen, sondern ihn,
639 2903 1851 2974 ihrem melancholisch=tragischen Charakter, die rumänische Bevölkerung
130 2907 610 2974 heimelnden Raum, de
1881 2944 3115 3004 weil er meist in Aphorismen gesprochen, nur für einen Aphoristiker
149 2955 1855 3026 wohltuender, bürgerlicher mit ihren klassischen und an die alten Lateiner gemahnenden Ge¬
643 2996 3141 3067 stalten, ihren schönen Weibern, alles das prägte sich bildhaft in halten. Selbstverständlich hält die delle Grazie Nietzsche nicht bloß
164 3011 610 3078 leiseste Dissonanz da-
175 3045 3115 3119 sogenannte künstlerische das phantasievolle Gemüt des begabten Kindes. So vereinigten für den hervorragendsten Stilisten, der der deutschen Sprache un¬
1885 3093 3126 3160 geahnten neuen Glanz und die höchste Formschönheit verliehen hat,
643 3100 1851 3167 sich altererbte Kunst= und Lebfreudigkeit des strahlenden vene
138 3104 621 3178 nur auf Nachlässigkeit
639 3138 2617 3208 zinischen Elements mit den düsteren Jugendeindrücken und sondern für ein epo hemachendes Genie.
141 3152 602 3208 es nicht, eine gute, sorg
1978 3156 3112 3245 Bei dieser Gelegenheit teilt sie mir mit, daß sie sich mit
130 3197 1855 3297 die leiseste Pedanterie nach befruchteten die hervorragenden dichterischen Fähigkeiten der
1862 3238 3126 3316 dem Gedanken an einen Dramenzyklus trage, welcher den Ae¬
130 3253 874 3342 ei Fenstern steht, die eine delle Grazie.
