3344 4320
248 95 1426 157 der „Armen Margaret 1910) den vreeder Beckermeister.
245 148 1423 203 Und wenn sie in Sprache, Kostüm, Denkart des 17. Jahr¬
254 188 1420 247 hunderts tiefer eintaucht als irgend der historische Roman nach
251 235 1420 291 Manzoni getan, so scheint auch das lediglich als eine Vervoll¬
254 279 1423 333 kommnung der Methode, die doch aber schon alle Nachfolger
783 320 1420 383 Aber es liegt auch hier etwas
254 332 742 380 Walter Scotts befolgten.
248 366 1423 416 anderes hinter dem Schein. Die Dichterin, die das historische
260 411 1423 470 Kolorit so glänzend meistert, will doch nicht vor allem die
272 451 1426 510 Realien“ darstellen, die „Kunstaltertümer, Sitten, Feste,
248 492 1423 551 Trachten und was sonst von Wilhelm Hauff bis zu
257 549 1428 599 Georg Ebers das hauptsächliche Argument des Geschichts¬
257 583 1426 636 romans bildet: den Geist der Gegenreformation will sie lebendig
257 627 1423 682 machen, macht sie lebendig. Das ist die Hauptfigur und Maria
254 668 1434 739 so gut wie Jesse, der Viertelsmeister von Steyr so gut wie die
251 712 1426 765 arme Margareth sind nur Symbole, nur Ausdrucksmittel. Diese
254 756 1428 811 atmosphärische Einheit hält die Charaktere zusammen und läßt
263 802 1426 856 die Handlung wie ein Naturprodukt aus ihren Bedingungen
254 847 492 914 hervorgehen.
308 875 1431 940 Man sollte sich deshalb auch bedenken, ehe man die große
263 925 1434 987 Künstlerin aus ihrer geistigen Heimat im 17. Jh. in das neun¬
260 974 1432 1038 zehnte jagt. Hätte sie die Vorsicht geübt, ihren Romanen einen
263 1015 1426 1078 Gesamttitel zu geben, etwa „Österreich im Zeitalter der Ferdi¬
260 1056 1434 1124 nande" (wie etwa Ompteda drei Adelsromane als „Deutscher
260 1099 1426 1153 Adel" um 1900 zusammengefaßt hat). — Niemand hätte etwas
260 1146 1426 1204 gegen die Vollendung der Reihe eingewandt. Aber auch hier
263 1193 1423 1246 muß dem Trieb zum Cyklus sein Recht werden. Manet malte
263 1234 1429 1287 die gleiche Landschaft in fünf, sechs verschiedenen Beleuchtungen
263 1281 1432 1338 — Enrica v. Handel den Geist der Gegenreformation unter
260 1325 1428 1376 dem Gesichtspunkt des Klosters, des Landadels, des städtischen
260 1363 1435 1445 Bürgertums. Und neue Gesichtspunkte werden sich ihr er¬
269 1416 394 1478 öffnen.
320 1429 1432 1508 Geht hier die Erfindung aus dem Geist der Geschichte hervor,
272 1495 1434 1558 so bleibt noch der weitere Schritt zu tun, daß sie hinter dem
275 1539 1435 1594 Geschehenen ganz zurücktritt. Wenn Dumas der Vater des
275 1586 1439 1639 Macaulay spottisch sagte, er erhebe die Geschichte zum Rang
266 1620 1435 1679 des Romans, so hat er mit diesem geistreichen Hohnwort doch
269 1663 1438 1724 auf die grandiose Übung von Jahrhunderten hingewiesen. In¬
266 1714 1435 1776 dem die mündliche Überlieferung der Völker aus den großen
272 1749 1439 1810 Erlebnissen der Stämme das Wesentliche heraushob, indem die
275 1801 1438 1859 psychologische Kunst und technische Verbindungsweise der Sänger
275 1851 1442 1902 diese Auswahl weiter stilisierte, entstand einst was wir Helden¬
283 1886 1438 1958 sage nennen, und als deren höchste Blüte das Volksepos, die
272 1936 1442 1993 „Ilias", die „Nibelungennot“. Ihre Monumentalität erreicht der
275 1973 1438 2031 moderne Einzelne nicht, aber auf diesen Wegen schritten doch
278 2014 1438 2080 schon Große und blicken nach hohen Zielen; Selma Lagerlöf
272 2072 1429 2115 mit der Gösta Berlingssaga, Heidenstam — in weitem Abstand¬
272 2102 1438 2158 mit den „Karolinern“ und den „Schweden und ihren Häuptlingen“.
276 2140 1444 2202 Auch an den verkleideten Geschichtsroman des Anatole France
275 2187 1450 2250 kann man erinnern und an die außerordentlich seinen Versuche
278 2231 1444 2291 Wilhelm Schäfers, alten Anekdoten epische Größe zu geben
281 2280 1263 2346 („Anekdoten" 1908; „Die Halsbandgeschichte" 1910).
323 2309 1447 2381 Zeigen schon diese fremden Beispiele, mit wie zwingender Kraft
278 2363 1448 2420 die Entwicklung sich vollzieht, so wird es an der dichterischen
286 2409 1447 2463 Evolution einer deutschen Dichterin noch heller klar. Wer
278 2448 1451 2510 konnte individualistischer beginnen als Ricarda Huch (geb.
283 2494 1444 2553 1864), die so durch und durch romantisch schien, die so anti¬
281 2538 1447 2595 historisch in „Ludolf Urslen" (1892) selbst die grause Ham¬
286 2585 1447 2645 burger Cholera zu einem düster vorbeihuschenden Schattenspiel
278 2629 1447 2685 verflüchtigte? Wohl nähert sich die „Triumphgasse (1901) jenen
286 2669 1453 2732 Stadtromanen der Schnitzler, Ertl, Bartsch; aber nicht Triest selbst
286 2713 1450 2774 wird Träger der Handlung, nur symbolische Teile der Stadt.
283 2760 1447 2817 Aber die beiden Bände des „Kampfes um Rom" (1906—1907
295 2804 1450 2849 — wie weit sind wir von dem Roman Felix Dahns, der
292 2846 1453 2905 1878 unter dem gleichen Titel das Entzücken der
282 2892 1450 2945 deutschen Lesewelt bildete!) und erst recht das Leben des Grafen
283 2935 1444 2996 Confalonieri“ (1910) sind ganz eigentliche Versuche, ein histo¬
286 2979 1450 3042 risches Epos in Prosa zu schaffen, wie jene großen Unbekannten
286 3021 1445 3076 ein solches in Versen schufen. Die Tatsachen, die die gelehrte
283 3067 1457 3126 und auch als Geschichtsschreiberin der deutschen Romantik wie
283 3108 1447 3161 des italienischen „Risorgimento" gefeierte Dichterin in sorglicher
292 3158 1438 3209 Arbeit festgestellt, gehen nun durch die anschauende Phantasie
295 3203 1464 3264 Der Geist erblickt die Gestalten und sieht in ihr Inneres; er
1469 85 2366 159 har de un pre¬
1466 157 2636 201 gedient, auch hier vereint sich Modernstes mit Antik=Monu¬
1466 195 2631 251 mentalem; aber die Tiefe der Gedanken läßt nur gesteigerte
2466 232 2633 288 kein Ge¬
1472 229 2359 281 epische Ausdrucksmittel zu. Ein Epos ist dies
1469 273 2635 326 dankenroman, wie etwa Wilbrandt sie zu geben versuchte. Ein
1478 317 2636 375 Epos mit einem Riesen=Atlas als Helden, der die Last einer
1475 361 2071 413 Welt trägt: Zarathustra=Nietzsche.
1520 401 2635 460 Das Gedankenmäßige aber kann auch in anderer Art den
1466 446 2632 499 Roman erfüllen. Wenn Enrica v. Handel oder Ricarda Huch
1480 492 2632 542 den Geist einer Zeit vergegenwärtigen, so kann auch dies ohne
1478 536 2641 585 Übermittlung von Gedanken und Gefühlen nicht geschehen, die
1466 574 2639 624 eben diesen Geist der Zeit ausmachen. In diesem Sinne sehen
1472 621 2638 677 wir auch Polenz, Zahn, vor allem Freussen bemüht, den Geist
1472 659 2641 720 der Zeit aus ihren Gestalten sprechen zu lassen. Einen histo¬
1464 709 2641 768 rischen Roman aus der Gegenwart, den historischen Roman der
1480 749 2635 798 Gegenwart aber sucht in diesem Sinne Helene Böhlau (geb.
1483 795 2635 847 1859) zu schreiben. Auch sie, wie Ricarda Huch und ungleich
1478 846 2642 892 Clara Viebig, ist durch recht verschiedene Erscheinungsformen hin¬
1472 881 2641 931 durchgegangen und ist doch im Wesen dieselbe geblieben.
1475 919 2641 978 Durchaus gehört ihre frühere Epoche der symbolisierenden
1478 971 2619 1022 Technik an: neben dem mit Recht berühmten „Rangierbahnhof
1478 1010 2644 1063 (1895) schon der viel wenig bekannte geistreiche „Schöne
1480 1053 2644 1106 Valentin" (1902). Dann geht sie durch eine Zeit eigentlicher
1478 1097 2644 1152 Tendenzschriftstellerei mit ihrem von wilder Empörung über
1478 1140 2644 1196 die angebliche Knechtung der Ehefrau erfüllten Roman „Halb¬
1475 1185 2644 1238 tier" (1889), der jene schnurgerade Erfindung nicht verleugnet,
1478 1228 2644 1282 mit der alle Tendenzdichtung sich selbst zu strafen pflegt.
1483 1270 2644 1326 Und dann kam das milde „Haus zur Flamm" (1907),
1478 1307 2644 1367 das in einem idyllischen Kreise alle guten Regungen
1486 1357 2641 1410 unserer Zeit um ein Herdfeuer vereint, alles, was sie an Liebe
1483 1401 2644 1454 und Langmut und Weisheit zum Aufbau einer neueren besseren
1483 1442 2644 1497 Welt aufruft. Doch bleibt es nicht, wie in den geistreich¬
1478 1486 2641 1547 barocken Halbromanen des bewußt antimodernen Gerhard
1483 1522 2614 1586 Ouckama Knoop (geb. 1861: „Sebald Sockers Pilgerfahrt
1486 1573 2632 1627 1903, „Sebald Sockers Vollendung", 1905, „Nadehda Badini
1492 1617 2644 1670 1906) beim Austausch sinniger Gedanken und witziger Wider¬
1500 1663 2644 1721 sprüche auch die Handlung oder, wie man doch sagen muß,
1492 1704 2647 1757 die Handlungen des Buches entspringen jenem Geist und stellen
1489 1746 2650 1804 ihn dar. Daß aber dabei, wie bei Marie v. Ebner manch
1489 1793 2478 1854 feines und gutes Wort fällt, wer wollte das schelten?
1526 1824 2650 1883 Helene Böhlau besitzt nicht die feurige Kraft, mit der der
1483 1873 2647 1933 Däne Johannes Jensen (wie einst bei uns Charles
1491 1917 2654 1973 Sealsfield, der ausgewanderte Österreicher) das Hohelied der
1492 1962 2654 2018 Neuen Welt singt und die aufregende Buntheit des amerikanischen
1489 2006 2648 2061 Lebens in lauten Schicksalen an uns vorbeirollen läßt.
1489 2046 2656 2103 Stiller, lyrischer ist die Atmosphäre ihrer Schriften; nicht um¬
1505 2092 2657 2150 sonst ist sie eine Tochter Alt=Weimars, von dessen klassischen Tagen
1492 2137 2658 2196 die reizvollen „Ratsmädelgeschichten" (1888) und „Altweimarischen
1500 2180 2654 2235 Geschichten" (1897) erzählen. Sie rückt sogar schon nahe an
1497 2230 2657 2287 die Gefahr heran, der andere erliegen: eine bloß lyrische Stimmung,
1489 2265 2656 2325 von einiger leichten Handlung und viel Gefühlsäußerung um¬
1492 2310 2658 2376 rankt, zum „Helden" sie machen. Das glückte Hermann
1500 2354 2658 2412 Hesse (geb. 1877) einmal, in seinem liebenswürdigen „Peter
1500 2398 2654 2451 Camenzind“ (1904), einer Modernisierung gleichsam von Eichen¬
1492 2435 2657 2509 dorffs unvergeßlichem „Taugenichts; es ist dem Norweger
1500 2485 2660 2553 Hamsun einmal geglückt in „Pan“, während sein Nach¬
1497 2528 2657 2592 ahmer Bernhard Kellermann (geb. 1879 in Wassermanns
1500 2573 2657 2629 Geburtsstadt Fürth, wie Knoop mit den beiden Mann aus
1497 2613 2663 2675 Bremen gebürtig ist) in seinen zarten, aber allzuzarten Land¬
1508 2661 2660 2722 schaftsromanen („Yester und Li" 1904, „Ingeborg 1906) den
1497 2716 2529 2764 Menschen ganz ins Elfen= oder Nixenhafte verflüchtigte.
1541 2748 2667 2810 So liegt in der Entwicklung des modernen deutschen Romans
1503 2801 2667 2851 eine klare, starke Entwicklungslinie vor — allein schon eine
1504 2835 2669 2896 Bürgschaft kräftigen Gedeihens. Die Doktrinäre haben überall
1505 2874 2660 2940 nur zu schelten; der eine warnt vor „Lyrismus", der andere
1500 2918 2667 2980 vor zu früher Sicherheit der Technik; dem ist die Wandelbar¬
1503 2967 2666 3026 keit des Dichters ein übles Zeichen, jenem seine Unveränderlich¬
1505 3005 2666 3070 keit. Dem einen ist der Roman zu geistreich geworden und
1503 3055 2670 3111 dem andern zu flach. Gewiß, Beispiele gibt es für all diese
1503 3093 2670 3164 Mängel. Daneben aber zeigt die deutsche Romandichtung
1505 3140 2669 3199 unserer Tage nicht nur einen Reichtum von echten Talente.
1511 3178 2688 3266 sondern auch eine Fülle von gesunden Tendenzen, wie keine
1514 3268 2547 3368 andere Literatur der Welt sie jetzt aufweist,
1511 3327 2481 3385 wie wir selbst sie auf diesem Gebiet kaum
1507 3360 2667 3431 saßen. Aber — noch mehr und noch größere Talente, und
1513 3403 2669 3478 stärkere und schönere Tendenzen nannte die Romantik ihr eigen
1508 3454 2669 3516 und hinterließ doch nicht ein abgerundetes größeres Meister¬
1508 3487 2666 3559 werk epischer Art. Wir dürfen auf die „Buddenbrooks" und
1514 3529 2660 3606 „Ludolf Ursleu“, auf „Hilligenlei", und „Jesse und Maria",
1511 3578 2673 3640 auf „Einsamkeit" und den „Rangierbahnhof“ wohl mit Stolz
1517 3616 2670 3695 zeigen. Und mehr noch dürfen wir uns freuen, daß diese und andere
1520 3660 2669 3744 große Begabungen, obschon sie sich unter kein dynastisches Joch
1510 3706 2672 3773 beugen und keinem Schulzwang gehorchen, unwillkürlich doch
1517 3745 2670 3816 einer großen Tendenz folgen, eine aufsteigende Bahn ver¬
1520 3788 2670 3866 folgen: den Weg, der aus dem oft mißbrauchten Roman endlich
1514 3845 2675 3898 wieder reine Kunst machen will — den Weg von der Er¬
1523 3873 2676 3957 zählung einer seelischen Entwicklung in irgendwelcher Form
1523 3919 2676 3992 zu der Epik und Prosa, die an Einzelnen die Schicksale eines
1523 3960 2676 4038 großen Volkes in bewegter Zeit darstellt und zugunsten der
1517 3999 2685 4086 großen Wirklichkeit auf alle Kleinkunft der Erfindung verzichtet!
