3108 4352
189 201 363 308 13.
390 204 1066 338 Miscellaneous
1249 213 1730 353 box 44/10
716 673 2793 798 K. u. k. KRIEGSMINISTERIUM (KRIESSFORSORGEAMT). WOLLARTEILUNG
841 789 1484 868 -
1541 795 2793 899 .............
865 877 2678 1011 Anweisung zur Anfertigung von Winterbekleidungssachen.
868 1002 2930 1112 1.) SCHNEEHAUBEN, hechtgrau, in Schlauchform mit 6 mm. Nadeln
597 1084 2949 1258 gestrickt, 2 glatt, 2 verkehrt, 42 cm. Umfang (ca. 96 Maschen anschla¬
597 1209 1212 1368 gen), 45 cm Länge.
838 1325 3037 1474 2.) WADENSITZEN, 40 cm. Umfang gedehnt und mit Körperbandstrupfen
591 1447 2934 1593 versehen, Anschlag 100 - 120 Maschen, 2 glatt, 2 verkehrt; nach 30 cm.
588 1560 2918 1672 ca. 20 - 25 Maschen abnehmen wie bei einem Strumpf ohne Ferse und Vor¬
576 1660 2955 1831 fuss, etwa 55 - 60 cm lang, sodass sie über die Knie reichen. Fest mit
582 1809 1663 1910 12er oder 14er Nadeln gestrickt.
850 1892 2934 2053 3.) FAUSTLINGE, ca. 30 cm lang, mit 12er oder 14er Nadeln ge-
585 2014 2961 2157 strickt, ungefähr 60 Maschen anschlagen, 36 Gänge immer 2 glatt, 2 ver-
576 2111 3010 2285 kehrt, 2 Finger breit glatt, dann dreimal 2 Maschen aufnehmen, doch immer
576 2257 2842 2367 5 Gänge darüberstricken; an dieser Stelle wird der Daumen gestrickt.
576 2388 2988 2510 Daumen: 8 Maschen extra anschlagen, 20 Gänge mit 24 Maschen in der Runde
579 2477 2915 2638 zum Schlusse bei jeder Reihe abnehmen. Vom Daumen dann 12 Maschen auf-
570 2595 2742 2754 nehmen und bis zum Zeigefinger 3 Finger breit glatt. Zeigefinger:
576 2693 2949 2860 4 Maschen extra anschlagen, 22 Gänge, 18 Maschen in der Runde rasch ab-
570 2836 2867 2961 nehmen. Für die übrigen 3 Finger 32 Gänge glatt, dann rasch abnehmen.
838 2940 2854 3089 4.) LEICHEN, grau 2 Streifen: 125 cm. lang je 30 Maschen An¬
576 3061 2888 3168 schlag, erster Streifen: 95 - 100 cm lang, 60 Maschen Anschlag, immer
576 3168 2857 3320 glatt fortgestrickt mit 6 mm. Holznadeln, sehr locker. Die Art der Zu¬
576 3284 2860 3412 sammensetzung ist im Kriegsfürsorgeamt ersichtlich. Stützeln 2 glatt,
573 3409 1980 3558 2 verkehrt, 9 cm. lang separat anstricken.
841 3528 2879 3671 5.) KNIEWARMER, Anschlag 14 Maschen, den Rand stets mit einer
576 3631 2888 3786 Kettelmasche immer glatt stricken; bei jeder vierten Nadel (Reihe je
582 3744 3031 3890 links und rechts eine Masche aufnehmen, bis 42 Maschen auf der Nadel sind.
582 3881 2885 3975 56 Nadeln werden ohne Aufnehmen gestrickt; nach diesen dann bei jeder
585 3969 2961 4131 Nadel links und rechts abnehmen bis wieder 14 Nadeln sind. Dieses Stück
591 4097 2952 4207 am Anfang und Ende zusammenstricken. Dies ist das Mittelstück des Knie-
