3344 4352
185 170 360 284 13.
392 171 1028 287 n
1243 189 1717 298 b 44/10
1407 1089 1710 1168 DER KIEBITZ.
1085 1228 1913 1297 Recht zierlich und geschmackvoll sind
1079 1300 1734 1355 Des Schnitzlers Modewerke,
1079 1351 1752 1429 Doch fehlt der rote Lebenssaft,
1088 1408 1714 1502 Des echten Schaffens Stärke.
1079 1527 1851 1600 Es ist darin französischer Geist,
1083 1594 1895 1651 Auch Wiener Luft und Nietzsche,
1085 1641 2038 1705 Selbst jüdischer Dreh, doch breit ich darob
1085 1704 1644 1775 Den Schleier der Beatrice.
1085 1828 1987 1900 Nun wend ich mich zu Hofmannsthal,
1094 1889 1919 1959 Von dem ich einst viel mocht hoffen,
1085 1953 1923 2013 Doch ward er jetzt zum Handelsmann,
1089 2000 1683 2086 Der macht in alten Stoffen.
1085 2102 1844 2186 In alten Griechenartikeln er macht,
1089 2185 1919 2254 Bringt mich dadurch aus dem Häusel,
1085 2242 2035 2298 Er machte aus Deutschlands Theater gern
1085 2307 1704 2383 Ein richtiges Griechenbeisel.
1089 2427 1842 2498 Altklassische Reste handelt er ein,
1097 2476 1672 2535 Wie öfters wir vernommen
1095 2534 1925 2599 Und sehr kulant — eine Karte genügt
1101 2604 2038 2683 Von Reinhardt, dann pflegt er zu kommen.
1091 2711 2024 2779 Verhunzen ein altes griechisches Stück,
1091 2779 1743 2838 Das bringt er leicht zu Wege;
1091 2832 1961 2901 Den Sophokles tötet zum zweiten Mal
1091 2887 1787 2987 Er durch elektrische Schläge.
1089 2991 1990 3061 Sein Freund Beer-Hofmann leider auch
1095 3070 1629 3148 Dieselben Wege wandelt,
1101 3123 1812 3190 Nur dass er als Modelowe, mehr
1101 3180 1816 3278 Mit englischen Stoffen handelt.
1091 3298 2002 3377 Aus England stammt sein Carolais,
1097 3362 1773 3444 Man konnte am Stück ersehen
1101 3419 2050 3496 Die richtige englische Krankheit, in Wien
1101 3476 1731 3564 Konnte es nicht richtig gehen
