3344 4256
167 202 310 306 13.
1225 200 1697 306 box 44/10
365 213 1036 321 s
1583 616 1713 675 —
836 668 1704 717 Auseinandersetzungen zwischen Matteo und
831 699 1697 778 Mandryka löst sich alles in das glückliche Ende
838 750 1198 811 einer Doppelheirat.
926 772 1697 851 Hiezu schrieb Strauß, wie Wallerstein
1486 831 1706 895 vertiefende
836 827 1442 888 sagte, erklärende, illustrierende
831 873 1697 934 Musik, Hofmannsthals Figuren bringen „ihre
836 919 1702 970 eigene Atmosphäre" auf die Bühne. (Es
838 956 1697 1016 wurde hier zu weit führen, die einzelnen
829 1007 1697 1053 Rollen zu schildern. Anschließend daran hörte
840 1053 1697 1102 man vier auf Schallplatten aufgenommene
836 1095 1697 1159 musikalische Beispiele aus den bis¬
836 1132 1697 1190 herigen Staatsopernproben zu „Arabella“,
840 1183 1697 1229 und zwar jedesmal Frau Lehmann¬
840 1225 1695 1275 Arabella zuerst im Duett mit ihrer Schwester
844 1269 1702 1319 (Helletsgruber), dann mit dem abgewiesenen
840 1317 1708 1363 Freier Grafen Lamoral (Knapp, ein neuer
844 1354 1695 1403 Baß), endlich Duett Arabella=Mandry
838 1394 1708 1471 (Jerger) und die Schlußszene des letzten
836 1442 959 1504 Aktes.
919 1460 1704 1544 Das neuartige Unternehmen, vor einer
836 1522 1711 1583 die ganze Musikwelt bewegenden Erstauf¬
844 1572 1702 1623 führung der Wiener Staatsoper das Radio¬
836 1614 1713 1667 publikum zu informieren, beziehungsweise im
836 1653 1702 1719 voraus mit Hörkostproben zu beteilen, fand
838 1695 1480 1774 gewiß ganz besonderes Interesse.
912 1794 1638 1898 Gefälschte Doktor= und
987 1873 1568 1974 Ingenieurdiplome.
1414 1952 1702 2016 besonderer Art
928 1952 1387 2018 Eine Fälscherwerkstätte
836 2001 1697 2058 wurde dieser Tage ausgehoben. Die Kriminal¬
844 2054 1702 2095 beamteninspektoren Lenz, Kepplinger,
1427 2093 1596 2155 Windt
838 2091 1370 2150 Eibelhuber, Bauer,
1625 2093 1713 2148 und
1471 2137 1702 2194 sich der vor¬
844 2131 1442 2194 Wansch hatten erfahren, daß
1473 2177 1704 2243 Franz Mo¬
840 2181 1436 2236 bestrafte 40jährige Mechaniker
840 2225 1711 2278 diaskova, Ludo Hartmann=Platz 4, schon
847 2269 1702 2311 seit dem Beginn des Jahres mit der Her¬
847 2311 1708 2364 stellung falscher Heimatscheine und
840 2350 1335 2410 von Doktor= und
1405 2353 1695 2414 Ingenieur
840 2397 1706 2447 diplomen befasse und daß andre gefälschte
844 2405 2465 2493 Dokumente für studentische Sammelstein eine even
840 2471 1876 2533 aktionen vom 42jährigen Blumenhändler werden.
844 2531 1700 2579 Karl Guschl, Bartholomausplatz 4, und von
1807 2513 2588 2592 Nach dem Bekanntwerden des Selbst¬
847 2575 2581 2623 38jährigen Chauffer Johann Wolfschütz, mordversuches meldeten sich zahlreiche Per¬
847 2614 1702 2671 Herbststraße 25, vertrieben werden. Alle drei
1741 2621 2597 2678 sonen als geschädigt, die angaben, daß
847 2656 1185 2720 wurden verhaftet.
1968 2663 2584 2713 ihm anvertraute Geldbeträge,
1730 2667 1922 2726 Sträußler
926 2676 2584 2753 Bei Modiaskova fand man in der deren Gesamtheit die Summe von 100,000 S
838 2724 2588 2814 Wohnung eine vollständige Fälscher erreichen soll, unterschlagen hat. Es ergab
840 2790 1603 2839 werkstätte und Letternmaterial
1739 2790 2496 2843 sich, daß der alte Notariatskandidat
847 2825 1618 2880 Werte von mehr als 2000 S, das
1733 2832 2533 2891 Doppelleben geführt hat. Während
847 2876 1697 2944 Mechaniker in einer hiesigen Druckerei ge¬
1733 2883 2502 2927 in der Kanzlei des Notars tagsüber
860 2911 1706 2975 stohlen hatte. Man fand aber auch ein
1739 2918 2588 2975 scheinend ein Pflichteifriger Beamter war, be¬
847 2953 1704 3014 Objektiv, das am 25. April aus der chemi¬
1730 2962 2590 3025 trieb er in seiner Wohnung Winkelgeschäfte
847 3010 2588 3061 graphischen Anstalt Baczaga u. Rauter in der aller Art, Kreditvermittlungen, Realitäten¬
844 3052 1392 3118 Frauengasse gestohlen wurde.
1733 3052 2502 3105 käufe und verkäufe sowie Geldgeschäfte,
963 3083 1590 3142 Wieder einmal der „Unbekannte".
1728 3096 2590 3142 denen ihm sehr hohe Zinsen bezahlt
937 3127 2036 3188 Modiaskova gab im Verhör im Sicher= werden mußten.
844 3153 1541 3232 heitsbureau vor Oberkommissär
1570 3186 1704 3252 Doktor
1816 3166 2597 3254 Die Einkünfte, die er aus dieser privaten
844 3228 1704 3278 Dornauer an, daß er im Auftrag eines
1739 3237 2595 3292 Tätigkeit bezog, verwendete er für seine Frau,
851 3272 1697 3327 ihm Unbekannten die falschen Heimat
1730 3285 2597 3331 die um vieles jünger ist als er selbst und an
853 3316 1704 3371 scheine und Ingenieurdiplome für russische
1733 3320 2590 3379 der er mit außerordentlicher Liebe hing.
851 3360 1706 3417 Emigranten hergestellt hätte. Zwei andre
1739 3368 2595 3421 Spekulationen, in die er sich eingelassen hatte,
838 3404 1706 3452 Männer, die er in einem Gasthause kennen¬
1739 3412 2590 3467 fügten ihm große Verluste zu, und um diese
847 3445 1704 3498 gelernt haben will, hätten bei ihm Drucksorten
1739 3456 2590 3511 zu decken, hat er sich dann an fremdem Geld
853 3492 2595 3544 für Sammelzwecke der Studentenhilfe an der vergriffen. Strafrechtlich wird er infolge
847 3533 2614 3593 Wiener Universität bestellt, und er habe diesen seiner geistigen Erkrankung wohl aber kaum
844 3577 1711 3643 beiden Leuten auch falsche Personaldokumente
1739 3577 2606 3661 zur Verantwortung gezogen werden können.
