3392 4352
295 181 1158 285 13. Miscellaneous
1347 181 1811 294 box 44/10
2067 115 3076 197 statue vor dem Akademiepalast. Seitdem heißt man
2065 178 3076 261 sie im Theater: die Dame mit dem bronzenen
2052 220 2247 291 Verehrer¬
2861 265 3071 347 F. R—a.
2153 346 2974 450 Wiener Coulissengeschichten.
2064 438 2543 502 (Der Geschmack ändert sich.
2634 442 3022 507 Die lizitirte Novität.
2064 494 3071 551 Der neueste Bataille. — Prozesse um einen Operetten¬
2067 527 3071 584 sänger. — Das Johann Strauß=Theater. — Wortspiel. —
2057 574 3068 650 Neue Operetten. — Der dekorirte Operettenkomponist. —
2359 612 2775 683 Dichter untereinander.)
2174 665 3072 740 Man kann jetzt beobachten, wie sich der Ge¬
2064 717 3074 796 schmack für französische Stücke ändert. Die Cochon¬
2055 789 3071 852 nerie wird langweilig, und die üblichen, alten
2061 839 3068 894 Schwerenöther, die im zweiten Akt in einem
2040 879 3071 944 Hotel oder Restaurant mit vielen Thüren aus einer
2056 934 3076 999 Verlegenheit in die andere stolpern, machen den Ein¬
2052 977 3104 1046 druck der oft gehörten Anekdote. Die Stücke dieser
2061 1024 3071 1084 Art gleichen sich seit zehn Jahren. Sie unterscheiden
2064 1071 3068 1132 sich nur dadurch, daß in dem einen der betrogene
2057 1128 3074 1189 Ehemann Duval und der Ehebrecher Durand heißt
2055 1179 3071 1227 und in dem andern ist es umgekehrt. Der französische
2060 1219 3083 1286 Normalschwank hat plötzlich versagt. In Paris ebenso
2061 1272 3085 1347 wie in Berlin und Wien. Ein neues Genre französi¬
2065 1316 3071 1381 scher Dramatik ist jetzt marktgängig geworden. Liebes¬
2061 1366 3071 1429 geschichten, mit Romantik garnirt. Der Wortwitz,
2061 1419 3071 1470 sporadisch gebracht, bringt Sonnenschein in die Hand¬
2056 1469 3072 1550 lung, die Situation stellt nicht mehr die Vernunft
2067 1507 2334 1591 auf den Kopf.
2171 1541 3064 1631 Von dieser Qualität ist Caillavet und de Flers
2064 1621 3066 1688 „Die Liebe wacht", welche Novität gestern im Burg¬
2067 1678 3071 1735 theater, theilweise reizend gespielt, sehr angesprochen
2069 1722 3071 1785 hat. Die Firma Bloch' Erben in Berlin, der dieses
2057 1771 3074 1838 Lustspiel gehört, hat es von den Wiener Theater¬
2056 1823 3072 1891 direktoren in die Höhe lizitiren lassen. Gegen eine
2057 1866 3060 1933 Tantiemengarantie von 8000 Kronen sollte es endlich
2067 1918 3071 1984 dem Deutschen Volkstheater zugeschlagen werden.
2056 1967 3072 2027 Das Burgtheater entschied sich dafür. Damit waren
2067 2021 3070 2074 alle Lizitanten aus dem Felde geschlagen. Zwei
2067 2065 3076 2119 Sachen waren dafür entscheidend: die Firma des
2067 2118 3075 2167 Theaters und der Umstand, daß dieses Wiener
2064 2156 3068 2238 Theater allein eine Abendtantième von mehr als
2064 2207 2549 2266 700 Kronen liefern kann.
2177 2236 3075 2325 Von dem französischen Genre, das jetzt gut
2057 2301 3072 2352 im Kurse steht, ist auch die Komödie „Der Clown"
2065 2356 3076 2431 („Le poliche“) von Bataille, die das Joseph¬
2067 2405 3070 2477 städter Theater nächsten Dienstag gleichzeitig mit
2061 2457 2653 2510 Berlin zur Aufführung bringt.
2170 2504 3070 2566 Der Viveur würdigt sich zur Rolle eines Ge¬
2069 2557 3074 2609 sellschaftsclowns herab, um die Zuneigung einer
2057 2604 3072 2667 Frau zu erringen. Sie lacht über ihn und ist sein.
2057 2653 3074 2702 Er geht dann daneben her, als Hofnarr der schönen
2067 2699 3071 2763 Frau. Und sein Herz blutet, wenn er sieht, daß sie
2064 2752 3074 2807 einen Anderen liebt. Der Andere betrügt sie und sie
2057 2797 3074 2855 bricht beinahe haltlos zusammen. Aber da faßt sie der
2057 2849 3066 2914 vermeintliche Polichinelle in seinen starken Armen auf
2064 2898 3072 2959 und findet Töne echter Männlichkeit, er wird ihr Herr,
2057 2939 3068 3001 er ballt die Faust gegen sie. Es liegt etwas Strind¬
2063 2994 3072 3066 berg'sches in dieser Situation. Und sie duckt sich davor.
2067 3038 3075 3097 Sie klammert sich an ihn, wie der Hund an den
2057 3091 3068 3157 Herrn der ihm die Peitsche zeigt. Der Triumph des
2061 3138 2244 3211 Mannes
2174 3178 3068 3251 Es währt nicht lange! Schon im nächsten Akte
2060 3236 3064 3296 ist er wieder der winselnde Weiberknecht. Und sie lang¬
2057 3285 3072 3338 weilt sich bei ihm. Noch einmal will er den Clown
2067 3333 3068 3396 spielen. Es verhängt nicht mehr. Sie verläßt ihn. Es
2064 3384 3068 3442 zieht sie zu dem zurück, der sie brutal betrogen hat.
2057 3430 3062 3512 Und der „Clown fragt schmerzlich: „Was zieht Dich
2057 3480 2236 3552 zu ihm:
2171 3496 3070 3592 „Ich weiß es nicht. Vielleicht, weil die Bekannt¬
2067 3577 3064 3644 schaft zu kurz war, weil ich ihn noch nicht ausge¬
2057 3632 3062 3706 kostet be, weil ich noch nicht fertig mit ihm war...
2177 3675 2975 3740 Es ist ein Stück Psychologie des Weibes.
2174 3724 3068 3782 Um den Schauspieler Treumann prozessiren jetzt
2061 3778 3064 3838 die Operettentheater. Treumann tanzt gut und singt
2057 3825 3068 3881 gut. Aber sein Können steht nicht im Verhältniß zu
2056 3871 3062 3938 den Prozessen, die um ihn geführt werden. Die Ge¬
2061 3918 3070 3986 richte haben ihn populär gemacht. Er hat zwei Wal¬
2057 3969 3063 4036 zen in seinem Leierkasten: den „Pfefferkorn" und den
2064 4015 3055 4082 „Danilo". Die beiden spielt er in einem Stück, mit
2057 4067 2958 4124 einer gewissen Liebenswürdigkeit, sehr wirksam.
2693 4116 3059 4179 sagte ein Bühnen¬
2195 4121 2613 4192 Aus dem Pfefferkorn"
2872 4158 3062 4206 abbinats¬
