3344 4320
206 196 1081 322 13. Miscellaneous
1257 218 1732 308 box 44/10
1666 1226 1758 1293 81
1107 1368 2293 1440 den Weg ins Freie gefunden habe, hierauf dem
1110 1402 2298 1493 Ruf des Lebens gefolgt sei und den einsamen Weg
1107 1457 2293 1540 beschritten habe, um in den Marionetten zu den
1107 1508 2295 1586 tiefsten Aufschlüssen vom Puppenspiel des Lebens zu
1104 1564 2286 1640 gelangen. Wie es für den Künstler zeugt, daß jeder, der
1100 1617 2282 1684 sich mit ihm befaßt, immer wieder mit seinen Worten
1104 1653 2286 1730 seine Werte zu fassen bekommt, so ist die stereotype
1100 1697 2282 1778 Berufung auf jene allzu schmackhaften Symbole für
1094 1746 2280 1838 ihren Bereiter charakteristisch. Die Schicksalsküche
1164 1801 2283 1883 Ilt andere Genüsse her als Bilderrätsel und
1096 1850 2274 1932 Buchtitel, die jeden ausgewachsenen Anatol nach¬
1088 1912 2279 1985 denklich stimmen, und die Hingabe ans Grenzenlose,
1088 1954 2271 2035 die das Rathausviertel mitmacht, ist mir verdächtig.
1091 1991 2273 2080 Es ist ein Aberglaube, daß der Künstler für das Klische
1082 2052 2273 2130 nicht verantwortlich ist, das mit ihm fertig wird, und
1087 2110 2270 2175 so glaube ich, daß ein Buch, durch welches mit
1088 2148 2268 2228 Stundenglas und Hippe Freund Hein schreitet, vom Ein¬
1087 2200 2267 2277 gang zum Ausgange, nicht zu hoch über dem Niveau lebt,
1078 2259 2267 2322 auf dem solche Vorstellung zustandekommt. Man
1084 2298 2267 2379 hört das Schnitzlersche Problem anklingen, die ewige
1079 2345 2261 2433 tieftraurige Frage des Dichters überhaupt, aber solcher
1079 2382 2262 2459 Frage ist solches Ohr nicht unerreichbar. Die Zu¬
1070 2449 2258 2528 sammenhänge des Schicksals sind dunkel genug, aber
1076 2483 2264 2574 bei weitem nicht so verdächtig wie die eines Buchs.
1079 2538 2259 2618 Das Schnitzlersche Problem, das neue, wächst im
1075 2584 2253 2668 Schnitzlerschen Milieu, dem alten, es ist ein
1076 2637 2258 2723 Ornament wie alles Höhere, das für ein Inneres gesetzt
1075 2695 2258 2768 wird. Es ist eine fertige Sache wie der liebe Gott,
1072 2743 2258 2814 an den sie glauben, weil er einmal da ist, aber mit
1072 2792 2250 2858 einem Glauben, der nicht stark genug wäre, Gott zu
1069 2836 2250 2910 schaffen, wenn er nicht zufällig da wäre. Fertig hat
1070 2880 2252 2959 Schnitzler das ganze Inventar dieser Unendlichkeit
1066 2938 2247 3005 übernommen, die sich über dem irdischen Boudoir so
1063 2998 2250 3058 gut wie über der irdischen Handelskammer wölbt.
1061 3033 2249 3100 Fertig bis auf die Nomenklatur ist die ganze Vor¬
1060 3085 2242 3158 stellung seiner Romanwelt. Eine Bertha Garlan ist
1060 3141 2242 3204 nicht in Wien zuständig, sondern aus einem Roman
1056 3177 2239 3254 nach Wien gekommen, um in einen Roman zu über¬
1057 3238 2239 3316 siedeln. Auch das Wienertum von mehr konfessioneller
