3344 4320
211 169 1086 272 13. Miscellaneous
1270 193 1755 292 box 44/10
1205 587 1506 784 RATIS
1193 757 1416 823 I. Oesterr.
659 701 1504 852 OBSERVER ben rc. von
780 800 1504 883 der Zeitungsnachrichten
773 838 1504 962 E WOLLE
937 1205 2272 1295 Berliner Börsen=Zeitung Nr. 169, Sonntag, 9. April.
730 1355 2540 1481 Versäuberscheinungen der Novelle.
625 1477 1611 1540 Hand in Hand mit der Verflachung der literarischen
1650 1474 2710 1553 durch eine Sammlung genügsamer Gelegenheitsarbeiten
557 1524 1607 1578 Ansprüche geht die Verlotterung der literarischen Begriffe
1656 1542 2710 1584 enttäuscht. Diese Enttäuschung beginnt schon bei der Titel¬
557 1562 1614 1618 und Gesetze. Mit am deutlichsten zeigt das eine der
1665 1578 2713 1625 geschichte, die schnell entschlossen in die robustere Hand¬
562 1600 1602 1670 schwierigsten und empfindlichsten Arten der Darstellung:
1661 1618 2708 1663 werklichkeit der Erzählung umschwenkt. Welche ironische
555 1641 1602 1695 die Novelle. Irgendwelche lockeren Szenenfolgen,
1661 1650 2715 1697 Heiterkeit könnte etwa von „Klementine auf Besuch aus¬
557 1679 1611 1731 plaudersame Unterhaltungen, flüchtigen Skizzen werden
1661 1692 2708 1733 gehen, wenn es nicht mit der dröhnenden Derbheit eines
555 1717 1297 1769 kurzerhand als „Novellen“ ausgegeben -
1324 1724 1609 1776 wer fragt noch,
1661 1731 2708 1780 Bühnenstars auf Gastspielreisen vorgetragen wäre. Nach
557 1758 1602 1802 von einer verschwindenden Minderheit abgesehen, nach dem
1652 1762 2708 1811 dem „Schuß im Walde aber, der nicht mehr Kino, sondern
557 1796 1602 1843 Gebot der Einzigartigkeit, wer nach jenem Gesetz, das die
1665 1807 2710 1872 nur noch Kientopp ist, kostet es große Ueberwindung, das
564 1829 1611 1888 Strenge der Form und die Leichtigkeit des Vortrages zum
1665 1836 2045 1901 Buch weiter zu lesen.
560 1870 1607 1915 scheinbar widerspruchsvollen, aber darum um so reizvolleren
1733 1872 2704 1942 Der dritte Oesterreicher im Bunde ist Raoul
555 1908 1611 1958 Grundelement der Novelle zusammenbindet! Aber was ist
1661 1924 2704 1976 Auernheimer mit einem Büchlein „Der gefähr¬
557 1944 1614 2009 in allen menschlichen Dingen leichter als die Verkündung
1661 1967 2693 2016 liche Augenblick (L. Staackmann Verlag, Leipzig)
548 1982 944 2043 irgendeiner Anarchie
1665 2003 2699 2047 Es hat einen reizenden Einband. Das Titel „Abenteurer“
638 2009 1602 2068 Stellen sich da beispielsweise gleich fünf „novellistische“
1659 2041 2708 2088 in dem ein gebluffter Liebhaberbaron seiner Operndiva am
557 2050 1611 2110 Neuerscheinungen auf einmal ein. Namen darunter wie
1670 2086 2708 2131 ellichten Vormittag eine Ohrfeige ins Gesicht knallt, soll
555 2106 1609 2153 Schnitzler und Salten, denen der Nimbus eines einst
1659 2119 2701 2164 „fast eine Tragödie sein. Geht die Anspruchslosigkeit schon
555 2128 1600 2191 beträchtlichen Kurswertes an der täglichen Literaturbörse
1665 2158 2701 2205 so weit, daß eine sehr selbstzufrieden vorgetragene Tragi¬
551 2180 1605 2232 anhaftet. Die Sammlung bisher unveröffentlichter
1659 2198 2704 2241 komödie bestenfalls!) über ein abgedroschenes Thema
555 2225 1605 2270 „Novellen, Legenden und Skizzen", die der
1659 2236 2701 2279 ernst genommen wird? Oder gar die „Locke der Berenike",
555 2254 1600 2297 Verlag S. Fischer unter dem Titel „Eine kleine
1668 2272 2710 2319 süßer Backfischklatsch im Stil der Zopf=Zeit, der ständig
555 2290 1609 2344 Komödie“ herausbringt, soll Schnitzlers Frühreife
1656 2315 2713 2360 vorgibt, humor voll zu sein? Aber der Einband ist wirklich
555 2331 1609 2387 als Erzähler bekunden. Eine Notwendigkeit, die spielerischen
1665 2344 2713 2396 sehr hübsch. Da verzeiht man sogar die fürchterlichen
555 2373 1598 2421 Flüchtigkeiten auszubreiten, die der Verfasser selbst ver¬
1661 2391 2717 2439 Tuschzeichnungen in bescheidenster Neuruppiner Bilder¬
560 2407 1605 2461 schwieg, ist kaum zu finden. Schnell ermüdet man an der
1659 2423 1926 2490 bogen=Manier.
564 2448 1602 2497 Enge und Armut des gleichförmigen Stoffes: das problem¬
1731 2443 2713 2519 Etwas anders liegt der Fall schon bei Ernst Exi¬
557 2477 1602 2528 lose Liebesverhältnis erscheint als das A und O dieser
1656 2499 2699 2553 Auch seine „Künstler, Kämpfer, Kosaken
560 2519 1602 2571 Art von Lebensauffassung. Nicht eine Stärke des Gefühls
1665 2546 2701 2585 Adolph Sponholtz, Verlag, Hannover, haben mit der
551 2549 1607 2609 entscheidet hier, lediglich der Grad der Häufigkeit des dem
1670 2580 2701 2625 Erfordernissen der Novelle nichts gemein. Auch schenk
542 2589 1607 2643 Zufall überlassenen Zusammentreffens. Liebelei ist Lebens¬
1665 2618 2701 2666 er sich und seinen Lesern nichts, was an geschraubten
551 2636 1605 2686 problem schlechthin; sie wird aus halb schauspielerischer, halb
1661 2659 2710 2704 Redensarten und Floskeln in schlechten Zeitungsromanen
548 2677 1602 2724 genießerischer Sucht nach Selbstdarstellung zum vermein¬
1668 2699 2704 2737 der letzten dreißig Jahre zu finden ist. Aber wenn er
557 2706 838 2762 lichen Schicksal
886 2708 1607 2773 „Sentimentalität ist unter Preis er¬
1674 2733 2710 2773 sehr streng gegen sein plötzlich einfallendes Schriftdeutsch¬
555 2744 1600 2796 handeltes Gefühl“; Schnitzler, der diesen Satz einmal
1659 2773 2701 2821 Pathos würde und sich zu einer natürlichen Einfachheit
560 2785 1602 2832 sprach, schlägt sich hier eigenen Waffe. Chaise¬
1656 2812 2704 2868 der Schilderung durchfände, könnte er ein guter Erzähler
555 2823 1602 2877 longueszenen oder Duelle — es gibt gleichviel; die für den
1652 2848 1802 2906 werden.
555 2857 1593 2908 Tagesgebrauch gerade noch ausreichenden Gefühlchen laufen
1735 2877 2713 2942 Der einzige, der unter den fünf novellistischen Neu¬
557 2899 1411 2951 mit der niedlichen Monotonie einer Spieluhr ab.
1656 2931 2701 2982 erscheinungen die Novelle als literarische Form erfaßt
632 2935 1598 2998 Schlimmer noch, wenn sich die schauerromantische
1659 2971 2704 3023 hat, ist der vor fünf Jahren tödlich verunglückte
548 2960 1598 3041 Szenerie von Sterbezimmern und Friedhofen als Kulisse
1661 3012 2704 3052 italienische Freund James Joces, Italo Svevo („der
548 3021 1607 3063 mit der Regelmäßigkeit eines Repertoires einstellt. Hier
1665 3052 2710 3099 italienische Schwabe"), richtig Ettore Schmitz, ein italienisch¬
557 3050 1600 3099 scheut die Theatralik, die man wie die Zigarette braucht,
1661 3090 2708 3133 deutsches Mischblut. Er ist eine besondere Erscheinung
551 3088 1598 3138 auch die Geschmacklosigkeit nicht. Heute wirken diese mit
1659 3126 2701 3173 insofern, als er nach vielen schweren Enttäuschungen erst
557 3126 1605 3182 leichter Hand hingeworfenen Unwichtigkeiten nur noch als
1661 3162 2704 3205 als hoher Sechziger unter ausländischem Einfluß von
557 3164 1600 3214 frühdekadente Eleganz und stilistische Galanterie. Unter
1661 3200 2708 3245 seinen südlichen Landsleuten anerkannt wurde. Das bei
546 3209 1602 3261 den vielen Dutzendfeuilletons sind solche Nichtigkeiten wie
1656 3243 2710 3295 Müller und Kiepenheuer, Potsdam, erschienene Bändchen
548 3241 1602 3293 etwa „Welch eine Melodie, die man im Anfang gern als
1659 3281 2701 3326 „Ein gelungener Scherz, außer einem Roman
557 3281 1602 3329 Ausdruck eines überlegenen Sarkasmus nehmen möchte,
1659 3320 2704 3367 die bisher einzige deutsche Uebersetzung aus seinen Werken,
555 3322 1598 3367 unentschuldbar; dann schon lieber noch solche falsche
1659 3360 2704 3403 zeigt eine breit hinströmende, altersgereifte Schilderung,
557 3358 1600 3405 Dramatik wie in der Erzählung „Der Nächste“, Kitsch in
1659 3389 2701 3436 die freilich durch allzu weit ausholende Freude an ab¬
555 3396 1600 3463 Reinkultur. Einsam steht inmitten dieses Tands das kleine
1659 3432 2708 3481 lenkenden Details oft ermüdend wirkt. Ihn mit Flaubert,
560 3425 856 3493 Bild „Reichtum,
1661 3470 2704 3517 Balzac oder gar Jean Paul in einem Atem zu nennen,
625 3443 1600 3517 Ganz Aehnliches gilt von dem Buch Felix
1661 3508 2609 3569 wie seine Freunde wollen, geht entschieden zu weit.
555 3495 1602 3560 Saltens, das unter dem Namen „Mizzi (Paul
551 3544 1600 3621 Zsolnay Verlag) Novellen verspricht und den Leser dann
2349 3547 2654 3621 Karl Frank.
