3392 4320
282 193 428 296 13.
1341 200 1816 294 box 44/10
489 198 1153 315 Miscellaneous
993 1193 2108 1254 er Aristokrat aus Instinkt, Mitglied der höchsten Gesellschaft
993 1240 2113 1289 aus Wahlverwandtschaft sei. Er beweist das — mit Worten,
207 1181 689 1339 seuilleton.
993 1275 2110 1332 die er über sich selbst zu sagen weiß, mit Worten aus der
1000 1310 2115 1364 Liebhaberbibliothek „Jung=Wien“, mit sehr witzigen und sehr
680 1226 939 1409 en
1000 1353 2117 1407 pointierten Worten, und just so lange der schnelle Vorhang
997 1390 2117 1456 sich in der Schwebe hält, so lange glaubt man ihm. Das ist
209 1386 790 1480 ner Theater.
981 1430 2028 1494 die Komödie „Der Graf“. Ist sie nicht reizend?
226 1461 925 1527 andern Ufer“. Drei Einakter von Felix
1049 1473 2113 1527 Der bereit gehaltene Polizeikommissar ist zum geladenen
301 1510 470 1569 Salten.)
993 1499 2110 1567 Revolver geworden: Wir stehen inmitten des Schauspiels
503 1515 913 1614 Berlin, 17. Oktober.
995 1555 2101 1609 „Der Ernst des Lebens“. Der frühere Hauslehrer
1000 1593 2105 1647 nunmehrige Geh. Medizinalrat, hat die Tochter des freiherr¬
207 1581 941 1656 eles vor Berlin voraus. Schon daß man
1000 1630 2105 1684 lichen Hauses geheiratet und trifft eben bei seinem Schwager,
209 1642 941 1689 örtlein „jung" als selbstverständlich hin¬
993 1666 2110 1727 dem jungen Baron ein, den Erkrankten zu untersuchen. Der
209 1684 948 1731 sal nicht die geringste Verwendung dafür
995 1706 2101 1767 Medizinalrat ist sehr plebejisch, der Baron höchst aristokratisch.
219 1729 946 1769 wert zu sein. In Berlin läuft alles
990 1746 2103 1802 Eine Szene über spielt man mit Weltanschauungsfragen rouge
214 1760 943 1811 erfassaden die kreuz und quer; jeder
990 1781 2105 1833 et noir. Dann wird die Untersuchung vorgenommen, und der
214 1809 946 1854 in Sternen auf. In Wien gibt es etwas
988 1816 2101 1884 Medizinalrat erklärt dem Baron: hoffnungslos. Der schreit
209 1844 943 1887 etische Sternwarte; das große Fernrohr
993 1861 2101 1915 in seinem Schmerze auf, der andere deklamiert kühl von
214 1882 943 1924 auf gewisse Gestirne gerichtet. Eine An¬
990 1898 2101 1950 „Haltung“, „Todesbereitschaft“, „Pflichtbewußtsein“. Da er¬
207 1920 946 1986 heint sich von selbst zu bieten und steht
993 1941 2103 1986 greift der Baron den geladenen Revolver, damit der andere
209 1962 943 2009 sendwelche seelischen Kosten zur Ver¬
993 1978 2101 2023 ihn Todesbereitschaft lehre. Natürlich ist der Medizinalrat
207 1993 936 2047 rks sind dauernd geöffnet; Herbststim¬
995 2016 2098 2061 nicht todesbereit, natürlich offenbart er sein höchst plebejisches
209 2037 941 2084 Jahr über angebracht; die Antike scheint
993 2054 2103 2105 cemseliges Empfinden. Ist das geschehen, so fliegt der Revol¬
207 2073 941 2127 since lockt, zumal wo sie jenen Stich ins
988 2094 2101 2160 ver unabgeschossen auf den Tisch. Ist das nicht span¬
216 2117 946 2164 Abenteurertum zeigt; der Abenteurer
988 2127 1143 2176 nend¬
207 2157 936 2207 in Gehrock; vor allen Dingen aber ge¬
1047 2131 2098 2223 Wir sind ein klein wenig eifersüchtig auf Schnitzler,
207 2195 941 2240 in wenig Sentimentalität zu eigen, das
990 2202 2096 2261 und das Motiv vom kleinen, füßen illegitimen Verhältnis war
200 2223 934 2282 ltnis — ja, es ist kein Zweifel, daß
990 2247 2098 2291 noch nicht daran. Die Komödie „Auferstehung steht
214 2275 936 2320 ette entdeckt und literaturfähig gemacht
993 2284 2098 2331 noch aus. Und wirklich ist das alte Motiv diesmal neu und
207 2313 936 2378 is darin nicht höchst unberechtigter und
988 2313 2103 2369 überraschend gewendet, und „nur die Aufführung blieb zu¬
214 2348 934 2400 fzig Jahre zuvorgekommen. Mit einem
993 2364 2098 2411 rück. Meinte man bisher, einem sehr geschickten Advokaten zu
207 2390 943 2451 s Nichts oder das All (was immer auf
990 2395 2103 2458 lauschen, so sitzt diesmal ein Professor, ein witziger Professor,
231 2428 736 2487 Jung=Wien ist ein Begriff.
988 2432 2096 2487 der aber an seinen Theorien hängt, auf dem Katheder. Doch
988 2472 2098 2522 verschlägt das nicht viel. Solange sich der schmale Vorhang in
205 2454 936 2536 Wiener hat sich Felix Salten, dessen
993 2508 2096 2562 der Schwebe hält, amüsiert man sich. Der reiche Junggeselle
214 2517 936 2567 andern Ufer nun auf der Bühne
995 2548 2101 2607 (ich denke mir, es muß ihrer sehr viele in Wien geben) hat
198 2564 946 2611 ters gefiel, längst als ein Mann, der
990 2583 2098 2635 dem Tod ins Angesicht gesehen, und in der Rührung seiner
205 2602 936 2654 rin hätte niemand Wert darauf gelegt
993 2623 2098 2677 eigenen Sterbestunde hat er sich trauen lassen. Mit wem?
209 2635 948 2684 in sehr gewandter Schriftsteller sogar.
993 2661 2101 2724 Mit dem süßen kleinen Mädel, mit dem er vor Jahren ein
209 2670 936 2724 anderen zu unterscheiden, mehr Witz als
990 2703 2098 2757 Verhältnis hatte, nach dem er seit Jahren nichts gefragt, das
209 2717 946 2764 r Geschick als Grazie, und beweist eine
990 2748 2098 2799 aber ein Kind von ihm hat. Er starb aber nicht, sondern
216 2750 943 2802 in der Art, wie er seine Motive — man
990 2776 2098 2830 wurde wider Erwarten gesund. Fünf Figuren stehen nun¬
431 2792 941 2851 anpackt, auspreßt und bei¬
983 2823 2098 2865 mehr auf dem Schachbrett. Er selbst als König; das ange¬
988 2858 2096 2908 traute Verhältnis von früher als Königin; deren jetziger
226 2872 816 2929 über seine drei Einakter gesagt.
993 2891 2091 2945 Schatz als Turm; sein eigenes letztes Verhältnis als Sprin¬
207 2910 946 2962 pra... Hofmannsthal gab den
988 2936 2098 2983 ger; ein Freund, der seine Erkrankung ausnützte, besagtes
205 2948 943 3009 aissancekostüm, Salten gibt ihn im
981 2971 2098 3028 letztes Verhältnis an sich zu ziehen, als Läufer. Das gibt
233 2985 936 3037 Der Abenteurer — böse Zungen wür¬
990 3006 2089 3063 lustige Hin= und Wider=Züge, die damit enden, daß der Jung¬
209 3025 936 3077 apler — hat die reizende Komtesse Lau¬
990 3044 2094 3096 geselle einsicht, daß er, zu sterben glaubend und über seine
214 3065 943 3122 türlich aus Liebe, geheiratet. Der miß¬
983 3089 2089 3134 Hinterlassenschaft testierend, das Recht zu leben verwirkte. Er
205 3105 934 3152 Kousin bringt seine Vergangenheit an
983 3124 2091 3181 packt die Koffer und begibt sich auf Reisen. So will's der
209 3145 941 3206 solizeikommissär parat, und nun beweist
993 3162 1701 3206 Professor. Ist das nicht geistreich:
209 3181 936 3232 ler Schnelle, daß ihn wirklich eben nur
1042 3190 2091 3251 „Reizend“ — „spannend“ — „geistreich“: ich weiß nicht,
214 3225 936 3270 wogenen Schritte trieb, vor allem aber,
983 3232 2089 3291 ob ich diese Ueberzeugung gewonnen hätte, wäre es mein Los
209 3270 2101 3366 Kellner, zum Grafen geboren sei, daß gewesen, die drei Einakter zu lesen. Aber sie erstanden auf
2153 1202 3270 1263 der Bühne des Lessingtheaters. Da war Herr Bas¬
2171 1244 3275 1299 sermann, in allen dreien die Hauptrolle agieren, immer
2169 1282 3275 1329 scharf und lustig charakterisierend, und jedesmal ein ganz an¬
2162 1320 3270 1374 drer. Da war Herr Reicher, jetzt den Reichsgrafen, jetzt
2155 1357 3272 1404 den Medizinalrat darstellend, und das Aristokratische lag ihm
2157 1402 3272 1444 nicht weniger als das Plebejische. Herr Stieler zeigte zum
2157 1437 3272 1487 erstenmal, daß er intrigante Charaktere nicht minder treffend
2153 1475 3275 1520 als Naturburschen wiederzugeben vermag, Frl. Hofmann
2153 1508 3263 1567 lieh der jungen, an den Abenteurer geketteten Gräfin Hal¬
2157 1550 3272 1597 tung, Frau Lehmann dem Verhältnis von anno dazumal
2153 1586 3265 1642 mit ihrem beweglichen Minenspiel Leben und Seele. Diese
2160 1628 3272 1673 Aufführung war wie ein Geschenk, das Berlin aus seinem Besten
2157 1668 3272 1713 an Wien gegeben. Aber was will das besagen? Jung=Wien
2155 1701 3263 1755 ist ein Begriff, und Begriffe setzen sich durch. Gleichviel, was
2160 1741 3265 1795 Felix Salten kann und was er nicht kann, er hat den Vorzug,
2157 1786 3263 1849 eingetragener und berechtigter Teilhaber an einem Begriffe
2160 1816 2301 1868 zu sein.
2221 1826 3261 1910 Es ist gewiß ein herbes Schicksal, zwischen Maurermeister¬
2157 1889 3265 1943 palästen ab und nieder zu wandeln und nach irgendwelchen
2155 1936 3261 1978 Sternen auszuspähen. Es kommt meist nichts dabei heraus,
2155 1971 3270 2021 am seltensten das „Reizende", das „Spannende", das „Geist¬
2160 2009 3270 2075 reiche“. Und doch! Und doch! Wenn ich so Felix Salten in
2155 2047 3183 2120 seinem Glücke sehe, — ich weiß nicht, ich weiß nicht ...
3079 2075 3211 2136 E. H.
