3344 4352
195 272 1050 371 13. Miscellaneous
1242 274 1717 366 box 44/10
1324 783 1406 847 147
1920 805 2297 871 Kurze Anzeigen: S
1290 929 2258 1000 „Sklavin“ und des „Verlorenen Paradieses. Ich
1276 979 2265 1034 möchte lieber ganz konkret untersuchen, was das schön
1278 1019 2259 1086 geplante Stück um seine volle Wirkung bringt. — Ganz
1271 1065 2247 1117 prächtig ist zunächst der erste Akt. Famose, knappe,
1278 1096 2253 1157 klare Exposition, die in eine überaus wirksame und
1273 1140 2253 1198 außerordentlich plastische Szene zwischen dem Vater und
1263 1171 2249 1236 der natürlichen Tochter ausläuft. (Beiläufig bemerkt,
1279 1212 2247 1273 fand ich das Geständnis des Mädchens, einen Geliebten
1271 1257 2251 1314 zu haben, dem Vater gegenüber, den es zum ersten
1272 1298 2241 1355 Male sieht, etwas unnatürlich.) Der zweite Akt bringt
1267 1340 2247 1393 eine famose Milieuschilderung: Familie Schellhorn,
1273 1366 2244 1435 Vater, Mutter und Sohn, lauter gut gesehene Theater¬
1266 1405 2246 1472 typen, nicht allzu neu, nicht allzu tief, was die Analyse
1263 1451 2253 1510 anbelangt, aber lebendig und wirksam hingestellt. Mit
1257 1483 2241 1552 dem Erscheinen des Freiherrn v. Witinghof bekommt
1266 1531 2246 1589 aber das Stück seinen Knacks. Was will denn
1266 1564 2237 1632 Se. Exzellenz bei Schellhorn? Seine Tochter hat ihm
1263 1603 2246 1664 mitgeteilt, daß sie Schellhorns Sohne angehöre. Der
1261 1644 2238 1708 Freiherr will das Glück der Tochter, läßt sie legitimieren,
1252 1682 2241 1748 und bereitet durch seinen Besuch offensichtlich die Ver¬
1265 1728 2241 1783 mählung vor. Warum spricht er aber dann nicht, als
1260 1762 2236 1825 Schellhorn junior im Lauf des Gespräches erklärt, er
1252 1803 2232 1859 kenne keine „Baronesse Wittinghof“? Freilich wären
1255 1844 2235 1894 dann die weiteren Verwicklungen des dritten Aktes un¬
1251 1882 2232 1945 möglich, und so hat man den Eindruck, daß der Freiherr
1253 1919 2241 1983 v. Witinghof aus keinem anderen Grunde Verstecken
1255 1957 2235 2021 spielt, als um Herrn Dr. Ludwig Fulda die Fortsetzung
1253 2000 2239 2060 des Stückes zu ermöglichen. Recht überflüssig erscheint
1253 2042 2236 2101 weiter der vierte Akt, der denn auch am schwächsten
1245 2083 2232 2142 wirkte. Das Mädchen muß aus dem Absagebrief
1253 2115 2238 2179 Schellhorn juniors über den Charakter des Geliebten
1252 2152 2226 2210 sich völlig klar geworden sein. Ihn neuerlich auf die
1255 2196 2236 2257 Probe zu stellen, hat nach dem Vorhergegangenen keinen
1258 2235 2228 2294 Sinn. Auch die Nebenhandlung, die sich um die schöne
1249 2267 2236 2329 Witwe v. Tönning dreht, ist — auf ihre Glaubwürdigkeit
1237 2323 2226 2364 geprüft — nicht ganz einwandfrei. In welcher Gesell¬
1250 2361 2221 2412 schaft der Welt würde die kleine Notiz eines obskuren
1252 2394 2220 2450 Schandblattes hinreichen, um den guten Ruf einer an¬
1244 2433 2220 2482 gesehenen Dame zu zerstören! — Aber alle diese Be¬
1239 2475 2225 2529 denken reichten nicht hin dem Publikum die Freude
1239 2508 2225 2583 an dem reichen Bilde gesellschaftlichen Lebens, das Fulda
1237 2553 1931 2602 mit kundiger Hand entrollt, zu rauben.
1319 2586 2220 2650 Das Intime Theater brachte an seinem neuesten
1239 2607 2220 2692 litterarischen Abend „Stimme des Lebens, eine Szene
1236 2663 2220 2730 von Erich Kahler, zur Aufführung. Warum — fragten
1239 2697 2211 2758 sich staunend die Weisen. Die Szene ist ganz un¬
1244 2745 2215 2797 dramatisch, auch poetisch nicht hervorragend, und wird
1236 2777 2207 2846 um das bißchen Stimmung, das in ihr liegt, durch
1234 2827 2204 2877 einen grellen Schlußeffekt gebracht. „Die von nebenan¬
1232 2861 2214 2923 von Rittner, einem in Wien lebenden polnischen Autor,
1236 2901 2216 2965 ist zwar auch kein Drama, wie die Leitung des
1236 2941 2211 3004 „Intimen Theaters anzunehmen scheint, aber immerhin
1229 2981 2211 3037 die psychologisch nicht uninteressante Darstellung des
1232 3016 2207 3078 Hungergefühles in zwei Intelligenzproletariern, die durch
1229 3057 2209 3116 Einführung einer pariser Straßendirne nicht ungeschickt
1229 3094 2209 3159 unterbrochen wird. Leute, die vom Theater wollen,
1223 3133 2211 3191 daß es an ihren Nervensträngen zerre, werden diesen
1230 3172 2212 3229 Akt sehr erhaben finden. Den Schluß des Abends
1231 3223 2206 3274 machte ein Komödie von Tristan Bernard, von der
1224 3259 2205 3315 nicht mehr zu sagen ist, als daß sie lustig und litte¬
1231 3293 2205 3349 rarisch belanglos ist. Sie wurde übrigens um ihre
1231 3330 2209 3392 besten Pointen durch das miserable Spiel derselben
1232 3370 2206 3436 Darsteller gebracht, die in den beiden ersten Einaktern
1229 3412 1659 3463 ganz Tüchtiges leisteten.
1305 3450 2196 3511 Im Raimundtheater gefällt der „Storch, ein
1225 3479 2206 3543 Volksstück in vier Akten von Gettke, dem Direktor
1234 3524 2205 3590 des Raimundtheaters und Engel, dem bekannten
1224 3567 2204 3627 wiener Schwankdichter, den Leuten sehr. Gutgesehene
1224 3604 2198 3663 Volkstypen, die dankbare Rollen bieten, eine einfache,
1221 3645 2199 3706 durch witzige Einfälle belebte, durchaus theatergerecht
1215 3698 2196 3742 geführte Handlung und ein frischer Dialog machen das
1225 3727 2200 3785 Stück zu einem wertvollen Bestandteil des Spielplans.
1840 3769 2130 3843 Fritz Telmann
