<?xml version="1.0" encoding="UTF-8" standalone="yes"?>
<PcGts xmlns="http://schema.primaresearch.org/PAGE/gts/pagecontent/2013-07-15" xmlns:xsi="http://www.w3.org/2001/XMLSchema-instance" xsi:schemaLocation="http://schema.primaresearch.org/PAGE/gts/pagecontent/2013-07-15 http://schema.primaresearch.org/PAGE/gts/pagecontent/2013-07-15/pagecontent.xsd">
    <Metadata>
        <Creator>prov=READ-COOP:name=PyLaia@TranskribusPlatform:version=2.12.1:model_id=39995:lm=provided:date=29_03_2024_17:56</Creator>
        <Created>2019-10-07T20:40:03.289+02:00</Created>
        <LastChange>2024-03-29T17:56:10.484+01:00</LastChange>
        <TranskribusMetadata docId="224465" pageId="9580964" pageNr="176" tsid="156506667" status="IN_PROGRESS" userId="40391" imgUrl="https://files.transkribus.eu/Get?id=XCGIBADIQYNJUFAZGQZHTFHZ&amp;fileType=view" xmlUrl="https://files.transkribus.eu/Get?id=IDUGZHQNSICIHRFSEFBOOHZD" imageId="6208815"/>
    </Metadata>
    <Page imageFilename="224465_0176.jpeg" imageWidth="3296" imageHeight="4352">
        <ReadingOrder>
            <OrderedGroup id="ro_1712662348067" caption="Regions reading order">
                <RegionRefIndexed index="0" regionRef="tr_1"/>
                <RegionRefIndexed index="1" regionRef="tr_2"/>
            </OrderedGroup>
        </ReadingOrder>
        <TextRegion orientation="0.0" id="tr_1" custom="readingOrder {index:0;}">
            <Coords points="229,227 229,4176 1764,4176 1764,227"/>
            <TextLine id="tr_1_tl_1" custom="readingOrder {index:0;}">
                <Coords points="1275,257 1394,292 1450,276 1585,289 1624,259 1656,277 1760,264 1760,218 1721,200 1521,200 1468,240 1426,214 1336,211 1299,190 1275,205"/>
                <Baseline points="1283,253 1308,255 1333,256 1358,258 1384,259 1409,259 1434,259 1460,259 1485,257 1510,256 1536,258 1561,259 1586,259 1612,259 1637,259 1662,259 1688,259 1713,259 1738,258 1764,253"/>
                <TextEquiv>
                    <Unicode>b 44/10</Unicode>
                </TextEquiv>
            </TextLine>
            <TextLine id="tr_1_tl_2" custom="readingOrder {index:1;}">
                <Coords points="221,256 874,309 1088,279 1085,193 1050,187 948,215 693,179 633,216 558,184 427,182 385,215 315,180 219,190"/>
                <Baseline points="229,247 272,250 315,250 358,253 401,253 444,248 487,250 531,250 574,251 617,254 660,257 703,262 746,265 789,265 833,262 876,268 919,268 962,265 1005,268 1048,270 1092,271"/>
                <TextEquiv>
                    <Unicode>s</Unicode>
                </TextEquiv>
            </TextLine>
            <TextLine id="tr_1_tl_3" custom="readingOrder {index:2;}">
                <Coords points="1329,543 1357,550 1381,537 1444,558 1573,555 1647,568 1659,566 1656,498 1561,460 1548,471 1495,469 1452,495 1326,482"/>
                <Baseline points="1337,528 1362,531 1387,534 1412,536 1437,537 1462,537 1487,538 1512,540 1537,541 1562,543 1587,543 1612,543 1637,543 1662,546"/>
                <TextEquiv>
                    <Unicode>Nachdruck verboten.</Unicode>
                </TextEquiv>
            </TextLine>
            <TextLine id="tr_1_tl_4" custom="readingOrder {index:3;}">
                <Coords points="539,635 885,587 1701,655 1698,553 1293,571 980,507 739,542 535,514"/>
                <Baseline points="546,576 603,577 661,579 719,582 777,582 834,585 892,587 950,588 1008,590 1065,593 1123,593 1181,597 1239,599 1296,601 1354,602 1412,604 1470,608 1527,608 1585,612 1643,616 1701,623"/>
                <TextEquiv>
                    <Unicode>Wiener Kultur im Spiegel jung=wiener Dichtung</Unicode>
                </TextEquiv>
            </TextLine>
            <TextLine id="tr_1_tl_5" custom="readingOrder {index:4;}">
                <Coords points="985,662 1025,686 1069,683 1101,662 1134,681 1248,670 1245,613 1232,610 1184,630 1134,630 1113,619 1031,625 1020,613 983,612"/>
                <Baseline points="993,650 1018,652 1044,653 1070,655 1095,657 1121,659 1147,660 1172,662 1198,662 1224,661 1250,659"/>
                <TextEquiv>
                    <Unicode>Von W. Fred.</Unicode>
                </TextEquiv>
            </TextLine>
            <TextLine id="tr_1_tl_6" custom="readingOrder {index:5;}">
                <Coords points="600,718 1692,763 1689,702 1537,684 598,670"/>
                <Baseline points="608,707 662,710 716,711 771,715 825,716 879,719 934,720 988,722 1042,724 1097,725 1151,728 1205,729 1260,731 1314,731 1368,734 1423,737 1477,738 1531,740 1586,745 1640,746 1695,749"/>
                <TextEquiv>
                    <Unicode>Man berichtet weit mehr über Kultur als über Litteratur,</Unicode>
                </TextEquiv>
            </TextLine>
            <TextLine id="tr_1_tl_7" custom="readingOrder {index:6;}">
                <Coords points="532,765 1688,806 1665,751 530,709"/>
                <Baseline points="540,749 597,752 655,754 712,755 770,758 828,761 885,764 943,761 1000,765 1058,769 1116,773 1173,773 1231,776 1288,776 1346,779 1404,780 1461,782 1519,782 1576,782 1634,788 1692,793"/>
                <TextEquiv>
                    <Unicode>wenn man von Jung=Wien spricht. Als dichterische Werke</Unicode>
                </TextEquiv>
            </TextLine>
            <TextLine id="tr_1_tl_8" custom="readingOrder {index:7;}">
                <Coords points="532,806 1656,845 1688,806 530,767"/>
                <Baseline points="540,793 597,793 655,795 712,796 770,796 828,800 885,804 943,805 1000,808 1058,810 1116,814 1173,814 1231,815 1288,819 1346,820 1404,823 1461,825 1519,826 1576,829 1634,832 1692,835"/>
                <TextEquiv>
                    <Unicode>werden die Theaterstücke und Bücher selbst der besten und</Unicode>
                </TextEquiv>
            </TextLine>
            <TextLine id="tr_1_tl_9" custom="readingOrder {index:8;}">
                <Coords points="526,844 1448,887 1682,885 1681,844 524,800"/>
                <Baseline points="534,835 591,836 649,838 706,841 764,841 822,842 879,846 937,847 994,850 1052,852 1110,856 1167,859 1225,859 1282,861 1340,862 1398,868 1455,868 1513,868 1570,872 1628,876 1686,877"/>
                <TextEquiv>
                    <Unicode>vollsten Wiener portischen Naturen einer späteren Zeit wenig be¬</Unicode>
                </TextEquiv>
            </TextLine>
            <TextLine id="tr_1_tl_10" custom="readingOrder {index:9;}">
                <Coords points="530,889 1666,934 1683,887 527,842"/>
                <Baseline points="537,880 594,880 652,882 709,883 767,886 825,887 882,891 940,892 997,893 1055,897 1113,901 1170,901 1228,902 1285,906 1343,907 1401,910 1458,910 1516,913 1573,916 1631,917 1689,922"/>
                <TextEquiv>
                    <Unicode>deuten, wie sie ja schon heute im fremden Lande (selbst der</Unicode>
                </TextEquiv>
            </TextLine>
            <TextLine id="tr_1_tl_11" custom="readingOrder {index:10;}">
                <Coords points="526,940 1573,973 1672,933 524,892"/>
                <Baseline points="534,925 591,923 648,925 705,927 762,928 819,932 876,934 934,937 991,937 1048,938 1105,942 1162,943 1219,946 1276,948 1334,952 1391,952 1448,953 1505,957 1562,958 1619,959 1677,961"/>
                <TextEquiv>
                    <Unicode>gleichen Sprache) nur eine kleine Gemeinde zu sammeln ver¬</Unicode>
                </TextEquiv>
            </TextLine>
            <TextLine id="tr_1_tl_12" custom="readingOrder {index:11;}">
                <Coords points="524,979 1686,1012 1637,963 523,934"/>
                <Baseline points="531,967 588,967 646,967 704,970 762,973 820,974 878,978 936,979 994,982 1052,984 1110,985 1167,985 1225,987 1283,990 1341,993 1399,993 1457,995 1515,999 1573,1000 1631,1002 1689,1002"/>
                <TextEquiv>
                    <Unicode>mögen. Allein es sind Zeugnisse vom Wesen der Stadt Wien</Unicode>
                </TextEquiv>
            </TextLine>
            <TextLine id="tr_1_tl_13" custom="readingOrder {index:12;}">
                <Coords points="523,1018 1566,1062 1682,1060 1681,1011 521,978"/>
                <Baseline points="531,1008 588,1008 646,1010 704,1011 762,1014 819,1015 877,1017 935,1020 993,1023 1050,1023 1108,1026 1166,1029 1224,1030 1281,1032 1339,1035 1397,1036 1455,1038 1512,1041 1570,1044 1628,1046 1686,1047"/>
                <TextEquiv>
                    <Unicode>am Ausgange des neunzehnten Jahrhunderts, möchte ich noch</Unicode>
                </TextEquiv>
            </TextLine>
            <TextLine id="tr_1_tl_14" custom="readingOrder {index:13;}">
                <Coords points="524,1059 1679,1097 1634,1047 523,1018"/>
                <Baseline points="531,1050 588,1051 646,1055 703,1056 761,1056 819,1059 876,1061 934,1062 991,1065 1049,1067 1107,1071 1164,1074 1222,1074 1279,1076 1337,1077 1395,1080 1452,1082 1510,1083 1567,1086 1625,1086 1683,1089"/>
                <TextEquiv>
                    <Unicode>immer sagen und damit aussprechen, daß das zwanzigste Jahr¬</Unicode>
                </TextEquiv>
            </TextLine>
            <TextLine id="tr_1_tl_15" custom="readingOrder {index:14;}">
                <Coords points="526,1098 1685,1137 1683,1095 1551,1086 526,1059"/>
                <Baseline points="534,1092 591,1095 649,1097 707,1098 765,1101 822,1102 880,1104 938,1107 996,1108 1053,1110 1111,1115 1169,1113 1227,1114 1284,1118 1342,1119 1400,1122 1458,1124 1515,1125 1573,1128 1631,1130 1689,1131"/>
                <TextEquiv>
                    <Unicode>hundert, eine junge neukräftige, neuansetzende Epoche der</Unicode>
                </TextEquiv>
            </TextLine>
            <TextLine id="tr_1_tl_16" custom="readingOrder {index:15;}">
                <Coords points="523,1140 1614,1185 1676,1182 1675,1140 521,1098"/>
                <Baseline points="531,1137 588,1137 645,1139 703,1140 760,1140 818,1144 875,1148 933,1152 990,1150 1048,1154 1105,1155 1162,1158 1220,1159 1277,1161 1335,1161 1392,1164 1450,1166 1507,1169 1565,1170 1622,1174 1680,1176"/>
                <TextEquiv>
                    <Unicode>Dichtung für Wien noch nicht gekommen ist. Die letzte Blüte</Unicode>
                </TextEquiv>
            </TextLine>
            <TextLine id="tr_1_tl_17" custom="readingOrder {index:16;}">
                <Coords points="520,1184 1675,1224 1673,1181 1566,1172 519,1136"/>
                <Baseline points="528,1179 585,1179 642,1181 700,1185 757,1185 815,1187 872,1189 930,1190 987,1191 1045,1195 1102,1196 1159,1199 1217,1200 1274,1202 1332,1205 1389,1205 1447,1207 1504,1210 1562,1211 1619,1215 1677,1217"/>
                <TextEquiv>
                    <Unicode>einer sterbenden Stadt — man kommt über diesen Eindruck nicht</Unicode>
                </TextEquiv>
            </TextLine>
            <TextLine id="tr_1_tl_18" custom="readingOrder {index:17;}">
                <Coords points="520,1227 1672,1265 1670,1224 1575,1214 519,1182"/>
                <Baseline points="528,1220 585,1221 642,1225 699,1226 757,1229 814,1230 871,1234 929,1235 986,1236 1043,1238 1101,1240 1158,1241 1215,1244 1272,1246 1330,1244 1387,1248 1444,1250 1502,1252 1559,1256 1616,1259 1674,1259"/>
                <TextEquiv>
                    <Unicode>hinweg. Die Jung=Wiener selbst haben ihn — das erklärt die</Unicode>
                </TextEquiv>
            </TextLine>
            <TextLine id="tr_1_tl_19" custom="readingOrder {index:18;}">
                <Coords points="513,1312 706,1274 1195,1333 1678,1330 1675,1267 1614,1256 510,1233"/>
                <Baseline points="519,1271 577,1268 635,1268 693,1271 751,1272 809,1274 867,1276 925,1280 983,1283 1041,1283 1099,1283 1157,1286 1215,1288 1273,1292 1331,1295 1389,1295 1447,1297 1505,1298 1563,1301 1621,1303 1680,1304"/>
                <TextEquiv>
                    <Unicode>Intensität der Liebe, die sie an ihre Heimat bindet, das bringt</Unicode>
                </TextEquiv>
            </TextLine>
            <TextLine id="tr_1_tl_20" custom="readingOrder {index:19;}">
                <Coords points="529,1378 1691,1384 1678,1329 529,1313"/>
                <Baseline points="537,1373 594,1373 652,1375 710,1373 768,1371 826,1373 884,1373 942,1373 1000,1373 1058,1373 1116,1373 1173,1373 1231,1373 1289,1373 1347,1373 1405,1373 1463,1373 1521,1370 1579,1370 1637,1370 1695,1370"/>
                <TextEquiv>
                    <Unicode>den Ton der Wehmut und auch der Erbitterung, oft des Zornes</Unicode>
                </TextEquiv>
            </TextLine>
            <TextLine id="tr_1_tl_21" custom="readingOrder {index:20;}">
                <Coords points="523,1434 1596,1422 1547,1373 523,1377"/>
                <Baseline points="531,1417 584,1416 637,1414 691,1414 744,1417 798,1417 851,1414 904,1414 958,1414 1011,1414 1065,1414 1118,1414 1171,1414 1225,1414 1278,1416 1332,1417 1385,1414 1438,1414 1492,1414 1545,1412 1599,1411"/>
                <TextEquiv>
                    <Unicode>in jeden Erguß eines Wiener Künstlers über „seine Stadt.</Unicode>
                </TextEquiv>
            </TextLine>
            <TextLine id="tr_1_tl_22" custom="readingOrder {index:21;}">
                <Coords points="591,1467 1682,1463 1682,1421 1605,1410 591,1428"/>
                <Baseline points="599,1456 653,1459 707,1459 762,1456 816,1456 870,1458 925,1459 979,1456 1033,1457 1088,1459 1142,1459 1196,1459 1251,1459 1305,1459 1359,1459 1414,1456 1468,1456 1522,1458 1577,1456 1631,1456 1686,1453"/>
                <TextEquiv>
                    <Unicode>Wenn ich nun hier die Wiener Kultur im Spiegel jungwiener</Unicode>
                </TextEquiv>
            </TextLine>
            <TextLine id="tr_1_tl_23" custom="readingOrder {index:22;}">
                <Coords points="532,1505 1685,1512 1665,1460 532,1452"/>
                <Baseline points="540,1501 597,1502 654,1501 712,1501 769,1501 827,1501 884,1501 942,1501 999,1499 1057,1501 1114,1501 1171,1503 1229,1501 1286,1498 1344,1501 1401,1501 1459,1498 1516,1498 1574,1498 1631,1498 1689,1498"/>
                <TextEquiv>
                    <Unicode>Dichtung besehen lassen will, und sage, es sei eine tote Stadt,</Unicode>
                </TextEquiv>
            </TextLine>
            <TextLine id="tr_1_tl_24" custom="readingOrder {index:23;}">
                <Coords points="545,1551 1679,1550 1641,1502 545,1509"/>
                <Baseline points="552,1546 608,1543 665,1545 721,1543 778,1543 834,1543 891,1543 947,1543 1004,1543 1060,1543 1117,1544 1174,1544 1230,1543 1287,1543 1343,1540 1400,1542 1456,1543 1513,1543 1569,1542 1626,1540 1683,1540"/>
                <TextEquiv>
                    <Unicode>o möchte ich mahnend bemerken, daß es bei einer weiten</Unicode>
                </TextEquiv>
            </TextLine>
            <TextLine id="tr_1_tl_25" custom="readingOrder {index:24;}">
                <Coords points="523,1592 1685,1595 1675,1545 523,1551"/>
                <Baseline points="531,1587 588,1587 646,1587 704,1587 762,1584 820,1584 878,1587 936,1587 994,1586 1052,1584 1110,1587 1167,1587 1225,1587 1283,1587 1341,1584 1399,1586 1457,1585 1515,1584 1573,1584 1631,1584 1689,1584"/>
                <TextEquiv>
                    <Unicode>Anschauung den Begriff des endgiltigen Sterbens nicht giebt.</Unicode>
                </TextEquiv>
            </TextLine>
            <TextLine id="tr_1_tl_26" custom="readingOrder {index:25;}">
                <Coords points="532,1634 1651,1643 1683,1599 533,1595"/>
                <Baseline points="540,1632 597,1631 654,1632 711,1631 769,1627 826,1628 883,1629 941,1631 998,1627 1055,1629 1113,1630 1170,1631 1227,1627 1284,1629 1342,1630 1399,1630 1456,1629 1514,1626 1571,1626 1628,1626 1686,1626"/>
                <TextEquiv>
                    <Unicode>Das „Totsein" kann nicht mehr als eine zeitlich begrenzte</Unicode>
                </TextEquiv>
            </TextLine>
            <TextLine id="tr_1_tl_27" custom="readingOrder {index:26;}">
                <Coords points="529,1679 1682,1682 1682,1633 529,1640"/>
                <Baseline points="537,1671 594,1672 651,1671 709,1671 766,1671 824,1669 881,1671 939,1671 996,1671 1054,1671 1111,1674 1168,1673 1226,1671 1283,1671 1341,1671 1398,1673 1456,1671 1513,1671 1571,1671 1628,1669 1686,1665"/>
                <TextEquiv>
                    <Unicode>Stagnation bedeuten, die Periode des Verblutens, des Aufgebens</Unicode>
                </TextEquiv>
            </TextLine>
            <TextLine id="tr_1_tl_28" custom="readingOrder {index:27;}">
                <Coords points="523,1720 1688,1723 1688,1683 1604,1672 1303,1705 523,1682"/>
                <Baseline points="531,1716 589,1718 647,1716 705,1716 763,1713 821,1713 879,1713 937,1716 995,1713 1053,1715 1111,1716 1169,1716 1227,1716 1285,1719 1343,1714 1401,1714 1459,1713 1517,1713 1575,1713 1633,1713 1692,1710"/>
                <TextEquiv>
                    <Unicode>angesammelter Kräfte und Eigenschaften, bevor neues Leben</Unicode>
                </TextEquiv>
            </TextLine>
            <TextLine id="tr_1_tl_29" custom="readingOrder {index:28;}">
                <Coords points="532,1765 1682,1760 1682,1726 1570,1711 532,1723"/>
                <Baseline points="540,1758 597,1758 654,1761 711,1758 769,1756 826,1757 883,1758 941,1758 998,1758 1055,1758 1113,1759 1170,1760 1227,1758 1284,1758 1342,1758 1399,1758 1456,1755 1514,1755 1571,1755 1628,1755 1686,1755"/>
                <TextEquiv>
                    <Unicode>kommt, und es verlohnte auch nicht, den Berliner Begriff von</Unicode>
                </TextEquiv>
            </TextLine>
            <TextLine id="tr_1_tl_30" custom="readingOrder {index:29;}">
                <Coords points="523,1811 1676,1804 1676,1760 523,1765"/>
                <Baseline points="531,1799 588,1800 645,1802 703,1799 760,1799 818,1799 875,1799 933,1799 990,1801 1048,1802 1105,1802 1162,1802 1220,1802 1277,1802 1335,1799 1392,1801 1450,1799 1507,1799 1565,1799 1622,1799 1680,1796"/>
                <TextEquiv>
                    <Unicode>Wien zu korrigieren, wenn nicht zu sagen wäre, daß all jene</Unicode>
                </TextEquiv>
            </TextLine>
            <TextLine id="tr_1_tl_31" custom="readingOrder {index:30;}">
                <Coords points="532,1852 1679,1848 1679,1804 1528,1798 532,1811"/>
                <Baseline points="540,1841 597,1844 654,1844 711,1844 768,1841 825,1842 882,1844 940,1844 997,1846 1054,1844 1111,1844 1168,1844 1225,1844 1282,1844 1340,1844 1397,1844 1454,1841 1511,1841 1568,1841 1625,1841 1683,1841"/>
                <TextEquiv>
                    <Unicode>wesentlichen Eigenschaften, die die materielle Schwäche des</Unicode>
                </TextEquiv>
            </TextLine>
            <TextLine id="tr_1_tl_32" custom="readingOrder {index:31;}">
                <Coords points="523,1903 1679,1901 1656,1845 523,1852"/>
                <Baseline points="531,1886 588,1886 646,1888 703,1889 761,1886 819,1886 876,1888 934,1886 991,1886 1049,1886 1107,1886 1164,1886 1222,1889 1279,1887 1337,1886 1395,1886 1452,1886 1510,1886 1567,1883 1625,1883 1683,1886"/>
                <TextEquiv>
                    <Unicode>österreichischen Volkes, der Wiener Stadt ausmachen, auch die</Unicode>
                </TextEquiv>
            </TextLine>
            <TextLine id="tr_1_tl_33" custom="readingOrder {index:32;}">
                <Coords points="529,1929 1669,1943 1682,1898 529,1894"/>
                <Baseline points="537,1928 594,1931 651,1931 709,1931 766,1931 824,1929 881,1931 939,1930 996,1928 1054,1931 1111,1931 1168,1931 1226,1931 1283,1931 1341,1931 1398,1931 1456,1928 1513,1928 1571,1927 1628,1927 1686,1925"/>
                <TextEquiv>
                    <Unicode>Stärke der Kultur dieses Stammes begründen. Die Wiener</Unicode>
                </TextEquiv>
            </TextLine>
            <TextLine id="tr_1_tl_34" custom="readingOrder {index:33;}">
                <Coords points="537,1978 1683,1981 1683,1939 1627,1930 537,1936"/>
                <Baseline points="546,1973 603,1973 660,1973 717,1973 774,1973 831,1973 888,1973 945,1973 1002,1973 1059,1973 1116,1973 1173,1973 1230,1973 1287,1973 1344,1973 1401,1973 1458,1970 1515,1970 1572,1970 1629,1971 1686,1976"/>
                <TextEquiv>
                    <Unicode>sind in den Augen des Norddeutschen das gemütliche, lässige,</Unicode>
                </TextEquiv>
            </TextLine>
            <TextLine id="tr_1_tl_35" custom="readingOrder {index:34;}">
                <Coords points="532,2026 1678,2023 1678,1981 1595,1975 532,1980"/>
                <Baseline points="540,2014 597,2014 654,2014 711,2016 768,2014 825,2014 882,2014 939,2014 996,2014 1053,2014 1110,2016 1167,2014 1224,2015 1281,2017 1338,2015 1395,2014 1452,2014 1509,2014 1566,2014 1623,2012 1680,2014"/>
                <TextEquiv>
                    <Unicode>faule Volk. Das Schillersche Wort von den Phäaken klingt</Unicode>
                </TextEquiv>
            </TextLine>
            <TextLine id="tr_1_tl_36" custom="readingOrder {index:35;}">
                <Coords points="529,2067 1676,2064 1676,2023 1628,2018 529,2031"/>
                <Baseline points="537,2059 594,2059 651,2059 708,2059 765,2057 822,2056 879,2056 937,2058 994,2056 1051,2056 1108,2058 1165,2056 1222,2056 1279,2056 1337,2054 1394,2056 1451,2056 1508,2056 1565,2056 1622,2056 1680,2056"/>
                <TextEquiv>
                    <Unicode>noch in aller Ohren, die Schellen des Wurstlpraters läuten,</Unicode>
                </TextEquiv>
            </TextLine>
            <TextLine id="tr_1_tl_37" custom="readingOrder {index:36;}">
                <Coords points="529,2108 1667,2108 1634,2060 529,2068"/>
                <Baseline points="537,2101 593,2101 650,2101 707,2101 763,2101 820,2101 877,2102 933,2102 990,2101 1047,2098 1104,2101 1160,2101 1217,2098 1274,2101 1330,2098 1387,2098 1444,2098 1500,2098 1557,2098 1614,2098 1671,2095"/>
                <TextEquiv>
                    <Unicode>unser weicher Dialekt wirbt Freunde, man entsinnt sich</Unicode>
                </TextEquiv>
            </TextLine>
            <TextLine id="tr_1_tl_38" custom="readingOrder {index:37;}">
                <Coords points="523,2164 1665,2145 1602,2097 523,2106"/>
                <Baseline points="531,2146 587,2146 644,2143 701,2146 758,2146 815,2143 872,2145 928,2143 985,2143 1042,2143 1099,2143 1156,2143 1213,2143 1270,2143 1326,2143 1383,2141 1440,2140 1497,2140 1554,2140 1611,2138 1668,2137"/>
                <TextEquiv>
                    <Unicode>des Burgtheaters, der Schauspielkunst und Komödianten</Unicode>
                </TextEquiv>
            </TextLine>
            <TextLine id="tr_1_tl_39" custom="readingOrder {index:38;}">
                <Coords points="523,2199 1670,2190 1647,2142 523,2164"/>
                <Baseline points="531,2187 588,2187 645,2187 702,2187 759,2185 816,2184 873,2187 931,2187 988,2185 1045,2184 1102,2184 1159,2185 1216,2187 1273,2187 1331,2184 1388,2184 1445,2181 1502,2184 1559,2183 1616,2181 1674,2181"/>
                <TextEquiv>
                    <Unicode>verhimmlung — und dann kommen schrille Töne der Politik</Unicode>
                </TextEquiv>
            </TextLine>
            <TextLine id="tr_1_tl_40" custom="readingOrder {index:39;}">
                <Coords points="526,2240 1480,2244 1679,2230 1681,2193 526,2198"/>
                <Baseline points="534,2232 591,2231 648,2232 706,2232 763,2231 821,2229 878,2229 936,2229 993,2229 1051,2229 1108,2229 1165,2228 1223,2228 1280,2229 1338,2229 1395,2229 1453,2229 1510,2229 1568,2226 1625,2224 1683,2223"/>
                <TextEquiv>
                    <Unicode>die Dürre des wirtschaftlichen Lebens ist bekannt, und das</Unicode>
                </TextEquiv>
            </TextLine>
            <TextLine id="tr_1_tl_41" custom="readingOrder {index:40;}">
                <Coords points="529,2279 1676,2279 1637,2227 529,2238"/>
                <Baseline points="537,2274 594,2273 651,2274 708,2274 765,2274 822,2274 879,2274 937,2273 994,2271 1051,2271 1108,2276 1165,2272 1222,2271 1279,2271 1337,2271 1394,2271 1451,2271 1508,2268 1565,2268 1622,2268 1680,2265"/>
                <TextEquiv>
                    <Unicode>Wohlwollen der Wiener Stadt gegenüber wandelt sich allmählich</Unicode>
                </TextEquiv>
            </TextLine>
            <TextLine id="tr_1_tl_42" custom="readingOrder {index:41;}">
                <Coords points="526,2328 1482,2315 1676,2350 1676,2279 1620,2267 526,2280"/>
                <Baseline points="534,2316 591,2317 648,2319 705,2319 763,2316 820,2316 877,2316 935,2316 992,2316 1049,2316 1107,2315 1164,2314 1221,2316 1278,2313 1336,2313 1393,2311 1450,2313 1508,2313 1565,2313 1622,2313 1680,2310"/>
                <TextEquiv>
                    <Unicode>in eine leise kleine Verachtung — eigenes junges Kraftgefühl</Unicode>
                </TextEquiv>
            </TextLine>
            <TextLine id="tr_1_tl_43" custom="readingOrder {index:42;}">
                <Coords points="526,2378 1586,2362 1566,2315 1467,2312 526,2330"/>
                <Baseline points="534,2364 586,2361 639,2361 692,2361 745,2361 798,2361 850,2360 903,2360 956,2359 1009,2361 1062,2361 1114,2361 1167,2359 1220,2358 1273,2358 1326,2358 1378,2355 1431,2356 1484,2356 1537,2355 1590,2355"/>
                <TextEquiv>
                    <Unicode>wird solchem unieugbaren Verfall gegenüber leicht ausgelöst.</Unicode>
                </TextEquiv>
            </TextLine>
            <TextLine id="tr_1_tl_44" custom="readingOrder {index:43;}">
                <Coords points="588,2410 1683,2408 1683,2352 588,2369"/>
                <Baseline points="596,2399 650,2402 705,2402 759,2402 814,2402 868,2402 923,2400 977,2402 1032,2402 1086,2402 1141,2399 1195,2399 1250,2401 1304,2402 1359,2399 1413,2399 1468,2398 1522,2396 1577,2399 1631,2396 1686,2399"/>
                <TextEquiv>
                    <Unicode>Die Götter mögen uns vor der Politik schützen! Doch der</Unicode>
                </TextEquiv>
            </TextLine>
            <TextLine id="tr_1_tl_45" custom="readingOrder {index:44;}">
                <Coords points="523,2469 1676,2450 1647,2402 523,2395"/>
                <Baseline points="531,2444 588,2447 645,2447 703,2446 760,2444 818,2444 875,2444 933,2444 990,2444 1048,2444 1105,2444 1162,2444 1220,2444 1277,2444 1335,2444 1392,2444 1450,2441 1507,2441 1565,2443 1622,2441 1680,2441"/>
                <TextEquiv>
                    <Unicode>Einsichtige sieht den Grund aller Misere in der Tradition der</Unicode>
                </TextEquiv>
            </TextLine>
            <TextLine id="tr_1_tl_46" custom="readingOrder {index:45;}">
                <Coords points="523,2498 1495,2503 1676,2491 1678,2450 523,2471"/>
                <Baseline points="531,2492 588,2492 645,2492 703,2492 760,2491 818,2489 875,2486 933,2489 990,2489 1048,2489 1105,2489 1162,2486 1220,2486 1277,2486 1335,2486 1392,2486 1450,2486 1507,2486 1565,2485 1622,2483 1680,2483"/>
                <TextEquiv>
                    <Unicode>alten Kultur, die uns erdrückt. Manchmal gewinnt in dem</Unicode>
                </TextEquiv>
            </TextLine>
            <TextLine id="tr_1_tl_47" custom="readingOrder {index:46;}">
                <Coords points="529,2539 1606,2548 1670,2543 1672,2492 530,2498"/>
                <Baseline points="537,2531 593,2534 650,2534 707,2533 764,2531 821,2531 878,2531 934,2531 991,2531 1048,2534 1105,2531 1162,2531 1219,2531 1276,2531 1332,2531 1389,2531 1446,2531 1503,2528 1560,2528 1617,2528 1674,2525"/>
                <TextEquiv>
                    <Unicode>Gefühle des Wiener Aestheten die Heimatstadt die Züge</Unicode>
                </TextEquiv>
            </TextLine>
            <TextLine id="tr_1_tl_48" custom="readingOrder {index:47;}">
                <Coords points="529,2581 1676,2583 1634,2532 529,2538"/>
                <Baseline points="537,2575 594,2575 651,2578 708,2575 765,2573 822,2575 879,2575 937,2575 994,2575 1051,2572 1108,2575 1165,2574 1222,2574 1279,2572 1337,2572 1394,2572 1451,2572 1508,2572 1565,2571 1622,2571 1680,2570"/>
                <TextEquiv>
                    <Unicode>Venedigs. Man mag solche Stimmung aus den Büchern der</Unicode>
                </TextEquiv>
            </TextLine>
            <TextLine id="tr_1_tl_49" custom="readingOrder {index:48;}">
                <Coords points="532,2626 1673,2619 1647,2575 532,2580"/>
                <Baseline points="540,2620 596,2620 653,2620 710,2620 767,2618 824,2617 881,2619 937,2617 994,2617 1051,2617 1108,2617 1165,2617 1222,2617 1279,2617 1335,2614 1392,2616 1449,2614 1506,2614 1563,2613 1620,2611 1677,2608"/>
                <TextEquiv>
                    <Unicode>letzten zehn Jahre lesen. Man wird da Andeutungen darüber</Unicode>
                </TextEquiv>
            </TextLine>
            <TextLine id="tr_1_tl_50" custom="readingOrder {index:49;}">
                <Coords points="537,2674 1673,2673 1646,2614 537,2623"/>
                <Baseline points="546,2665 602,2662 659,2663 715,2663 772,2662 828,2665 885,2662 941,2662 998,2662 1054,2662 1111,2662 1168,2660 1224,2659 1281,2662 1337,2659 1394,2659 1450,2659 1507,2659 1563,2659 1620,2657 1677,2653"/>
                <TextEquiv>
                    <Unicode>finden, wie solche Zeit kommen konnte. Man wird seinen Begriff</Unicode>
                </TextEquiv>
            </TextLine>
            <TextLine id="tr_1_tl_51" custom="readingOrder {index:50;}">
                <Coords points="524,2716 1672,2709 1625,2664 526,2677"/>
                <Baseline points="534,2704 591,2707 648,2707 705,2706 762,2706 819,2710 876,2707 933,2707 990,2705 1047,2704 1104,2704 1161,2704 1218,2704 1275,2704 1332,2703 1389,2703 1446,2704 1503,2703 1560,2701 1617,2699 1674,2701"/>
                <TextEquiv>
                    <Unicode>ergänzen können. Und man wird die Anknüpfung an jene</Unicode>
                </TextEquiv>
            </TextLine>
            <TextLine id="tr_1_tl_52" custom="readingOrder {index:51;}">
                <Coords points="535,2755 1617,2764 1617,2716 1518,2703 535,2715"/>
                <Baseline points="543,2749 596,2749 650,2750 704,2752 758,2750 812,2749 866,2749 919,2749 973,2749 1027,2749 1081,2749 1135,2746 1189,2746 1243,2748 1296,2747 1350,2746 1404,2746 1458,2746 1512,2744 1566,2743 1620,2740"/>
                <TextEquiv>
                    <Unicode>österreichischen „Dichter finden, die noch kräftigere Naturen</Unicode>
                </TextEquiv>
            </TextLine>
            <TextLine id="tr_1_tl_53" custom="readingOrder {index:52;}">
                <Coords points="529,2795 1675,2800 1675,2748 1636,2744 529,2757"/>
                <Baseline points="537,2790 594,2790 651,2793 708,2791 765,2793 822,2790 879,2790 936,2789 993,2787 1050,2787 1107,2790 1164,2790 1221,2790 1278,2790 1335,2790 1392,2790 1449,2787 1506,2787 1563,2787 1620,2785 1677,2787"/>
                <TextEquiv>
                    <Unicode>30 oder 50 Jahre früher — den Weg ins Deutsche Reich eher</Unicode>
                </TextEquiv>
            </TextLine>
            <TextLine id="tr_1_tl_54" custom="readingOrder {index:53;}">
                <Coords points="535,2844 1670,2843 1670,2799 1585,2789 535,2798"/>
                <Baseline points="543,2832 599,2835 656,2837 712,2835 769,2835 825,2832 882,2833 938,2833 995,2832 1051,2832 1108,2834 1165,2832 1221,2832 1278,2832 1334,2831 1391,2831 1447,2832 1504,2831 1560,2830 1617,2830 1674,2826"/>
                <TextEquiv>
                    <Unicode>fanden als die Zeitgenossen jetzt. Raimund und Nestroy,</Unicode>
                </TextEquiv>
            </TextLine>
            <TextLine id="tr_1_tl_55" custom="readingOrder {index:54;}">
                <Coords points="532,2886 1673,2882 1673,2844 1522,2829 532,2845"/>
                <Baseline points="540,2877 596,2877 653,2880 710,2879 767,2877 824,2877 881,2877 937,2877 994,2877 1051,2877 1108,2875 1165,2875 1222,2877 1279,2874 1335,2876 1392,2874 1449,2874 1506,2876 1563,2874 1620,2874 1677,2874"/>
                <TextEquiv>
                    <Unicode>Anzengruber und Grillparzer, zu diesen Poeten vermag sich jeder</Unicode>
                </TextEquiv>
            </TextLine>
            <TextLine id="tr_1_tl_56" custom="readingOrder {index:55;}">
                <Coords points="535,2928 1670,2924 1670,2885 1577,2874 1455,2906 1370,2874 535,2886"/>
                <Baseline points="543,2922 599,2922 656,2922 712,2920 769,2921 825,2919 882,2922 938,2922 995,2919 1051,2919 1108,2919 1165,2921 1221,2919 1278,2919 1334,2918 1391,2918 1447,2919 1504,2919 1560,2918 1617,2916 1674,2916"/>
                <TextEquiv>
                    <Unicode>Deutsche seine Brücke selbst zu schlagen. Auch sie drücken</Unicode>
                </TextEquiv>
            </TextLine>
            <TextLine id="tr_1_tl_57" custom="readingOrder {index:56;}">
                <Coords points="523,2969 1676,2970 1660,2921 523,2928"/>
                <Baseline points="531,2964 588,2964 645,2964 703,2964 760,2964 818,2964 875,2964 933,2964 990,2962 1048,2961 1105,2961 1162,2961 1220,2961 1277,2964 1335,2963 1392,2961 1450,2961 1507,2961 1565,2960 1622,2960 1680,2955"/>
                <TextEquiv>
                    <Unicode>österreichisches und Wiener Wesen rein aus; da ist Raimund der</Unicode>
                </TextEquiv>
            </TextLine>
            <TextLine id="tr_1_tl_58" custom="readingOrder {index:57;}">
                <Coords points="526,3017 1650,3020 1675,2970 527,2975"/>
                <Baseline points="534,3008 591,3008 648,3008 705,3008 762,3006 819,3005 876,3008 934,3007 991,3007 1048,3005 1105,3004 1162,3002 1219,3004 1276,3005 1334,3005 1391,3005 1448,3005 1505,3005 1562,3004 1619,3002 1677,3005"/>
                <TextEquiv>
                    <Unicode>Märchenhafte, weiche, lässig philosophierende; dann Nestrey derb,</Unicode>
                </TextEquiv>
            </TextLine>
            <TextLine id="tr_1_tl_59" custom="readingOrder {index:58;}">
                <Coords points="532,3059 1678,3055 1678,3018 1580,3005 532,3017"/>
                <Baseline points="540,3053 597,3053 654,3053 711,3052 768,3048 825,3047 882,3050 939,3049 996,3047 1053,3047 1110,3047 1167,3047 1224,3047 1281,3047 1338,3047 1395,3047 1452,3047 1509,3047 1566,3046 1623,3044 1680,3047"/>
                <TextEquiv>
                    <Unicode>drastisch, auch er ein Weltweiser und Moralist wie alle echten</Unicode>
                </TextEquiv>
            </TextLine>
            <TextLine id="tr_1_tl_60" custom="readingOrder {index:59;}">
                <Coords points="529,3105 1670,3100 1653,3050 529,3058"/>
                <Baseline points="537,3092 593,3095 650,3095 707,3094 764,3092 821,3092 878,3093 934,3094 991,3092 1048,3092 1105,3092 1162,3092 1219,3092 1276,3092 1332,3092 1389,3090 1446,3089 1503,3089 1560,3089 1617,3089 1674,3089"/>
                <TextEquiv>
                    <Unicode>Wiener, dann Anzengruber, in dem sich die österreichische Welt</Unicode>
                </TextEquiv>
            </TextLine>
            <TextLine id="tr_1_tl_61" custom="readingOrder {index:60;}">
                <Coords points="526,3143 1672,3142 1651,3091 526,3105"/>
                <Baseline points="534,3137 591,3137 648,3137 705,3137 762,3137 819,3134 876,3137 933,3137 990,3135 1047,3137 1104,3135 1161,3135 1218,3136 1275,3134 1332,3134 1389,3134 1446,3134 1503,3133 1560,3131 1617,3131 1674,3131"/>
                <TextEquiv>
                    <Unicode>am unverfälschtesten spiegelt mit allen Differenzierungen der</Unicode>
                </TextEquiv>
            </TextLine>
            <TextLine id="tr_1_tl_62" custom="readingOrder {index:61;}">
                <Coords points="523,3187 1670,3184 1660,3136 523,3146"/>
                <Baseline points="531,3178 588,3178 645,3178 702,3178 759,3178 816,3178 873,3178 931,3178 988,3178 1045,3178 1102,3177 1159,3175 1216,3175 1273,3178 1331,3175 1388,3175 1445,3175 1502,3175 1559,3175 1616,3175 1674,3175"/>
                <TextEquiv>
                    <Unicode>Gefühle, vom engsten Egoismus bis zur weichsten Aufgabe</Unicode>
                </TextEquiv>
            </TextLine>
            <TextLine id="tr_1_tl_63" custom="readingOrder {index:62;}">
                <Coords points="529,3236 1670,3232 1650,3181 529,3184"/>
                <Baseline points="537,3223 593,3223 650,3220 707,3223 764,3221 821,3220 878,3223 934,3223 991,3221 1048,3220 1105,3220 1162,3220 1219,3217 1276,3220 1332,3218 1389,3220 1446,3220 1503,3219 1560,3217 1617,3217 1674,3217"/>
                <TextEquiv>
                    <Unicode>eigener Natur, und der ganze Mikrokosmus gruppiert um ein</Unicode>
                </TextEquiv>
            </TextLine>
            <TextLine id="tr_1_tl_64" custom="readingOrder {index:63;}">
                <Coords points="529,3277 1670,3277 1672,3225 529,3236"/>
                <Baseline points="537,3265 593,3265 650,3265 707,3268 764,3266 821,3265 878,3267 934,3265 991,3263 1048,3265 1105,3265 1162,3265 1219,3262 1276,3262 1332,3262 1389,3262 1446,3262 1503,3261 1560,3260 1617,3262 1674,3262"/>
                <TextEquiv>
                    <Unicode>philosophisches System, als dessen letzte Lehre der moralische</Unicode>
                </TextEquiv>
            </TextLine>
            <TextLine id="tr_1_tl_65" custom="readingOrder {index:64;}">
                <Coords points="529,3323 1667,3316 1643,3265 529,3277"/>
                <Baseline points="537,3304 593,3309 650,3309 707,3310 763,3307 820,3309 877,3309 933,3307 990,3307 1047,3307 1104,3307 1160,3307 1217,3304 1274,3304 1330,3304 1387,3304 1444,3304 1500,3304 1557,3304 1614,3304 1671,3307"/>
                <TextEquiv>
                    <Unicode>Stoicismus des Steinklopferhans da ist: Mir kann ni¬</Unicode>
                </TextEquiv>
            </TextLine>
            <TextLine id="tr_1_tl_66" custom="readingOrder {index:65;}">
                <Coords points="529,3364 1670,3365 1670,3319 1617,3304 529,3323"/>
                <Baseline points="537,3355 593,3352 650,3352 707,3352 764,3352 821,3352 878,3352 934,3351 991,3349 1048,3352 1105,3352 1162,3352 1219,3349 1276,3349 1332,3349 1389,3349 1446,3346 1503,3346 1560,3346 1617,3344 1674,3346"/>
                <TextEquiv>
                    <Unicode>geschehn, Wiener Hellenismus, eng an der Grenze jung wienerischer</Unicode>
                </TextEquiv>
            </TextLine>
            <TextLine id="tr_1_tl_67" custom="readingOrder {index:66;}">
                <Coords points="532,3400 1673,3392 1647,3357 1390,3348 532,3364"/>
                <Baseline points="540,3396 596,3393 653,3393 710,3396 767,3394 824,3393 881,3393 937,3393 994,3393 1051,3393 1108,3390 1165,3390 1222,3390 1279,3390 1335,3389 1392,3387 1449,3390 1506,3390 1563,3389 1620,3387 1677,3384"/>
                <TextEquiv>
                    <Unicode>Anschauung; und schließlich der Eigenste: Grillparzer, ver¬</Unicode>
                </TextEquiv>
            </TextLine>
            <TextLine id="tr_1_tl_68" custom="readingOrder {index:67;}">
                <Coords points="532,3448 1473,3455 1672,3440 1673,3393 533,3399"/>
                <Baseline points="540,3438 596,3438 653,3438 710,3438 767,3438 824,3438 881,3436 937,3438 994,3438 1051,3435 1108,3435 1165,3435 1222,3435 1279,3435 1335,3434 1392,3432 1449,3435 1506,3432 1563,3432 1620,3432 1677,3432"/>
                <TextEquiv>
                    <Unicode>schlossen und griesgrämig, hart und weich, stets bereit, die Welt</Unicode>
                </TextEquiv>
            </TextLine>
            <TextLine id="tr_1_tl_69" custom="readingOrder {index:68;}">
                <Coords points="529,3496 1663,3490 1676,3440 530,3447"/>
                <Baseline points="537,3483 594,3483 651,3483 708,3483 765,3481 822,3483 879,3480 937,3482 994,3478 1051,3480 1108,3477 1165,3477 1222,3477 1279,3477 1337,3477 1394,3477 1451,3477 1508,3474 1565,3474 1622,3474 1680,3477"/>
                <TextEquiv>
                    <Unicode>der nächsten Umgebung zu verlassen, auf der Suche und Flucht</Unicode>
                </TextEquiv>
            </TextLine>
            <TextLine id="tr_1_tl_70" custom="readingOrder {index:69;}">
                <Coords points="523,3531 1662,3530 1672,3486 523,3501"/>
                <Baseline points="531,3525 588,3525 645,3525 702,3525 759,3523 816,3522 873,3522 931,3525 988,3523 1045,3522 1102,3519 1159,3519 1216,3519 1273,3519 1331,3521 1388,3517 1445,3519 1502,3519 1559,3518 1616,3516 1674,3516"/>
                <TextEquiv>
                    <Unicode>einer idealistischen Welt, der Wiener Klassizist. An diese Vier</Unicode>
                </TextEquiv>
            </TextLine>
            <TextLine id="tr_1_tl_71" custom="readingOrder {index:70;}">
                <Coords points="523,3580 1676,3570 1676,3531 1605,3519 523,3537"/>
                <Baseline points="531,3566 588,3566 645,3566 703,3566 760,3566 818,3566 875,3566 933,3563 990,3563 1048,3563 1105,3563 1162,3562 1220,3562 1277,3563 1335,3562 1392,3560 1450,3560 1507,3560 1565,3559 1622,3559 1680,3560"/>
                <TextEquiv>
                    <Unicode>muß gedacht werden, wenn nun von Jung=Wienern die Rede</Unicode>
                </TextEquiv>
            </TextLine>
            <TextLine id="tr_1_tl_72" custom="readingOrder {index:71;}">
                <Coords points="532,3639 1670,3611 1611,3562 532,3579"/>
                <Baseline points="540,3611 596,3608 653,3608 710,3608 766,3608 823,3608 880,3608 936,3608 993,3608 1050,3608 1107,3606 1163,3606 1220,3605 1277,3605 1333,3605 1390,3605 1447,3605 1503,3602 1560,3602 1617,3602 1674,3602"/>
                <TextEquiv>
                    <Unicode>gehen soll, um das heutige Wesen dieser Stadt zu umschreiben.</Unicode>
                </TextEquiv>
            </TextLine>
            <TextLine id="tr_1_tl_73" custom="readingOrder {index:72;}">
                <Coords points="600,3684 860,3646 1667,3652 1653,3607 600,3618"/>
                <Baseline points="608,3656 661,3650 714,3650 767,3649 820,3645 873,3645 926,3649 980,3652 1033,3650 1086,3649 1139,3647 1192,3647 1245,3649 1298,3650 1352,3647 1405,3647 1458,3645 1511,3646 1564,3647 1617,3641 1671,3644"/>
                <TextEquiv>
                    <Unicode>„Jung Wien“ — das giebt es nämlich in der That. Es</Unicode>
                </TextEquiv>
            </TextLine>
            <TextLine id="tr_1_tl_74" custom="readingOrder {index:73;}">
                <Coords points="532,3711 1670,3700 1670,3653 1602,3646 864,3646 654,3685 532,3656"/>
                <Baseline points="540,3698 596,3695 653,3695 710,3695 766,3693 823,3692 880,3692 936,3690 993,3691 1050,3689 1107,3689 1163,3691 1220,3692 1277,3692 1333,3689 1390,3689 1447,3689 1503,3689 1560,3689 1617,3687 1674,3686"/>
                <TextEquiv>
                    <Unicode>sind unter da von besonderer Art, und man kann ihre Werke</Unicode>
                </TextEquiv>
            </TextLine>
            <TextLine id="tr_1_tl_75" custom="readingOrder {index:74;}">
                <Coords points="532,3745 1678,3739 1634,3692 532,3711"/>
                <Baseline points="540,3737 597,3738 654,3737 711,3739 768,3737 825,3737 882,3735 939,3736 996,3734 1053,3734 1110,3734 1167,3734 1224,3734 1281,3734 1338,3734 1395,3734 1452,3731 1509,3731 1566,3731 1623,3731 1680,3728"/>
                <TextEquiv>
                    <Unicode>empfehlen, weil es Kulturdokumente sind. Die Autoren dieser</Unicode>
                </TextEquiv>
            </TextLine>
            <TextLine id="tr_1_tl_76" custom="readingOrder {index:75;}">
                <Coords points="532,3787 1678,3790 1659,3734 532,3745"/>
                <Baseline points="540,3781 597,3779 654,3781 711,3781 768,3779 825,3778 882,3778 939,3778 996,3778 1053,3778 1110,3778 1167,3778 1224,3776 1281,3775 1338,3777 1395,3775 1452,3775 1509,3774 1566,3775 1623,3776 1680,3775"/>
                <TextEquiv>
                    <Unicode>Bücher selbst sind weit mehr ideale Repräsentanten ihrer Zeit</Unicode>
                </TextEquiv>
            </TextLine>
            <TextLine id="tr_1_tl_77" custom="readingOrder {index:76;}">
                <Coords points="529,3840 1675,3833 1675,3791 1579,3775 529,3787"/>
                <Baseline points="537,3823 594,3823 651,3823 708,3823 765,3823 822,3823 879,3823 936,3822 993,3822 1050,3823 1107,3823 1164,3821 1221,3820 1278,3820 1335,3819 1392,3819 1449,3820 1506,3819 1563,3818 1620,3818 1677,3817"/>
                <TextEquiv>
                    <Unicode>als Vorboten einer kommenden; so konnte ihre Stärke auch vor</Unicode>
                </TextEquiv>
            </TextLine>
            <TextLine id="tr_1_tl_78" custom="readingOrder {index:77;}">
                <Coords points="526,3877 1673,3867 1673,3827 1612,3817 526,3832"/>
                <Baseline points="534,3868 591,3868 648,3868 705,3867 762,3867 819,3865 876,3868 934,3867 991,3865 1048,3865 1105,3865 1162,3865 1219,3863 1276,3862 1334,3864 1391,3864 1448,3862 1505,3859 1562,3859 1619,3859 1677,3859"/>
                <TextEquiv>
                    <Unicode>allem darin liegen, Typen zu prägen, für Menschen, die in dieser</Unicode>
                </TextEquiv>
            </TextLine>
            <TextLine id="tr_1_tl_79" custom="readingOrder {index:78;}">
                <Coords points="532,3913 1670,3909 1670,3868 1525,3859 532,3874"/>
                <Baseline points="540,3904 596,3907 653,3908 710,3909 766,3909 823,3907 880,3907 936,3905 993,3904 1050,3904 1107,3904 1163,3906 1220,3907 1277,3907 1333,3906 1390,3904 1447,3901 1503,3901 1560,3901 1617,3901 1674,3901"/>
                <TextEquiv>
                    <Unicode>Stadt herumlaufen, einen Ausdruck zu finden, der das Bild des</Unicode>
                </TextEquiv>
            </TextLine>
            <TextLine id="tr_1_tl_80" custom="readingOrder {index:79;}">
                <Coords points="529,3954 1670,3954 1670,3909 1605,3901 529,3916"/>
                <Baseline points="537,3952 593,3949 650,3952 707,3951 764,3951 821,3949 878,3949 934,3949 991,3947 1048,3949 1105,3946 1162,3948 1219,3946 1276,3946 1332,3944 1389,3946 1446,3943 1503,3943 1560,3943 1617,3943 1674,3943"/>
                <TextEquiv>
                    <Unicode>Alltags= und Durchschnittsmenschen für die Kulturgeschichte</Unicode>
                </TextEquiv>
            </TextLine>
            <TextLine id="tr_1_tl_81" custom="readingOrder {index:80;}">
                <Coords points="529,4009 1675,3994 1657,3948 529,3954"/>
                <Baseline points="537,3996 594,3993 651,3990 708,3992 765,3990 822,3990 879,3990 936,3989 993,3987 1050,3990 1107,3987 1164,3987 1221,3987 1278,3987 1335,3987 1392,3987 1449,3987 1506,3987 1563,3987 1620,3985 1677,3981"/>
                <TextEquiv>
                    <Unicode>festhält. In der natürlichen Folge geschah es dann, daß die</Unicode>
                </TextEquiv>
            </TextLine>
            <TextLine id="tr_1_tl_82" custom="readingOrder {index:81;}">
                <Coords points="532,4050 1670,4035 1660,3990 532,4006"/>
                <Baseline points="540,4038 596,4035 653,4035 710,4035 766,4033 823,4032 880,4033 936,4033 993,4032 1050,4032 1107,4030 1163,4032 1220,4029 1277,4029 1333,4029 1390,4029 1447,4026 1503,4026 1560,4027 1617,4027 1674,4026"/>
                <TextEquiv>
                    <Unicode>manchmal etwas verschobenen, weil durch ein künstlerisches, und</Unicode>
                </TextEquiv>
            </TextLine>
            <TextLine id="tr_1_tl_83" custom="readingOrder {index:82;}">
                <Coords points="526,4090 1672,4077 1672,4035 1582,4028 526,4048"/>
                <Baseline points="534,4080 591,4080 648,4080 705,4077 762,4077 819,4077 876,4077 933,4076 990,4074 1047,4074 1104,4074 1161,4074 1218,4074 1275,4074 1332,4074 1389,4072 1446,4071 1503,4071 1560,4071 1617,4069 1674,4068"/>
                <TextEquiv>
                    <Unicode>nicht immer rein wienerisches Temperament gesehenen) Typen</Unicode>
                </TextEquiv>
            </TextLine>
            <TextLine id="tr_1_tl_84" custom="readingOrder {index:83;}">
                <Coords points="532,4131 1678,4119 1615,4068 532,4095"/>
                <Baseline points="540,4119 597,4122 654,4122 711,4121 768,4119 825,4119 882,4119 939,4119 996,4117 1053,4116 1110,4116 1167,4116 1224,4116 1281,4116 1338,4116 1395,4116 1452,4113 1509,4115 1566,4112 1623,4110 1680,4110"/>
                <TextEquiv>
                    <Unicode>aus der Litteratur in die Wirklichkeit rückten, daß also jene Ein¬</Unicode>
                </TextEquiv>
            </TextLine>
            <TextLine id="tr_1_tl_85" custom="readingOrder {index:84;}">
                <Coords points="532,4170 1575,4172 1670,4164 1672,4116 533,4131"/>
                <Baseline points="540,4166 596,4163 653,4166 710,4166 766,4164 823,4163 880,4163 936,4163 993,4161 1050,4163 1107,4163 1163,4163 1220,4160 1277,4160 1333,4159 1390,4157 1447,4157 1503,4157 1560,4156 1617,4154 1674,4152"/>
                <TextEquiv>
                    <Unicode>wirkung der Kunst auf die Natur sich einstellte, die man im</Unicode>
                </TextEquiv>
            </TextLine>
            <TextEquiv>
                <Unicode></Unicode>
            </TextEquiv>
        </TextRegion>
        <TextRegion orientation="0.0" id="tr_2" custom="readingOrder {index:1;}">
            <Coords points="1719,1347 1719,4167 2883,4167 2883,1347"/>
            <TextLine id="tr_2_tl_1" custom="readingOrder {index:0;}">
                <Coords points="1728,1383 2870,1387 2870,1336 2761,1319 1826,1344 1728,1313"/>
                <Baseline points="1737,1367 1793,1370 1850,1370 1907,1370 1964,1373 2021,1370 2078,1372 2134,1370 2191,1370 2248,1373 2305,1373 2362,1373 2419,1371 2476,1373 2532,1373 2589,1373 2646,1370 2703,1372 2760,1370 2817,1370 2874,1370"/>
                <TextEquiv>
                    <Unicode>Diese moralisierenden Züge zusammen mit einem leisen Humor,</Unicode>
                </TextEquiv>
            </TextLine>
            <TextLine id="tr_2_tl_2" custom="readingOrder {index:1;}">
                <Coords points="1726,1423 2872,1419 2853,1377 1726,1378"/>
                <Baseline points="1734,1411 1791,1413 1848,1411 1905,1413 1962,1414 2019,1413 2076,1413 2133,1411 2190,1414 2247,1414 2304,1414 2361,1414 2418,1414 2475,1414 2532,1414 2589,1414 2646,1413 2703,1413 2760,1411 2817,1411 2874,1414"/>
                <TextEquiv>
                    <Unicode>mit einer plastischen Kraft, Menschen und Charaktere heraus¬</Unicode>
                </TextEquiv>
            </TextLine>
            <TextLine id="tr_2_tl_3" custom="readingOrder {index:2;}">
                <Coords points="1723,1466 2879,1467 2816,1416 1723,1426"/>
                <Baseline points="1731,1459 1788,1456 1846,1456 1903,1459 1961,1456 2019,1456 2076,1456 2134,1456 2191,1456 2249,1456 2307,1456 2364,1459 2422,1459 2479,1456 2537,1456 2595,1458 2652,1459 2710,1456 2767,1456 2825,1456 2883,1456"/>
                <TextEquiv>
                    <Unicode>zubringen, ist die beste Gabe Bahrs, zugleich das Oesterreichische,</Unicode>
                </TextEquiv>
            </TextLine>
            <TextLine id="tr_2_tl_4" custom="readingOrder {index:3;}">
                <Coords points="1723,1502 2873,1521 2873,1467 2805,1458 1723,1466"/>
                <Baseline points="1731,1498 1788,1498 1845,1498 1902,1498 1960,1498 2017,1498 2074,1498 2132,1498 2189,1498 2246,1498 2304,1501 2361,1501 2418,1501 2475,1501 2533,1497 2590,1498 2647,1500 2705,1501 2762,1501 2819,1500 2877,1501"/>
                <TextEquiv>
                    <Unicode>das in ihm ist. Er hat eine kräftige Natur — und die fehlt</Unicode>
                </TextEquiv>
            </TextLine>
            <TextLine id="tr_2_tl_5" custom="readingOrder {index:4;}">
                <Coords points="1726,1548 2346,1554 2346,1515 2243,1499 1938,1521 1726,1505"/>
                <Baseline points="1734,1543 1764,1541 1795,1541 1826,1543 1857,1543 1887,1542 1918,1540 1949,1542 1980,1542 2010,1540 2041,1540 2072,1540 2103,1540 2133,1540 2164,1540 2195,1540 2226,1540 2256,1540 2287,1541 2318,1543 2349,1543"/>
                <TextEquiv>
                    <Unicode>den meisten anderen Jung Wienern.</Unicode>
                </TextEquiv>
            </TextLine>
            <TextLine id="tr_2_tl_6" custom="readingOrder {index:5;}">
                <Coords points="1782,1592 2864,1599 2864,1521 2590,1559 2526,1525 1782,1541"/>
                <Baseline points="1790,1582 1843,1584 1897,1584 1951,1583 2005,1584 2059,1584 2113,1584 2167,1584 2221,1584 2275,1584 2329,1584 2382,1584 2436,1584 2490,1583 2544,1582 2598,1582 2652,1582 2706,1584 2760,1584 2814,1584 2868,1584"/>
                <TextEquiv>
                    <Unicode>Mehr als es den Anschein hat, ist die zweite Gruppe Jung¬</Unicode>
                </TextEquiv>
            </TextLine>
            <TextLine id="tr_2_tl_7" custom="readingOrder {index:6;}">
                <Coords points="1723,1631 2869,1631 2805,1589 1723,1575"/>
                <Baseline points="1731,1626 1788,1624 1845,1623 1902,1626 1959,1626 2016,1626 2073,1627 2130,1629 2187,1629 2244,1629 2301,1628 2358,1626 2415,1626 2472,1629 2529,1627 2586,1629 2643,1629 2700,1627 2757,1626 2814,1625 2871,1623"/>
                <TextEquiv>
                    <Unicode>Wiener von Bahr entfernt. Schnitzler, Hoffmannsthal, Beer¬</Unicode>
                </TextEquiv>
            </TextLine>
            <TextLine id="tr_2_tl_8" custom="readingOrder {index:7;}">
                <Coords points="1720,1681 2867,1678 2857,1630 1720,1633"/>
                <Baseline points="1728,1662 1785,1668 1842,1670 1899,1671 1956,1671 2013,1671 2070,1671 2128,1671 2185,1671 2242,1671 2299,1671 2356,1671 2413,1671 2470,1671 2528,1671 2585,1671 2642,1674 2699,1672 2756,1668 2813,1669 2871,1668"/>
                <TextEquiv>
                    <Unicode>Hoffmann. Diese Dichter sind Kulturmenschen. Ihre Kraft</Unicode>
                </TextEquiv>
            </TextLine>
            <TextLine id="tr_2_tl_9" custom="readingOrder {index:8;}">
                <Coords points="1723,1717 2873,1723 2767,1669 1723,1681"/>
                <Baseline points="1731,1707 1788,1713 1845,1713 1902,1713 1960,1713 2017,1713 2074,1713 2132,1713 2189,1713 2246,1713 2304,1715 2361,1716 2418,1715 2475,1713 2533,1713 2590,1713 2647,1712 2705,1712 2762,1710 2819,1712 2877,1710"/>
                <TextEquiv>
                    <Unicode>wurzelt nicht im Leben, sondern in schönen Büchern, Bildern,</Unicode>
                </TextEquiv>
            </TextLine>
            <TextLine id="tr_2_tl_10" custom="readingOrder {index:9;}">
                <Coords points="1723,1758 2869,1769 2851,1715 1723,1717"/>
                <Baseline points="1731,1752 1788,1755 1845,1755 1902,1755 1959,1755 2016,1755 2073,1755 2130,1755 2187,1756 2244,1758 2301,1758 2358,1758 2415,1757 2472,1757 2529,1756 2586,1755 2643,1755 2700,1755 2757,1755 2814,1754 2871,1752"/>
                <TextEquiv>
                    <Unicode>Vorstellungen. Sie sind Aestheten. Ihre vornehmste Gabe ist</Unicode>
                </TextEquiv>
            </TextLine>
            <TextLine id="tr_2_tl_11" custom="readingOrder {index:10;}">
                <Coords points="1723,1804 2870,1804 2829,1758 1723,1762"/>
                <Baseline points="1731,1796 1788,1796 1845,1798 1902,1799 1959,1799 2016,1798 2073,1798 2131,1796 2188,1797 2245,1798 2302,1798 2359,1799 2416,1799 2473,1799 2531,1799 2588,1799 2645,1799 2702,1799 2759,1796 2816,1798 2874,1796"/>
                <TextEquiv>
                    <Unicode>der Geschmack die Kunstform. Sie sind alle Stilisten. Und sie</Unicode>
                </TextEquiv>
            </TextLine>
            <TextLine id="tr_2_tl_12" custom="readingOrder {index:11;}">
                <Coords points="1723,1853 2869,1848 2869,1804 2802,1798 1723,1804"/>
                <Baseline points="1731,1841 1788,1843 1845,1841 1902,1844 1959,1842 2016,1841 2073,1844 2130,1843 2187,1841 2244,1841 2301,1842 2358,1844 2415,1844 2472,1841 2529,1843 2586,1841 2643,1844 2700,1841 2757,1841 2814,1839 2871,1835"/>
                <TextEquiv>
                    <Unicode>sind zart, sensibel, etwas schwermütig. Deshalb sind Schnitzlers</Unicode>
                </TextEquiv>
            </TextLine>
            <TextLine id="tr_2_tl_13" custom="readingOrder {index:12;}">
                <Coords points="1720,1888 2866,1891 2851,1843 1720,1850"/>
                <Baseline points="1728,1880 1785,1883 1842,1883 1899,1886 1956,1884 2013,1886 2070,1886 2127,1886 2184,1886 2241,1886 2298,1887 2355,1887 2412,1886 2469,1883 2526,1883 2583,1885 2640,1883 2697,1883 2754,1883 2811,1883 2868,1877"/>
                <TextEquiv>
                    <Unicode>wundervolle Novellen, sein Roman „Frau Berta Garlau“ erfüllt</Unicode>
                </TextEquiv>
            </TextLine>
            <TextLine id="tr_2_tl_14" custom="readingOrder {index:13;}">
                <Coords points="1717,1936 2867,1935 2867,1893 2737,1882 1717,1888"/>
                <Baseline points="1725,1925 1782,1928 1839,1928 1896,1930 1954,1928 2011,1928 2068,1928 2126,1928 2183,1928 2240,1928 2298,1928 2355,1931 2412,1928 2469,1928 2527,1928 2584,1929 2641,1928 2699,1925 2756,1925 2813,1925 2871,1925"/>
                <TextEquiv>
                    <Unicode>von süßer Wehmut, von etwas kranker Weichheit. Ich wiederhole</Unicode>
                </TextEquiv>
            </TextLine>
            <TextLine id="tr_2_tl_15" custom="readingOrder {index:14;}">
                <Coords points="1720,1978 2867,1980 2867,1936 2816,1929 1720,1941"/>
                <Baseline points="1728,1973 1785,1973 1842,1971 1899,1970 1956,1973 2013,1973 2070,1973 2128,1970 2185,1970 2242,1970 2299,1970 2356,1970 2413,1970 2470,1970 2528,1970 2585,1970 2642,1969 2699,1969 2756,1970 2813,1971 2871,1973"/>
                <TextEquiv>
                    <Unicode>was dem Einsichtigen ja so wie so klar, das alles ist kein Tadel,</Unicode>
                </TextEquiv>
            </TextLine>
            <TextLine id="tr_2_tl_16" custom="readingOrder {index:15;}">
                <Coords points="1717,2020 2864,2015 2864,1981 2665,1968 1717,1977"/>
                <Baseline points="1725,2011 1782,2014 1839,2014 1896,2014 1953,2014 2010,2014 2067,2014 2125,2011 2182,2012 2239,2014 2296,2014 2353,2014 2410,2014 2467,2014 2525,2014 2582,2011 2639,2011 2696,2011 2753,2011 2810,2011 2868,2014"/>
                <TextEquiv>
                    <Unicode>kann ja keiner sein; es sind Feststellungen, die für die kultur¬</Unicode>
                </TextEquiv>
            </TextLine>
            <TextLine id="tr_2_tl_17" custom="readingOrder {index:16;}">
                <Coords points="1715,2065 2872,2063 2864,2015 1717,2022"/>
                <Baseline points="1725,2053 1782,2058 1840,2056 1897,2056 1955,2056 2013,2056 2070,2056 2128,2053 2185,2053 2243,2053 2301,2053 2358,2053 2416,2056 2473,2054 2531,2053 2589,2053 2646,2053 2704,2053 2761,2053 2819,2055 2877,2056"/>
                <TextEquiv>
                    <Unicode>historische Bedeutung dieser Dichter und ihrer Werke bedeutsam</Unicode>
                </TextEquiv>
            </TextLine>
            <TextLine id="tr_2_tl_18" custom="readingOrder {index:17;}">
                <Coords points="1723,2112 2870,2113 2856,2058 1723,2064"/>
                <Baseline points="1731,2098 1788,2098 1845,2098 1902,2098 1959,2098 2016,2098 2073,2098 2131,2097 2188,2095 2245,2095 2302,2098 2359,2098 2416,2096 2473,2098 2531,2098 2588,2098 2645,2098 2702,2098 2759,2098 2816,2098 2874,2095"/>
                <TextEquiv>
                    <Unicode>sind. Die Sehnsucht dieser Menschen geht nach Kunst, nicht</Unicode>
                </TextEquiv>
            </TextLine>
            <TextLine id="tr_2_tl_19" custom="readingOrder {index:18;}">
                <Coords points="1717,2148 2870,2153 2870,2115 2773,2097 1717,2113"/>
                <Baseline points="1725,2140 1782,2140 1839,2140 1897,2143 1954,2140 2012,2138 2069,2140 2127,2140 2184,2139 2242,2137 2299,2139 2356,2143 2414,2140 2471,2140 2529,2143 2586,2140 2644,2140 2701,2140 2759,2140 2816,2140 2874,2140"/>
                <TextEquiv>
                    <Unicode>nach Leben. Deshalb ist die Renaissance das Ziel ihrer Träume.</Unicode>
                </TextEquiv>
            </TextLine>
            <TextLine id="tr_2_tl_20" custom="readingOrder {index:19;}">
                <Coords points="1717,2189 2870,2192 2870,2148 2808,2144 1717,2148"/>
                <Baseline points="1725,2181 1782,2184 1839,2184 1897,2184 1954,2181 2012,2181 2069,2183 2127,2184 2184,2181 2242,2181 2299,2183 2356,2184 2414,2183 2471,2181 2529,2181 2586,2182 2644,2184 2701,2182 2759,2181 2816,2184 2874,2181"/>
                <TextEquiv>
                    <Unicode>Schnitzler ist der einzige unter ihnen, der noch Wirklichkeitssinn</Unicode>
                </TextEquiv>
            </TextLine>
            <TextLine id="tr_2_tl_21" custom="readingOrder {index:20;}">
                <Coords points="1717,2232 2873,2235 2856,2187 1717,2186"/>
                <Baseline points="1725,2226 1782,2228 1840,2226 1897,2226 1955,2226 2013,2225 2070,2225 2128,2226 2185,2224 2243,2226 2301,2226 2358,2226 2416,2226 2473,2226 2531,2226 2589,2226 2646,2226 2704,2223 2761,2223 2819,2226 2877,2226"/>
                <TextEquiv>
                    <Unicode>hat. Doch auch er ist weit entfernt vom Realismus. Er sieht</Unicode>
                </TextEquiv>
            </TextLine>
            <TextLine id="tr_2_tl_22" custom="readingOrder {index:21;}">
                <Coords points="1717,2275 2867,2279 2854,2231 1717,2232"/>
                <Baseline points="1725,2268 1782,2268 1839,2270 1896,2271 1954,2268 2011,2268 2068,2268 2126,2265 2183,2268 2240,2268 2298,2270 2355,2271 2412,2271 2469,2271 2527,2268 2584,2270 2641,2269 2699,2269 2756,2268 2813,2268 2871,2268"/>
                <TextEquiv>
                    <Unicode>die Menschen in ihrer Schicksalsstunde an, fast immer ist das</Unicode>
                </TextEquiv>
            </TextLine>
            <TextLine id="tr_2_tl_23" custom="readingOrder {index:22;}">
                <Coords points="1726,2331 2867,2324 2867,2280 2776,2267 1726,2276"/>
                <Baseline points="1734,2310 1790,2311 1847,2313 1904,2313 1961,2310 2018,2313 2075,2313 2131,2313 2188,2313 2245,2312 2302,2312 2359,2313 2416,2310 2473,2312 2529,2313 2586,2313 2643,2313 2700,2313 2757,2313 2814,2313 2871,2313"/>
                <TextEquiv>
                    <Unicode>Problem seiner Dichtung die Art, wie sich Menschen an ihrem</Unicode>
                </TextEquiv>
            </TextLine>
            <TextLine id="tr_2_tl_24" custom="readingOrder {index:23;}">
                <Coords points="1717,2368 2863,2368 2863,2320 2821,2317 1717,2318"/>
                <Baseline points="1725,2355 1782,2358 1839,2355 1896,2356 1953,2356 2010,2352 2067,2354 2124,2353 2181,2353 2238,2352 2295,2355 2352,2355 2409,2353 2466,2355 2523,2355 2580,2355 2637,2355 2694,2355 2751,2354 2808,2354 2865,2352"/>
                <TextEquiv>
                    <Unicode>schwersten Tage erweisen. — Die Kunst Hugo von Hoffmannsthals</Unicode>
                </TextEquiv>
            </TextLine>
            <TextLine id="tr_2_tl_25" custom="readingOrder {index:24;}">
                <Coords points="1720,2408 2867,2401 2867,2368 2776,2357 1720,2366"/>
                <Baseline points="1728,2402 1785,2399 1842,2399 1899,2399 1956,2397 2013,2396 2070,2396 2128,2396 2185,2396 2242,2396 2299,2397 2356,2399 2413,2399 2470,2396 2528,2399 2585,2399 2642,2399 2699,2399 2756,2399 2813,2399 2871,2396"/>
                <TextEquiv>
                    <Unicode>ist Treibhauskunst. Er ist ein Mensch von unsagbar seiner</Unicode>
                </TextEquiv>
            </TextLine>
            <TextLine id="tr_2_tl_26" custom="readingOrder {index:25;}">
                <Coords points="1711,2453 2864,2458 2864,2408 2786,2402 1711,2407"/>
                <Baseline points="1719,2441 1776,2444 1833,2444 1891,2441 1948,2441 2006,2441 2063,2441 2121,2441 2178,2441 2236,2441 2293,2441 2350,2441 2408,2442 2465,2442 2523,2441 2580,2441 2638,2441 2695,2441 2753,2441 2810,2441 2868,2444"/>
                <TextEquiv>
                    <Unicode>Kultur, von einem ungemein entwickelten Formensinn und vielem</Unicode>
                </TextEquiv>
            </TextLine>
            <TextLine id="tr_2_tl_27" custom="readingOrder {index:26;}">
                <Coords points="1720,2492 2867,2501 2816,2443 1720,2450"/>
                <Baseline points="1728,2480 1785,2486 1842,2486 1899,2484 1956,2486 2013,2484 2070,2486 2128,2483 2185,2483 2242,2483 2299,2485 2356,2486 2413,2486 2470,2486 2528,2483 2585,2483 2642,2486 2699,2484 2756,2483 2813,2483 2871,2483"/>
                <TextEquiv>
                    <Unicode>Wissen. Seine Dichtungen gehören zu den vornehmsten artistischen</Unicode>
                </TextEquiv>
            </TextLine>
            <TextLine id="tr_2_tl_28" custom="readingOrder {index:27;}">
                <Coords points="1723,2535 2861,2538 2861,2495 2809,2488 1723,2494"/>
                <Baseline points="1731,2525 1787,2530 1844,2528 1901,2530 1957,2528 2014,2528 2071,2528 2127,2528 2184,2528 2241,2528 2298,2528 2354,2528 2411,2528 2468,2528 2524,2528 2581,2528 2638,2528 2694,2528 2751,2528 2808,2528 2865,2525"/>
                <TextEquiv>
                    <Unicode>Werken unserer Zeit. Allein ihre Quelle ist nicht das Leben,</Unicode>
                </TextEquiv>
            </TextLine>
            <TextLine id="tr_2_tl_29" custom="readingOrder {index:28;}">
                <Coords points="1726,2578 2867,2583 2867,2538 2813,2529 1726,2536"/>
                <Baseline points="1734,2572 1790,2572 1847,2572 1904,2572 1961,2571 2018,2570 2075,2570 2131,2570 2188,2570 2245,2570 2302,2571 2359,2572 2416,2572 2473,2570 2529,2570 2586,2568 2643,2570 2700,2570 2757,2570 2814,2570 2871,2570"/>
                <TextEquiv>
                    <Unicode>sondern die Kultur vergangener Jahrhunderte. Er und jedes</Unicode>
                </TextEquiv>
            </TextLine>
            <TextLine id="tr_2_tl_30" custom="readingOrder {index:29;}">
                <Coords points="1723,2625 2869,2632 2825,2574 1723,2591"/>
                <Baseline points="1731,2614 1788,2614 1845,2614 1902,2614 1959,2614 2016,2614 2073,2613 2130,2612 2187,2614 2244,2614 2301,2614 2358,2614 2415,2614 2472,2614 2529,2611 2586,2611 2643,2614 2700,2611 2757,2611 2814,2611 2871,2611"/>
                <TextEquiv>
                    <Unicode>seiner Werke ist undenkbar ohne tausend Vorläufer aus allen</Unicode>
                </TextEquiv>
            </TextLine>
            <TextLine id="tr_2_tl_31" custom="readingOrder {index:30;}">
                <Coords points="1717,2664 2863,2674 2863,2630 2771,2610 1717,2625"/>
                <Baseline points="1725,2659 1782,2659 1839,2659 1896,2659 1953,2659 2010,2656 2067,2656 2124,2659 2181,2658 2238,2656 2295,2658 2352,2656 2409,2656 2466,2656 2523,2656 2580,2656 2637,2656 2694,2656 2751,2656 2808,2656 2865,2659"/>
                <TextEquiv>
                    <Unicode>Blütezeiten dichtender und bildender Kunst aller Völker. Deshalb,</Unicode>
                </TextEquiv>
            </TextLine>
            <TextLine id="tr_2_tl_32" custom="readingOrder {index:31;}">
                <Coords points="1711,2713 2857,2702 2841,2664 2690,2655 1711,2661"/>
                <Baseline points="1719,2704 1776,2703 1833,2701 1890,2703 1947,2701 2004,2701 2061,2700 2118,2698 2175,2698 2232,2701 2289,2701 2346,2699 2403,2700 2460,2701 2517,2700 2574,2698 2631,2698 2688,2698 2745,2698 2802,2698 2859,2698"/>
                <TextEquiv>
                    <Unicode>weil er zum kräftigen wirklichen Leben keine unmittelbare Be¬</Unicode>
                </TextEquiv>
            </TextLine>
            <TextLine id="tr_2_tl_33" custom="readingOrder {index:32;}">
                <Coords points="1717,2755 2856,2751 2829,2702 1717,2715"/>
                <Baseline points="1725,2746 1781,2746 1838,2746 1895,2746 1951,2746 2008,2743 2065,2743 2121,2743 2178,2743 2235,2743 2292,2743 2348,2743 2405,2743 2462,2743 2518,2745 2575,2743 2632,2743 2688,2743 2745,2743 2802,2741 2859,2740"/>
                <TextEquiv>
                    <Unicode>ziehung hat, sind seine Werke immer kühl, greifen nie in unser</Unicode>
                </TextEquiv>
            </TextLine>
            <TextLine id="tr_2_tl_34" custom="readingOrder {index:33;}">
                <Coords points="1711,2793 2821,2803 2863,2757 1712,2761"/>
                <Baseline points="1719,2787 1776,2789 1833,2787 1890,2786 1948,2786 2005,2785 2062,2787 2120,2787 2177,2785 2234,2787 2292,2787 2349,2787 2406,2787 2463,2784 2521,2787 2578,2785 2635,2784 2693,2784 2750,2783 2807,2781 2865,2784"/>
                <TextEquiv>
                    <Unicode>Tiefstes. Er ist ein Vollbild des Aestheten. Im übrigen: Er</Unicode>
                </TextEquiv>
            </TextLine>
            <TextLine id="tr_2_tl_35" custom="readingOrder {index:34;}">
                <Coords points="1717,2838 2859,2840 2859,2796 2793,2780 1717,2796"/>
                <Baseline points="1725,2835 1781,2832 1838,2832 1895,2831 1952,2829 2009,2826 2066,2827 2122,2829 2179,2829 2236,2829 2293,2829 2350,2829 2407,2829 2464,2829 2520,2828 2577,2828 2634,2826 2691,2826 2748,2826 2805,2826 2862,2829"/>
                <TextEquiv>
                    <Unicode>ist noch nicht 30 Jahre alt. An seiner Seite steht Richard</Unicode>
                </TextEquiv>
            </TextLine>
            <TextLine id="tr_2_tl_36" custom="readingOrder {index:35;}">
                <Coords points="1711,2879 2859,2886 2859,2835 2719,2827 1711,2840"/>
                <Baseline points="1719,2874 1776,2874 1833,2874 1890,2874 1947,2874 2004,2871 2061,2874 2119,2871 2176,2871 2233,2874 2290,2876 2347,2873 2404,2871 2461,2871 2519,2871 2576,2871 2633,2868 2690,2871 2747,2871 2804,2871 2862,2871"/>
                <TextEquiv>
                    <Unicode>Veer=Hoffmann. Von seinem „Tod Georgs" ist ebenfalls zu</Unicode>
                </TextEquiv>
            </TextLine>
            <TextLine id="tr_2_tl_37" custom="readingOrder {index:36;}">
                <Coords points="1720,2928 2748,2934 2851,2920 2853,2877 1721,2880"/>
                <Baseline points="1728,2919 1784,2919 1840,2919 1897,2919 1953,2917 2010,2916 2066,2916 2122,2914 2179,2916 2235,2916 2292,2916 2348,2916 2404,2916 2461,2914 2517,2916 2574,2914 2630,2913 2686,2916 2743,2916 2799,2914 2856,2910"/>
                <TextEquiv>
                    <Unicode>sagen, daß es ein weltfremdes, weltabgewandtes Buch ist, die</Unicode>
                </TextEquiv>
            </TextLine>
            <TextLine id="tr_2_tl_38" custom="readingOrder {index:37;}">
                <Coords points="1714,2972 2856,2966 2832,2918 1714,2930"/>
                <Baseline points="1722,2961 1778,2964 1835,2961 1892,2963 1949,2961 2006,2958 2063,2958 2119,2958 2176,2958 2233,2958 2290,2958 2347,2958 2404,2958 2461,2958 2517,2959 2574,2961 2631,2958 2688,2956 2745,2958 2802,2958 2859,2958"/>
                <TextEquiv>
                    <Unicode>Dichtung eines Träumers, eine Schöpfung für die ganz</Unicode>
                </TextEquiv>
            </TextLine>
            <TextLine id="tr_2_tl_39" custom="readingOrder {index:38;}">
                <Coords points="1714,3015 2856,3012 2812,2960 1714,2972"/>
                <Baseline points="1722,3002 1778,3005 1835,3005 1892,3005 1949,3005 2006,3002 2063,3002 2119,3002 2176,3000 2233,2999 2290,3002 2347,3002 2404,3002 2461,2999 2517,3000 2574,3000 2631,2999 2688,2999 2745,2998 2802,2996 2859,2999"/>
                <TextEquiv>
                    <Unicode>wenigen, ich möchte das Wort wagen: es ist ein dekoratives</Unicode>
                </TextEquiv>
            </TextLine>
            <TextLine id="tr_2_tl_40" custom="readingOrder {index:39;}">
                <Coords points="1723,3055 2856,3050 2821,3002 1723,3011"/>
                <Baseline points="1731,3047 1787,3047 1843,3047 1900,3047 1956,3047 2013,3047 2069,3047 2125,3047 2182,3044 2238,3047 2295,3047 2351,3047 2407,3044 2464,3044 2520,3044 2577,3044 2633,3044 2689,3044 2746,3043 2802,3041 2859,3044"/>
                <TextEquiv>
                    <Unicode>Buch; damit soll gesagt werden: es könne nur durch seine</Unicode>
                </TextEquiv>
            </TextLine>
            <TextLine id="tr_2_tl_41" custom="readingOrder {index:40;}">
                <Coords points="1720,3114 1753,3100 1803,3095 1814,3103 1846,3094 1955,3098 1955,3060 1907,3052 1890,3059 1872,3050 1819,3072 1803,3058 1772,3065 1720,3053"/>
                <Baseline points="1728,3095 1753,3091 1779,3089 1804,3089 1830,3089 1855,3089 1881,3090 1906,3092 1932,3092 1958,3092"/>
                <TextEquiv>
                    <Unicode>Form wirken.</Unicode>
                </TextEquiv>
            </TextLine>
            <TextLine id="tr_2_tl_42" custom="readingOrder {index:41;}">
                <Coords points="1774,3137 2856,3142 2856,3072 1774,3101"/>
                <Baseline points="1781,3134 1834,3131 1888,3132 1942,3132 1996,3131 2050,3131 2104,3131 2158,3131 2212,3131 2266,3131 2320,3131 2373,3131 2427,3131 2481,3131 2535,3131 2589,3131 2643,3128 2697,3128 2751,3128 2805,3126 2859,3125"/>
                <TextEquiv>
                    <Unicode>Nahe diesen Dichtungen steht eine Novelle Felix Saltens</Unicode>
                </TextEquiv>
            </TextLine>
            <TextLine id="tr_2_tl_43" custom="readingOrder {index:42;}">
                <Coords points="1720,3187 2867,3177 2867,3133 2777,3130 1720,3152"/>
                <Baseline points="1728,3181 1785,3176 1842,3175 1899,3175 1956,3175 2013,3172 2070,3175 2128,3172 2185,3174 2242,3172 2299,3172 2356,3172 2413,3172 2470,3172 2528,3172 2585,3172 2642,3172 2699,3169 2756,3169 2813,3169 2871,3169"/>
                <TextEquiv>
                    <Unicode>„Die Gedenktafel der Prinzessin Anna", die in frech künstlerischer</Unicode>
                </TextEquiv>
            </TextLine>
            <TextLine id="tr_2_tl_44" custom="readingOrder {index:43;}">
                <Coords points="1711,3225 2867,3222 2867,3174 1711,3185"/>
                <Baseline points="1719,3217 1776,3220 1834,3217 1891,3220 1949,3219 2007,3217 2064,3217 2122,3215 2179,3217 2237,3217 2295,3217 2352,3219 2410,3217 2467,3214 2525,3214 2583,3214 2640,3211 2698,3211 2755,3214 2813,3212 2871,3211"/>
                <TextEquiv>
                    <Unicode>Art in das Italien vergangener Jahrhunderte führt und sich</Unicode>
                </TextEquiv>
            </TextLine>
            <TextLine id="tr_2_tl_45" custom="readingOrder {index:44;}">
                <Coords points="1714,3281 2870,3265 2844,3217 1714,3226"/>
                <Baseline points="1722,3265 1779,3262 1837,3262 1894,3262 1952,3261 2010,3259 2067,3259 2125,3259 2182,3259 2240,3259 2298,3259 2355,3259 2413,3259 2470,3259 2528,3258 2586,3256 2643,3256 2701,3256 2758,3256 2816,3256 2874,3256"/>
                <TextEquiv>
                    <Unicode>durch glänzende Stilkunst auszeichnet. Diese Geschichte muß¬</Unicode>
                </TextEquiv>
            </TextLine>
            <TextLine id="tr_2_tl_46" custom="readingOrder {index:45;}">
                <Coords points="1714,3319 2864,3333 2864,3259 1714,3277"/>
                <Baseline points="1722,3304 1779,3307 1836,3304 1893,3307 1951,3307 2008,3305 2065,3304 2123,3301 2180,3303 2237,3301 2295,3304 2352,3304 2409,3304 2466,3301 2524,3301 2581,3301 2638,3301 2696,3298 2753,3296 2810,3298 2868,3298"/>
                <TextEquiv>
                    <Unicode>man lesen; ihren erotischen Witz kann man hier nicht einmal</Unicode>
                </TextEquiv>
            </TextLine>
            <TextLine id="tr_2_tl_47" custom="readingOrder {index:46;}">
                <Coords points="1711,3358 1728,3363 1736,3358 1768,3371 1794,3354 1833,3363 1846,3358 1859,3365 1877,3358 1877,3319 1789,3312 1711,3325"/>
                <Baseline points="1719,3349 1745,3349 1772,3349 1799,3349 1826,3349 1853,3349 1880,3349"/>
                <TextEquiv>
                    <Unicode>andenten.</Unicode>
                </TextEquiv>
            </TextLine>
            <TextLine id="tr_2_tl_48" custom="readingOrder {index:47;}">
                <Coords points="1771,3394 2859,3397 2859,3349 2559,3318 2429,3355 2038,3329 1771,3367"/>
                <Baseline points="1779,3390 1833,3390 1887,3390 1941,3389 1995,3387 2049,3387 2103,3387 2158,3390 2212,3389 2266,3389 2320,3387 2374,3387 2428,3386 2482,3384 2537,3384 2591,3384 2645,3384 2699,3383 2753,3381 2807,3381 2862,3384"/>
                <TextEquiv>
                    <Unicode>Herr Peter Altenberg, einer der bekanntesten Jung=Wiener,</Unicode>
                </TextEquiv>
            </TextLine>
            <TextLine id="tr_2_tl_49" custom="readingOrder {index:48;}">
                <Coords points="1714,3445 2860,3435 2860,3394 2768,3386 1714,3396"/>
                <Baseline points="1722,3438 1779,3435 1836,3435 1893,3435 1950,3433 2007,3432 2064,3431 2121,3429 2178,3429 2235,3429 2292,3429 2349,3429 2406,3429 2463,3429 2520,3429 2577,3429 2634,3426 2691,3426 2748,3426 2805,3426 2862,3426"/>
                <TextEquiv>
                    <Unicode>ist gewiß gekränkt, wenn man ihn in diesem Zusammenhange</Unicode>
                </TextEquiv>
            </TextLine>
            <TextLine id="tr_2_tl_50" custom="readingOrder {index:49;}">
                <Coords points="1711,3480 2859,3480 2860,3435 2800,3429 1712,3447"/>
                <Baseline points="1719,3477 1776,3477 1833,3477 1890,3475 1947,3475 2004,3474 2061,3474 2119,3473 2176,3471 2233,3471 2290,3471 2347,3471 2404,3471 2461,3471 2519,3471 2576,3471 2633,3471 2690,3471 2747,3468 2804,3468 2862,3471"/>
                <TextEquiv>
                    <Unicode>nennt. Er, der in seiner Selbstbiographie (in „Was mir der</Unicode>
                </TextEquiv>
            </TextLine>
            <TextLine id="tr_2_tl_51" custom="readingOrder {index:50;}">
                <Coords points="1720,3534 2860,3518 2860,3480 2776,3469 1721,3483"/>
                <Baseline points="1728,3522 1784,3522 1841,3521 1898,3518 1954,3516 2011,3516 2068,3516 2124,3516 2181,3516 2238,3516 2295,3516 2351,3516 2408,3516 2465,3513 2521,3515 2578,3513 2635,3513 2691,3513 2748,3512 2805,3510 2862,3510"/>
                <TextEquiv>
                    <Unicode>Tag zuträgt“) von sich sagt, sein Lebenselement sei die Liebe zu</Unicode>
                </TextEquiv>
            </TextLine>
            <TextLine id="tr_2_tl_52" custom="readingOrder {index:51;}">
                <Coords points="1720,3572 2859,3562 2837,3515 1720,3534"/>
                <Baseline points="1728,3563 1784,3563 1841,3560 1898,3561 1954,3561 2011,3560 2068,3559 2124,3558 2181,3558 2238,3558 2295,3558 2351,3558 2408,3558 2465,3558 2521,3558 2578,3556 2635,3555 2691,3555 2748,3555 2805,3555 2862,3552"/>
                <TextEquiv>
                    <Unicode>allen Mitmenschen, ist ein Hasser. Dieser Widerspruch geht</Unicode>
                </TextEquiv>
            </TextLine>
            <TextLine id="tr_2_tl_53" custom="readingOrder {index:52;}">
                <Coords points="1717,3620 2731,3612 2853,3602 2854,3563 1718,3572"/>
                <Baseline points="1725,3605 1781,3605 1838,3605 1894,3605 1951,3605 2007,3605 2064,3602 2120,3602 2177,3599 2233,3602 2290,3602 2347,3602 2403,3599 2460,3599 2516,3599 2573,3599 2629,3596 2686,3599 2742,3598 2799,3594 2856,3593"/>
                <TextEquiv>
                    <Unicode>durch sein Leben, durch sein Schaffen. Was er schreibt, ist eben</Unicode>
                </TextEquiv>
            </TextLine>
            <TextLine id="tr_2_tl_54" custom="readingOrder {index:53;}">
                <Coords points="1720,3656 2859,3644 2859,3601 2796,3598 1720,3620"/>
                <Baseline points="1728,3647 1784,3650 1841,3647 1898,3647 1954,3647 2011,3647 2068,3646 2124,3644 2181,3644 2238,3644 2295,3644 2351,3644 2408,3641 2465,3644 2521,3644 2578,3642 2635,3641 2691,3640 2748,3638 2805,3638 2862,3638"/>
                <TextEquiv>
                    <Unicode>nur Konstruktion, niemals eint ein starkes, aufrichtiges Gefühl</Unicode>
                </TextEquiv>
            </TextLine>
            <TextLine id="tr_2_tl_55" custom="readingOrder {index:54;}">
                <Coords points="1717,3702 2859,3689 2859,3652 2726,3639 1717,3656"/>
                <Baseline points="1725,3689 1781,3692 1838,3689 1895,3689 1952,3689 2009,3689 2066,3689 2122,3688 2179,3686 2236,3686 2293,3689 2350,3687 2407,3686 2464,3686 2520,3686 2577,3686 2634,3683 2691,3683 2748,3683 2805,3681 2862,3683"/>
                <TextEquiv>
                    <Unicode>seine Beobachtungen und Klugheiten. Unter den Jung=Wienern</Unicode>
                </TextEquiv>
            </TextLine>
            <TextLine id="tr_2_tl_56" custom="readingOrder {index:55;}">
                <Coords points="1720,3743 2859,3742 2859,3689 2819,3684 1720,3702"/>
                <Baseline points="1728,3740 1784,3737 1841,3732 1898,3733 1954,3733 2011,3731 2068,3731 2124,3729 2181,3728 2238,3728 2295,3730 2351,3728 2408,3728 2465,3728 2521,3727 2578,3725 2635,3725 2691,3725 2748,3725 2805,3725 2862,3725"/>
                <TextEquiv>
                    <Unicode>ist ihm der stärkste Intellekt gegeben. Deshalb konnte er sich</Unicode>
                </TextEquiv>
            </TextLine>
            <TextLine id="tr_2_tl_57" custom="readingOrder {index:56;}">
                <Coords points="1714,3784 2856,3768 2856,3737 2729,3726 1714,3746"/>
                <Baseline points="1722,3778 1778,3775 1835,3775 1892,3774 1949,3772 2006,3775 2063,3772 2119,3772 2176,3772 2233,3769 2290,3769 2347,3769 2404,3769 2461,3769 2517,3769 2574,3769 2631,3766 2688,3768 2745,3767 2802,3765 2859,3766"/>
                <TextEquiv>
                    <Unicode>eine Kunstform schaffen, die seinen psychologischen Skizzen ein¬</Unicode>
                </TextEquiv>
            </TextLine>
            <TextLine id="tr_2_tl_58" custom="readingOrder {index:57;}">
                <Coords points="1717,3827 2853,3817 2854,3768 1718,3784"/>
                <Baseline points="1725,3820 1781,3820 1838,3817 1894,3817 1951,3815 2007,3814 2064,3816 2120,3814 2177,3814 2233,3814 2290,3814 2347,3814 2403,3811 2460,3811 2516,3811 2573,3811 2629,3811 2686,3810 2742,3808 2799,3808 2856,3808"/>
                <TextEquiv>
                    <Unicode>dringliche Wirkung sicherte, in der er allerdings nun erstarrt ist.</Unicode>
                </TextEquiv>
            </TextLine>
            <TextLine id="tr_2_tl_59" custom="readingOrder {index:58;}">
                <Coords points="1723,3872 2854,3865 2854,3817 2798,3810 1723,3826"/>
                <Baseline points="1731,3859 1787,3859 1843,3859 1899,3859 1956,3859 2012,3856 2068,3857 2124,3857 2181,3856 2237,3856 2293,3857 2349,3857 2406,3856 2462,3855 2518,3853 2574,3853 2631,3853 2687,3853 2743,3853 2799,3853 2856,3853"/>
                <TextEquiv>
                    <Unicode>Deshalb konnte er auch eine Reihe von Wiener Typen prägen,</Unicode>
                </TextEquiv>
            </TextLine>
            <TextLine id="tr_2_tl_60" custom="readingOrder {index:59;}">
                <Coords points="1717,3912 2856,3900 2834,3858 1717,3869"/>
                <Baseline points="1725,3904 1781,3904 1838,3903 1895,3902 1951,3902 2008,3901 2065,3901 2121,3901 2178,3899 2235,3898 2292,3898 2348,3898 2405,3898 2462,3898 2518,3898 2575,3898 2632,3895 2688,3895 2745,3895 2802,3895 2859,3895"/>
                <TextEquiv>
                    <Unicode>die mehr oder minder kulturwahr sind, sicherlich aber in den</Unicode>
                </TextEquiv>
            </TextLine>
            <TextLine id="tr_2_tl_61" custom="readingOrder {index:60;}">
                <Coords points="1720,3954 2828,3952 2853,3913 1721,3912"/>
                <Baseline points="1728,3946 1784,3946 1840,3946 1897,3946 1953,3944 2010,3943 2066,3943 2122,3943 2179,3943 2235,3943 2292,3940 2348,3942 2404,3940 2461,3942 2517,3940 2574,3940 2630,3940 2686,3940 2743,3939 2799,3935 2856,3931"/>
                <TextEquiv>
                    <Unicode>letzten fünf Jahren sehr auf die Gestaltung des Wiener Frauen¬</Unicode>
                </TextEquiv>
            </TextLine>
            <TextLine id="tr_2_tl_62" custom="readingOrder {index:61;}">
                <Coords points="2238,3990 2850,3989 2850,3941 2238,3948"/>
                <Baseline points="2247,3981 2277,3981 2307,3981 2337,3981 2368,3981 2398,3981 2428,3983 2459,3984 2489,3984 2519,3982 2550,3980 2580,3978 2610,3978 2640,3979 2671,3981 2701,3979 2731,3978 2762,3978 2792,3978 2822,3978 2853,3978"/>
                <TextEquiv>
                    <Unicode>Sowie Schnitzler den Typus des</Unicode>
                </TextEquiv>
            </TextLine>
            <TextLine id="tr_2_tl_63" custom="readingOrder {index:62;}">
                <Coords points="1715,4003 1744,3990 1855,4002 2002,3986 2031,4002 2125,3994 2125,3960 2079,3949 1975,3949 1955,3962 1717,3951"/>
                <Baseline points="1725,3987 1750,3987 1775,3987 1800,3987 1825,3987 1850,3987 1876,3987 1901,3987 1926,3986 1951,3984 1976,3982 2002,3981 2027,3981 2052,3982 2077,3984 2102,3984 2128,3984"/>
                <TextEquiv>
                    <Unicode>tus eingewirkt haben.</Unicode>
                </TextEquiv>
            </TextLine>
            <TextLine id="tr_2_tl_64" custom="readingOrder {index:63;}">
                <Coords points="1717,4038 2850,4026 2850,3987 2723,3981 1717,4002"/>
                <Baseline points="1725,4029 1781,4032 1837,4029 1894,4029 1950,4027 2007,4023 2063,4026 2119,4028 2176,4026 2232,4026 2289,4026 2345,4024 2401,4026 2458,4023 2514,4024 2571,4024 2627,4023 2683,4023 2740,4022 2796,4020 2853,4020"/>
                <TextEquiv>
                    <Unicode>süßen Mädels" und des „Anatol", des psychologisierenden</Unicode>
                </TextEquiv>
            </TextLine>
            <TextLine id="tr_2_tl_65" custom="readingOrder {index:64;}">
                <Coords points="1717,4080 2853,4076 2840,4026 1717,4038"/>
                <Baseline points="1725,4071 1781,4071 1838,4071 1894,4073 1951,4072 2007,4071 2064,4068 2120,4068 2177,4068 2233,4068 2290,4068 2347,4068 2403,4065 2460,4068 2516,4068 2573,4068 2629,4068 2686,4065 2742,4065 2799,4063 2856,4062"/>
                <TextEquiv>
                    <Unicode>Liebhabers schuf, so hat Altenberg für die Seelenzustände und</Unicode>
                </TextEquiv>
            </TextLine>
            <TextLine id="tr_2_tl_66" custom="readingOrder {index:65;}">
                <Coords points="1717,4121 2853,4118 2853,4076 2789,4064 1717,4080"/>
                <Baseline points="1725,4113 1781,4116 1838,4116 1894,4116 1951,4116 2007,4116 2064,4113 2120,4113 2177,4113 2233,4113 2290,4113 2347,4111 2403,4110 2460,4110 2516,4110 2573,4110 2629,4110 2686,4110 2742,4109 2799,4107 2856,4110"/>
                <TextEquiv>
                    <Unicode>das Wesen der jungen Frau charakteristische Ausdrücke gefunden.</Unicode>
                </TextEquiv>
            </TextLine>
            <TextLine id="tr_2_tl_67" custom="readingOrder {index:66;}">
                <Coords points="1714,4161 2860,4159 2821,4109 1714,4124"/>
                <Baseline points="1722,4154 1779,4156 1836,4157 1893,4157 1950,4157 2007,4157 2064,4154 2121,4155 2178,4155 2235,4154 2292,4154 2349,4154 2406,4154 2463,4154 2520,4152 2577,4152 2634,4152 2691,4152 2748,4151 2805,4149 2862,4152"/>
                <TextEquiv>
                    <Unicode>Eine Wienerin schlechtweg ist diese bis in die allerletzte Faser</Unicode>
                </TextEquiv>
            </TextLine>
            <TextEquiv>
                <Unicode></Unicode>
            </TextEquiv>
        </TextRegion>
    </Page>
</PcGts>
