3344 4384
1207 236 1687 339 box 44/10
149 232 1028 350 s
758 1272 3154 1364 voetheschen Entwicklungsganges in der Literatur kenntlich im Treue unterthan, die jungeren, zumeist Wiener oder dem
762 1356 3154 1417 machten. Zunächst steht die Ingend zu ihm, dem Jungen. Es Süddeutsche, denen der Realismus nur als Stimmungskunst
769 1402 1954 1451 erwächst eine spätere Generation, der die beinah gleichzeitigen
80 1390 305 1463 ug=Wien.
1981 1409 3157 1459 gilt, und die von ihm mühelos den Uebergang zu ausge¬
80 1383 712 1504 gane und Novellen.
766 1444 3161 1504 Schöpfungen „Wilhelm Meister" etwa und die „Braut von prochenem Lyrismus finden. Hier Hauptmann und da
769 1485 1946 1539 Korinth alles bedeuten; das sind die Romantiker. Und dann
1973 1489 2160 1565 Schnitzler.
95 1482 743 1562 Worten überhaupt etwas läge, ein
766 1527 1950 1581 ist Goethe allein. Der alte Goethe findet keine unmittelbare
88 1531 446 1592 das ist Realismus
2053 1504 3154 1592 Aber während diese älteren unter den Jungen jeder für sich
773 1573 1942 1626 Resonanz. Die Literatur verjüngt sich unter Goetheschem Ein
91 1550 750 1642 sich gegenüber. Der Eine hat den
1965 1562 3154 1630 stehen, ihre eigenen Wege gehen, schließen die jungen sich eng
781 1619 3157 1676 fluß, aber bald ist es Goethe, der Klassiker, bald der junge an einander an. Klänge es nicht zu pathetisch, man könnte
107 1619 750 1676 gemeinsamen Freundes Mittheilung
773 1668 1950 1714 Goethe, der lebendig und lebenzeugend wirkt. Erst nachdem
103 1668 747 1718 die Nachricht, die Trostsprechung, da¬
1969 1668 3150 1722 von einer „Schule" reden. Sitz: W.; ästhetisches Glaubens¬
773 1714 3154 1786 mehrere Generationen gegangen sind, wird der alte Goethe „ent bekenntniß: Schnitzlers „Anatol. Jung=Wien ist ein literarischer
88 1703 750 1779 sie Beide zu dem Todten gestanden
88 1752 2297 1805 ten seinen Ausdruck; und wer deckt und beginnt nun, Nachfolge weckend, aufzuerstehen. Man Begriff geworden.
777 1790 1939 1855 kann von einem geistigen Kampf um Goethe reden, der ei¬
171 1798 747 1866 treu, wie sie hätten ge
2053 1775 3154 1851 Diesen jungen Wiener Schriftstellern tritt die künstlerische
777 1836 1173 1912 Jahrhundert ausfüllt.
312 1840 747 1893 wohl Realist. Doch
1965 1824 3150 1893 Leistung hinter ihr eigenes Selbst zurück; das ist das
849 1859 1939 1931 Die Geschmacklosigkeit liegt mir fern, Ibsen irgendwie
80 1862 750 1954 ten in einem Zimmer beieinander
1969 1885 3150 1942 Charakteristische. Sie wollen sich selbst geben, dreimal sich
781 1916 1939 1977 neben Goethe stellen zu wollen. Doch scheint es mir lehrreich
88 1923 750 1981 Frinnerungen birgt. Und währen
1965 1927 3146 2011 selbst. Die kurze pointirte Erzählung ist ihnen darum am ge¬
777 1969 2137 2026 die Verschiedenheit, wie sich der Einfluß, den sie Beide üben, in nehmsten
72 1965 754 2026 Die Nachricht mittheilt, ersteht von
773 2011 1950 2072 der Literatur wiederspiegelt, nachzuweisen. Zunächst, Ibsen ist
110 2019 747 2068 Scene, in der sich der nunmehr
2053 1988 3154 2068 Diese jungen Schriftsteller geben sich als sehr alte Leute:
88 2041 3142 2118 chem Licht ihm zeigte. Er kann in keiner seiner Entwicklungsphasen ein Unverstandener, etwa das ist wiederum bezeichnend. Sie sind blasirt. Sie kennen sich
88 2106 3142 2163 wie er sie vorher gesprochen hätte, wie es der alte Goethe war, oder, um ein noch schlagenderes aus. Sie kokettiren mit ihrer Blasirtheit. Es ist überhaupt
99 2144 3146 2217 ganz anderem Eindruck: die Worte Beispiel anzuführen, wie der Begründer der modernen Land viel Koketterie in ihrer Art, nicht nur die landesübliche, auch
781 2194 1942 2247 schaftsmalerei, Turner, der in seinen alten Tagen für gestör
107 2194 754 2247 Und zum Dritten: Während der
1973 2194 3142 2251 seelische Koketterie. Sie sind die Empfindsamen, die Sensiblen,
781 2236 1942 2289 galt und dessen Alterswerken heut beinah so viel Raum in der
1965 2236 2380 2289 die Nervenmenschen.
110 2236 754 2289 beobachtet er, wie sich der Ander¬
2438 2240 2708 2300 Ihre „Welt
2780 2240 3146 2300 haben sie ganz
773 2281 1939 2354 Londoner Nationalgalerie gegeben ist, wie sonst der englischen
84 2285 750 2339 aubt den Worten, die dieser spricht
1962 2262 3146 2335 umspannt. Das gesprochene Wort, für sie ist es belanglos. Aber
777 2323 1939 2377 Kunst eines Jahrhunderts. Soweit es sich kontroliren läßt
88 2331 750 2377 r zu sehen. Und gleichzeitig legte
1969 2323 3146 2377 ihre Welt ist eben auch nur ein ganz kleiner Erlebnißausschnitt.
88 2365 1939 2419 was er selbst dabei empfindet, da er scheint mir das Verständniß Ibsens mit seiner eigenen Ent¬
1969 2369 3146 2419 Ihr Interesse ist beinah ganz beschränkt auf das Wiener Mädel,
777 2411 1946 2460 wicklung völlig Schritt zu halten. Jedenfalls, seine innerlich
1969 2415 3146 2464 das willig eine Zeit lang dem einen oder andern Freundin ist.
88 2415 750 2479 rz zufügen muß. Die Worte, die
781 2460 3146 2510 ganz verschiedenen Dramen, zwischen denen sich die angedeutete Die ist das „Weib"; Inbegriff ist sie zugleich auch dieser Welt
88 2453 750 2529 anz bedeutungslos geworden. Die
773 2499 1950 2563 Wandlung vollzogen hat, die „Gespenster" einerseits und der
1965 2502 3146 2563 der Liebelei. Die Stimmungsphäre ist damit gegeben. Ein
110 2502 747 2582 der Wirklichkeitssucher, der Realist
788 2540 1939 2594 „Baumeister Solneß" etwa andrerseits, üben ihren Einfluß an
1962 2544 3142 2601 wenig Herzlichkeit, ein wenig Melancholie, ein wenig Dandy-
80 2540 286 2609 ck bringen
773 2582 1950 2662 die deutsche Literatur ganz kurz nach ihrem Erscheinen aus. Für
88 2563 750 2655 Werden weist solchen Wandel von
1969 2590 3146 2639 thum und viel Blasirtheit. Innerhalb dieser eng umgrenzten
88 2628 1638 2681 inem mehr inneren Realismus auf, die Tiefe des Einflusses mag das nicht zeugen.
1965 2632 3135 2689 Sphäre aber finden sie nicht so ganz selten eigne Stimmung
857 2651 1942 2738 Wohl aber für die arge, seelenlose Schnelllebigkeit unsere
1969 2678 3146 2727 Und ein zartes, seelenvolleres Landschaftsempfinden klingt mit
88 2678 750 2742 so gut, wie etwa aud, von Ibsen
88 2716 1942 2773 eht im Allgemeinen das Wort für Zeit. Innerhalb weniger Jahre haben sich in unserer Literatur
1965 2719 3142 2777 hinein, das aber auch seltsamlich auf einen Ton gestimmt ist.
777 2761 1939 2811 Wandlungen vollzogen, die, wenn sie tief greifen wollten ode
1969 2765 3131 2818 Man könnte es in einem Bilde geben: ein alter Park; zwischen
114 2761 750 2830 Alterswerken ist das gesprochen
69 2803 1939 2876 was Geheimnißvolles, das nicht den innerliches Erlebniß voraussetzen ließen, ebensoviel Jahrzehnt
1969 2807 3146 2864 den Bäumen hie und da verwitterte Marmorstatuetten, auf dem
76 2849 1942 2898 ihn vielleicht gar scheut, besteht das beanspruchen müßten. Aber die Mode ist alles. Unter der
1969 2853 3146 2902 Weiher ein schwarzer Schwan. Auf den Wegen dicht gestreut
781 2898 3138 2952 jüngeren unserer deutschen Schriftsteller lassen sich zwei Rich¬ das hunte Herbstlaub, Schweigen ringsum. Man sieht es, wie
91 2895 747 2952 innere Deutung neben der alltäglichen
777 2940 3142 2994 tungen kennzeichnen, die beide in gleicher Weise Ibsenschem diese bevorzugte landschaftliche Stimmung in die Grundstimmung
84 2944 750 2994 erscheint solcher Entwicklungsgang
114 2978 1939 3032 Welt, wie sie sie sieht, erfassen. Einfluß unterlegen sind, nur daß die einen sich an den Ibse¬
1965 2986 3142 3062 mit einklingt. Es ist viel Künstlichkeit in dieser Kunst, und
773 3020 2247 3077 der „Gespenster", die andern an den alten Ibsen zunächst das ist Absicht.
88 3024 750 3081 lichen sich abzufinden. Das That
777 3058 1942 3123 gehalten haben. Man könne, wollte man spaßhaft sein, von
2045 3051 3138 3123 Um ein konkretes, sehr typisches Beispiel anzuführen: ein
80 3070 750 3123 ochene Wort verliert für das Alte
80 3112 1942 3173 ch Thüren, und Fenster thun sich zwei „Generationen" der Jüngeren reden, zwischen den ein
1969 3100 3146 3173 Sperling hockt auf brauner Ackerscholle. Rings um ihn ersteht
777 3157 3146 3215 Altersunterschied etwa von fünf Jahren bestände. Die utteren, ein donnerndes Getöse, der Boden dröhnt vom Hufschlag vieler
88 3165 705 3226 erscheint als das Eine, Wichtige.
84 3203 3146 3268 wie sich die Rückwirkungen dieses zumeist Norddeutsche, deren Realismus dem gesprochenen Wort Pferde. Ruhig bleibt er sitzen, pickt hier ein Korn und dort.
