3344 4352
1228 209 1707 305 box 44/10
373 225 1042 310 Miscellanos
174 211 322 305 13.
479 789 1995 894 Das Kaiser-Jubiläums-Stadttheater und die
2026 817 2451 916 Judenpresse.
106 869 714 953 Se frecher Goi und Directer!
967 906 1986 965 sollen besuchen etwas ä Theater, wo mer nix kenn verbieten
2031 901 3042 981 vermag die Wuth zu begreifen, welche sich der Wiener
92 923 925 998 hicken uns, der Redaction vin etwas aner
970 953 1979 1007 dem Directer, daß er aufführt ä Stuck van an Arier, wos
2033 965 3045 1026 Literaturjuden bemächtigte angesichts der Thatsache, daß
87 974 913 1033 und Montags=Zeitung", zwei Parketsitze zu der
970 991 1970 1047 is nix Mitglied von der „Concordia“, und wos am End
2028 1016 3040 1073 ein Theater in Wien entstanden ist, dessen Pforten diesen
96 1016 916 1066 vum Antisemitentheater in Wahring. Se sennen
967 1031 1974 1085 å anständiges und ä gescheidtes Stuck verfaßt hat, un
2028 1042 3040 1106 Tantièmen=Hamstern verschlossen bleiben, um fortan der
89 1063 916 1115 etwas am Kopf gefallen, weil Se sich sonst
965 1068 1979 1139 dodermit auszustechen unsern Dörmann und Ebermann?
2026 1087 3038 1143 deutschen Volksmuse ein Heim und ein Hort zu sein.
92 1096 916 1148 en erlooben soi ä Keckheit. Doderum schicken
970 1108 1977 1171 Na, Se Antesemiten=Directer, etwas soi a Theater muß
2028 1122 3035 1183 Darum Zeter und Mordio, darum Pech und Schwefel
106 1139 916 1185 anfach de Billetter zurück und mechten uns
960 1150 1981 1223 todtgeschwiegen werden und werd todtgeschwiegen
2026 1164 3038 1235 über diesen glücklich vollendeten Bau, der einen Markstein
94 1164 904 1249 lemal verbeten hoben ä Zusendung von anti
970 1183 1099 1242 werden.
2033 1202 3040 1258 in der Wiener Theatergeschichte bedeutet und in welchem
94 1209 317 1261 Theaterkarten.
1047 1223 1974 1289 Mer werden nix geh'n in a Theater, wo mer ni¬
2028 1242 3038 1319 sich — nach den Worten Dr. Lueger's — nur die
94 1232 920 1303 den fragen: Wie haaßt? Worum wollen de
967 1258 1967 1326 kennen tonangebend sein im Parkett, wo nix kenn herum
2026 1286 2927 1343 wirklichen Wiener wirklich heimisch fühlen werden.
115 1291 904 1357 koschersten Blatt nix geh'n in etwas ä Kaiser
972 1305 1974 1364 steigen unser Ferdinand Groß, wos is der Präsident von
2101 1317 3038 1383 Aber Director Müller=Guttenbrunn möge es sich
96 1326 333 1387 Stadttheater
455 1333 913 1387 Etwas doderm: Auf
962 1345 1981 1399 der „Concordia“, wie etwas ä Ferscht oder ä Kenig, wo
2026 1352 3028 1418 auch wirklich gesagt sein lassen von den Scharf, Landes¬
94 1376 916 1427 Stadttheater pickt der schwarze Fleck vom
962 1385 1972 1439 nix werd dos ganze Publikum in Ehrfurcht werd ersterben
2021 1394 3033 1455 berg und Consorten! Denn es war nach all den An¬
89 1406 911 1467 nus. Laad af uns, wenn mer mechten geh'n
962 1427 1970 1486 vor seine schlamperte Augen. Ae Theater, wo des
2024 1437 3028 1500 feindungen von jüdischer Seite, welche das Jubiläums¬
96 1451 908 1526 etwas an gelben Fleck uns heraufpicken lossen
960 1460 1970 1516 Publikum werd bestehen aus etwas ä Volk, so daß mer
2031 1477 3028 1535 Theater erleiden mußte, ein Lapsus sondergleichen,
148 1488 911 1542 Na, Herr Müller=Güttenbrünn, Se hoben
951 1514 1972 1566 nix amol kenn keck sein, weil man sich ferchten muß, daß
2019 1521 3026 1578 die jüdischen Recensenten zur Eröffnung des Jubiläums¬
92 1528 911 1582 sitten, wenn Se hoben gewollt auf de Art
962 1547 1965 1601 mer etwas vin an antesemitischen Volk ä Patsch kriegt
2024 1556 3028 1620 Theaters einzuladen. Oder ist es etwa ein Erfolg, wenn
94 1568 913 1617 jen de schwarz gelben Forben fors Kaiser¬
962 1580 1481 1639 soi ä Theater is nix for ins¬
2026 1596 3033 1657 sich Director Müller=Guttenbrunn auf seine höfliche Ein¬
94 1606 904 1660 Stadttheater. Mer geben uns nix ber zur Ver¬
1040 1622 1967 1681 Doderum, Müller=Güttenbrünn, werden mer boy¬
2019 1639 3028 1695 ladung von Scharf und Genossen mit geziemender Ach¬
103 1653 904 1695 etwas ä Musentempel, wos ka Judentempe
962 1650 1972 1718 kottiren Ihner Theater, weil es etwas sein soll ä Heim-
2021 1678 3028 1728 tung" behandeln lassen muß? Ist Director Müller¬
89 1688 904 1763 s zum Beispiel ä Carl-Theater und ä Josef¬
958 1702 1960 1763 stätte for der Kunst, und nix ä Heimstätte for de Jüden
2014 1716 3026 1784 Guttenbrunn von der Judenfurcht, oder besser gesagt von
89 1728 664 1779 ter und so weiter und so weiter.
960 1744 1972 1793 wos hoben de Kunst am Hund gebrocht, weil se doderbei
2017 1751 3033 1815 der Furcht vor der Judenpresse noch nicht frei, daß
89 1756 901 1819 sengen aber auch nix in Haus, wo mer ni
953 1777 1972 1857 ä Rebbach machen und ä Schab. Lossen S' Ihner's
2019 1798 3028 1855 er die jüdischen Tintenkleckser in ein Haus ladet, wo sie
108 1803 906 1857 sein doderdrin. Püh, wie haßt? Mer sollen
953 1812 1298 1880 gesagt sein von der
2019 1836 3026 1890 absolut nichts zu suchen haben? Das neue Theater
94 1840 913 1904 was a Reclam' mochen for å Theater, wo nix
1103 1843 1934 1944 Redaction der „Sonn= und Montags=Zeitung".
2017 1873 3026 1937 hat die Aufgabe, echte, deutsche Kunst zu pflegen und den
94 1885 906 1932 geführt de Stück vinä Landesberg, à Buch¬
2017 1911 3024 1970 bisher von der jüdischen „Concordia“ und ihrer Presse
89 1920 904 1977 Engels, à Julius Bauer, à Wittmann,
1033 1906 1960 1998 Wir glauben den tiefen Sinn der langen Epistel
2014 1951 3024 2009 unterdrückten heimischen Talenten Geltung zu verschaffen
115 1960 904 2019 ä Herzl, à Dörmann und wie se olle
958 1974 1970 2031 welche Scharf und Genossen an den Director des neuen
2061 2002 3017 2047 und aus einem Theater mit solchem künstlerischen Pro¬
96 1998 904 2056 genialen Dichter vom Stamm Juda? Mer
953 2017 1972 2075 Jubiläums=Stadttheaters, Herrn Müller=Guttenbrunn,
2026 2026 3017 2087 gramm müssen die kunstverderbenden jüdischen
94 2045 911 2099 verinteressiren for å Theater, wo mer nix kenn
958 2059 1965 2110 richteten, vorstehend ziemlich richtig wiedergegeben zu haben.
2009 2070 3017 2124 Tintenkuli hinaus. Wir hoffen wirklich, Director
89 2085 899 2134 ter herumcommandiren und ihm nix kenn
951 2092 1960 2146 Wer unsere Theaterzustände kennt, der vermag zwischen
2019 2106 3017 2167 Müller=Guttenbrunn läßt sich nicht noch einige Bericht¬
94 2117 899 2174 geben etwas den greßten Schund, wenn er nur
953 2132 1967 2200 den Zeilen des in der letzten Nummer der „Sonn= und
2009 2153 3038 2202 erstatterkarten vor die Füße werfen — denn Recht hat
89 2162 904 2240 un an Mitglied von der „Concordia"? Mer
958 2171 2840 2291 Montags Zeitung veröffentlichten Briefes zu lesen, der er in gewissem Sinne, der Jude Scharf
1399 2995 1986 3103 Weihnachtsepilog.
2542 3078 3002 3169 Aber schaffende Gedanken,
958 3071 1538 3162 Bücher mit den schönsten Decken,
1754 3087 2425 3176 Spielzeug gab 's wie Sand am Meere
160 3087 650 3160 Alles, alles, was erschaffen
2531 3146 3120 3216 Dran der Staatskunst es gebricht,
958 3153 1484 3214 Goldschnitt und Vignettenzier,
162 3136 725 3218 Wird von Kunst und Industrie,
1751 3150 2312 3225 Für die Kleinen, wie man sagt;
2535 3197 3155 3261 Bürgermut, der kühn die Schranken
958 3195 1573 3254 Die beim Anschau'n schon erwecken
1751 3202 2223 3254 Aber auch für Große wäre
169 3195 730 3270 Alles, was der Wunsch erraffen
2531 3247 3040 3305 Der Semiten=Macht zerbricht,
958 3242 1498 3312 Weisheitsdurft und Wißbegier;
167 3254 601 3315 Möchte in der Phantasie,
1751 3251 2207 3322 Allerlei hier, was behagt;
2531 3298 3068 3362 Lichter, welche nicht befeuchten
958 3296 1526 3371 Doch nicht alle Weisheit lehren
1742 3289 2336 3362 Mancher war, mit Lüsten sah er
167 3289 847 3373 Was am Körper gleißt und schimmert,
2535 3348 3146 3399 Nur mit Wachs den Tannenbaum,
958 3338 1420 3411 Daß sie oft mit Phantasie
1751 3345 2324 3416 Nach der „Gretel", die ihn lockt,
169 3338 707 3406 Was da zieret Hand und Fuß,
2533 3394 3117 3453 Sondern durch die Köpfe leuchten
953 3397 1462 3460 Auch die Künste der Betären
1751 3385 2378 3458 Mancher prahlt mit Reitkunst, da er
167 3392 739 3456 Was in Geisteslichtern flimmert,
2531 3441 2956 3500 Ueberall im Erdenraum
953 3444 1397 3507 Schildern voll Pikanterie,
169 3446 768 3505 Was dem Gaumen schafft Genuß,
1754 3451 2256 3514 Auf dem Steckenpferde hockt;
2531 3493 3092 3561 Volkeskraft, die mächtig bürgend
953 3481 1585 3556 Das entspricht dem leichten Wesen,
1747 3495 2310 3564 Mancher, der für Ordenszeichen
167 3493 718 3561 Alles, was für Geld zu kaufen,
2533 3542 3061 3613 Einsteht für des Reiches Heil,
953 3542 1479 3610 Dem die Zeit sich zugewandt,
162 3545 725 3596 Deshalb nur zum kleinsten Teil
1751 3542 2319 3599 Nicht mit hohen Summen kargt,
2535 3592 3120 3646 Dieses war, wie nie und nirgend,
953 3594 1526 3662 Lieber will man Schnitzler lesen,
1749 3589 2380 3662 Kauft sich eins, weil er 's erreichen
169 3594 737 3648 Käuflich für den großen Haufen,
2540 3634 3171 3690 Auch am Weihnachtsmarkt nicht feil.
958 3639 1451 3700 Als den Goethe oder Kant.
1754 3634 2427 3693 Sonst nicht kann, am Weihnachtsmarkt.
169 3639 730 3718 War am Weihnachtsmarkte feil.
