3392 4352
194 181 907 292 13
1239 178 1706 266 box 44/10
911 1009 2053 1081 gegen die verflossene deutsch=liberale Partei mit Behagen
914 1080 2051 1146 entgegennahmen und durch ihren Beifall ermunterten.
914 1114 2053 1180 Wenn sie in zorniger Entrüstung gegen Wolf sich erhoben,
924 1164 2061 1238 so vergaßen sie, daß ein Wolf nicht möglich wäre, wenn es
1278 1328 1688 1438 Feuilleton.
1192 1443 1764 1515 Deutsches Volkstheater.
903 1506 2053 1583 („La Douloureuse" — „Die Abrechnung". Comödie in vier Acten von Maurice Donnay.)
1003 1563 2048 1632 Die Stücke der neueren Schule, die wie ein Schwarm
904 1597 2044 1688 kecker Meisen auf die Bühne schwirrten, haben in Wien eine
917 1659 2040 1725 sehr ungleiche Förderung erfahren. Ehe noch unter ihren
906 1715 2041 1774 Autoren sich die natürliche Sonderung in wirkliche Be¬
906 1758 2040 1826 gabungen und in solche vollzog, denen die Mittel fehlen,
907 1808 2037 1874 Geist und Theilnahme zu fesseln, war man hier schon im
911 1849 2037 1910 Allgemeinen gewohnt, das leichtere Genre der Modernen
907 1895 2040 1969 dem Ernsteren vorzuziehen. Eines ihrer mächtigsten Talente
907 1948 2040 2004 hat dem Schmerzensschrei des Hungers einen erschütternden
911 1991 2034 2061 Ausdruck gegeben. Keines unserer Theater macht ernstlich Miene,
906 2040 2038 2106 die Aufführung dieser Tragödie anzustreben und die gewiß nicht
906 2082 2033 2150 unüberwindlichen Censurschwierigkeiten zu entfernen. Ein
904 2130 2034 2215 junger Wiener Autor, der nach lockerem Pariser Muster das
896 2188 2034 2247 hohe Lied der Liebe auf die niedrigsten dramatischen Töne
898 2222 2041 2290 herabstimmte, versuchte später dem Militarismus, der mit
904 2274 2028 2345 so schwerem Drucke auf Europa lastet, an den Leib zu rücken.
903 2326 2033 2385 Er hat in Deutschland, nicht hier, Förderung gefunden, wo
891 2375 2028 2442 die Mode des Verismus nur in dem Genre beachtenswerth
897 2419 2033 2493 erscheint, welches das Verhältniß von Mann und Frau so
891 2467 1772 2530 unerschrocken erörtert, daß diese erröthen muß
990 2504 2033 2576 Wie weit hierin zu gehen erlaubt sei, darüber streitet
887 2553 2011 2616 man immer noch gegenüber dem alten Fall Clémenceau"
896 2608 2028 2674 Die verschiedensten Richter — auch solche, die ihre Sitten¬
897 2651 2025 2727 strenge erst spät entdeckt — wehren sich gegen die „Er¬
888 2707 2031 2772 regung der Sinne", die ein Bühnenwerk versucht. Ein
894 2744 2020 2813 literarisches Urtheil kann kaum im Zweifel sein, daß auch
893 2793 2023 2853 diese einem Dichter zu gestatten sei, wenn er sein Werk
890 2840 2024 2905 hiedurch künstlerisch zu unterstützen glaubt. Das moderne
888 2891 2024 2956 Drama, so unangenehm es uns oft beschäftigt, so trübe
886 2931 2021 3010 Genüsse es uns bereitete — einen Erfolg hat es gewonnen,
884 2984 2023 3040 die Ausdrucksfähigkeit des Theaters ist heute um ein Be¬
881 3024 2025 3099 trächtliches erweitert. Vorurtheile, die gestern noch herrschten,
890 3081 2023 3148 sind nun zerstört, das Wort, die Schilderung ist ungleich
890 3134 2047 3207 freier geworden, und das Talent hat Zugeständnisse er¬
2082 1328 2159 1406 Ta
2086 1479 2165 1535 nich
2084 1527 2166 1586 Are
2090 1573 2169 1634 ahm
2087 1629 2165 1682 von
2083 1670 2169 1731 hun
2084 1718 2162 1777 aus
2074 1803 2171 1867 er
2082 1856 2168 1916 seine
2076 1900 2172 1962 erst
2083 1949 2169 2012 L
2069 2000 2169 2067 nach
2077 2191 2158 2248 ihre
2079 2242 2158 2300 Fra
2073 2284 2159 2342 ma
2071 2334 2234 2464 .
