3392 4352
195 240 1053 365 13. Miscellanes
1241 238 1716 346 box 44/10
1301 1311 2084 1444 Zur Theaterfrage.
1194 1440 2179 1510 Briefwechsel zwischen Dr. Artur Dinter und dem
1019 1486 2062 1587 Verbande deutscher Bühnenschriftsteller.
1015 1569 2491 1653 en nachstehenden Briefwechsel bringen wir im Einverständnis mit unserm
1043 1621 2493 1706 Mitarbeiter Dr. Artur Dinter hier zum Abdruck. Der Briefwechsel belehrt
900 1674 2491 1754 uns in sehr eindringlicher Weise über die Stellung des Verbandes deutscher Bühnen¬
908 1724 2493 1817 schriftsteller den Bestrebungen gegenüber, die sich die Gesundung der unhaltbaren
918 1784 2074 1879 Zustände der heutigen deutschen Schaubühne zum Ziele setzen.
999 1811 2493 1909 Zweck des „Verbandes deutscher Bühnenschriftsteller“ ist laut § 3 seiner Satzun¬
912 1869 2499 1964 gen: „die Wahrung und Förderung der Standes= und Berufsinteressen der Mit¬
908 1915 2499 2010 glieder insbesondere die Organisation des Geschäftsverkehrs mit den Verlegern und
914 1976 2125 2058 Bühnen sowie die Schaffung eines ausreichenden Rechtsschutzes
1005 2006 2501 2101 Hier bitte ich die Leser, mein Vorwort zu verlassen und den nachstehenden Brief¬
910 2074 2163 2165 wechsel durchzulesen. Nachdem dies geschehen, darf ich fortfahren:
1003 2107 2497 2203 In seinem Schreiben vom 28. Oktober 1916 teilt der Verband Artur Dinter
916 2165 2499 2256 mit, daß er durch einstimmigen Beschluß des Vorstandes, Aufsichtsrats und
920 2215 2505 2304 geschäftsführenden Ausschusses aus dem Verbande ausgeschlossen worden sei, weil
912 2270 2507 2344 er durch die angeführten Stellen seiner Schrift „Weltkrieg und Schaubühne den
914 2320 2507 2385 oben genannten „Zweck des Verbandes gefährdet habe“! Die Unhaltbarkeit dieser
918 2360 2509 2437 Ausschlußbegründung sah der Verband bei ruhiger Ueberlegung wohl selber ein,
920 2411 2509 2495 denn in seinem zweiten Briefe vom 4. Dezember 1916 begründet er den Ausschluß
928 2457 2511 2540 Dinters nunmehr damit, daß Dinter gegen die Satzungsvorschrift verstoßen habe,
930 2505 2509 2596 „die Bestrebungen des Vereins zu unterstützen“. Diese Ausschlußbegründung ist na¬
926 2566 2515 2636 türlich eine ebensolche Flunkerei wie die erste. Mit vollem recht erwidert Artur
932 2602 2511 2687 Dinter den Herren, daß sie ebensogut irgend eine Stelle aus dem Konversations¬
930 2650 2511 2735 lexikon zur Begründung seines Ausschlußes anführen könnten. Der Kern der Sache
936 2699 2515 2785 ist natürlich der, daß Artur Dinter den Herren von der Art Ludwig Fuldas und
936 2753 2517 2832 Oskar Blumenthals höchst unbequem ist. Auf die ihnen eigene Art rächen sie und
936 2799 2523 2882 ihre Gesinnungsgenossen sich nun an Dinter, indem sie ihn durch Ausschluß aus dem
941 2848 2515 2928 Verbande, den zu allem Ueberfluß Dinter zusammen mit Max Dreyer und Heinrich
936 2898 2525 2979 Lisienfein selber gegründet hat, in den Augen der Oeffentlichkeit herabzusetzen
941 2956 2521 3035 suchen. Dinter hat bekanntlich auch den Theaterverlag des Verbandes, die „Ver¬
938 3003 2527 3087 triebstelle“ organisiert und als ihr langjähriger Direktor sie durch seine umsichtige
939 3045 2523 3124 und energische Geschäftsführung zu so hoher Blüte gebracht, daß er im vierten Jahre
941 3105 2523 3178 ihres Bestehens an die Gesellschafter nicht weniger als 21 Prozent Dividende aus¬
947 3144 2521 3228 schütten konnte. Das sehr angesehene und sehr einträgliche Amt als Direktor der
945 3190 2525 3267 Vertriebstelle gab Dinter jedoch besinnungslos preis, als er auf Grund seiner prak¬
943 3238 2527 3315 tischen Erfahrungen die Notwendigkeit erkannt hatte, daß eine Gesundung der deut¬
953 3297 2528 3373 schen Schaubühne nur möglich sei, wenn der jüdische Geschäftsgeist, der das heutige
943 3347 2534 3416 Theater restlos beherrscht, von ihr vertrieben werde. Er hielt damals seine bekannte
953 3389 2532 3472 Protestrede im Zirkus Busch gegen die Mirakelaufführungen. Seit jener Zeit wurde
943 3436 2534 3506 er nicht müde, in Wort und Schrift und Tat für die idealistische Erneuerung der
943 3482 2528 3565 deutschen Schaubühne zu kämpfen. Daß dies den genannten Herren und ihren Ge¬
959 3547 2538 3617 sinnungsgenossen nicht paßt, läßt sich unschwer begreifen. Da aber, wie aus den
943 3581 2540 3688 Satzungen des Verbandes hervorgeht, die Betätigung Dinters keine Handhabe zu
