3392 4320
236 187 361 284 13.
432 194 1098 294 sans
1289 204 1755 300 b 44/10
1968 135 2917 199 graphentheater usw. In Deutschland existiert keine
1974 169 2913 247 solche Organisation, die Folge ist, daß die Gesamt¬
1971 211 2913 281 heit der deutschen Schriftsteller alljährlich um min¬
1965 257 2913 320 destens die gleiche Summe bestohlen wird. Die
1970 301 2914 369 Honorare in England und den Vereinigten Staaten
1971 337 2908 427 sind etwa siebenmal so hoch wie in Deutschland, in
1964 387 2649 445 Rußland wenigstens fünfmal so hoch.
2046 435 2907 508 Wie sieht es bei uns aus? Ein paar Beispiele.
1959 444 2905 545 Von einer großen Zeitung erhielt ich einmal für eine
1965 520 2901 590 Novelle, an der ich über zwei Monate gearbeitet
1952 569 2901 637 hatte, hundert Mark Honorar so h. einen Taglohn
1956 614 2900 684 von einer Mark siebenunddreißig Pfennigen.) Und
1952 651 2899 731 dabei muß ich bemerken, daß ich noch Vorzugshono¬
1950 700 2900 776 rare erhalte; die meisten Schriftsteller erhalten noch
1953 740 2894 818 weniger. Was ist die Folge? Der Dichter ist ge¬
1950 790 2895 860 zwungen, irgend etwas anderes zu tun, um genug
1953 832 2888 905 Geld zum Leben zu verdienen. Natürlich sind einige
1944 871 2889 943 da, die es nicht nötig haben, die von Hause aus ver¬
1948 912 2895 988 mögend sind, das sind die Glücklichen. Die anderen
1954 951 2889 1023 sind zu Arbeiten gezwungen, die in weitaus den
1938 991 2899 1064 meisten Fällen ihre künstlerische Produktion schwer
1946 1036 2893 1102 schädigen, denn anständig leben kann bei uns kein
1942 1088 2893 1147 Dichter vom Ertrag seiner Feder. Man sehe doch
1940 1116 2889 1181 die Auflagenzziffern unserer berühmtesten und aner¬
1941 1163 2887 1231 kanntesten Dichter an: Demel, Lilienkron, Hoff¬
1941 1212 2884 1280 mannsthal, Schnitzler usw. Zwei, sehr selten drei
1938 1250 2876 1326 Auslagen, das macht etwa 2000 Mark für ein Buch,
1934 1295 2877 1357 in dem oft mehr als ein Jahr Arbeit steht. Paul
1920 1333 2883 1425 Scheerbart, Arno Holz, Schlaf, George kommen kaum
1974 1477 2923 1580 über eine halbe Auslage hinaus, Frank Wedekind,
1972 1531 2797 1603 überall gespielt, erhebt sich höchstens zu fünf.
2068 1578 2919 1648 Die große Hoffnung ist der Theater=Erfolg. Nur
1970 1626 2923 1703 vergißt man dabei, daß den großen Theater-Erfolg
1970 1669 2918 1726 auch das Publikum macht, und daß es „Kunst" eben¬
1977 1697 2911 1775 sowenig auf der Bühne duldet, wie in der Zeitung.
1978 1750 2917 1813 Selbst Gerhart Hauptmann hat mit seinen vielen
1968 1781 2907 1865 Stücken und scheinbar — großen Theater=Erfol¬
1970 1836 2908 1900 gen kaum soviel verdient, daß er wirklich dauernd
1977 1875 2912 1950 gut leben könnte, Schnitzler, Bahr, Hoffmansthal
1971 1924 2931 1998 können nicht die Mieten für ihre Wohnungen,
1972 1962 2911 2034 Eulenberg, „im Bau“ längst anerkannt, nicht einmal
1968 1998 2907 2085 seine Streichhölzchen von seinem „Verdienst" beim
1966 2051 2908 2117 Theater bezahlen. So ist ein jeder auf einen „Neben¬
1962 2091 2907 2173 verdienst" angewiesen, der recht eigentlich „Hauptver¬
1956 2133 2908 2210 dienst" ist. Gustav Falke gibt Klavierstunden, Arno
1960 2182 2905 2250 Holz erfindet kleine mechanische Scherzartikel für den
1962 2218 2913 2304 Weihnachtsmarkt. Andere machen Reklameverschen
1965 2263 2905 2345 für Andreas Hofers Malzkaffee und ähnliche geist¬
1958 2315 2896 2384 reiche Erzeugnisse oder fabrizieren witzige Unter¬
1962 2351 2900 2427 schriften für alle möglichen albernen Witzblätter.
1958 2401 2900 2472 Einige treten im Kabarett auf, Frank Wedekind
1947 2443 2902 2522 verdient seinen Unterhalt als Schauspieler. Andere
1953 2483 2906 2561 lesen Korrekturen, geben Privatstunden, halten Vor¬
1944 2521 2893 2595 lesungen; eine ganze Menge übersetzt aus allen
1953 2568 2900 2648 fremden Sprachen. Einige — man kennt ihre
1946 2622 2894 2694 Namen — hungern; sie wären längst verhungert,
1947 2659 2895 2739 wenn nicht ihre Kameraden, die meist selbst herzlich
1948 2701 2890 2772 wenig haben, sie über Wasser halten würden. So
1944 2744 2888 2822 haben sie Brot — aber Butter ist wenig darauf.
1938 2788 2883 2876 Und dabei gehören sie zu unseren feinsten, eigen¬
1936 2822 2350 2894 artigsten Dichtern.
2055 2883 2883 2955 So gehen unsere Talente zugrunde, und es
1941 2913 2882 2999 ist das Publikum, das die Schuld trifft. Dutzend¬
1938 2960 2881 3036 schriftsteller sehen wir reich werden mit ihren Ver¬
1932 3011 2883 3088 legern und Theaterdirektoren; Schauspieler sehen
1938 3050 2877 3129 wir, die horrende Gagen beziehen: einen Dichter,
1926 3093 2882 3187 den seine Kunst reich macht, hat Deutschland noch
1926 3131 2193 3199 kaum gesehen.
2040 3186 2873 3259 Wir maßen uns nicht im entferntesten an,
1932 3216 2881 3292 Auflagen zu erzielen, wie Leutnant Bilse und
1926 3267 2873 3343 Margarete Böhme, aber wir möchten gerne, daß
1929 3312 2877 3378 es unter achtzig Millionen Deutschen zehntausend
1920 3368 2863 3427 geben möchte, die Interesse genug und Verständnis
1926 3397 2866 3474 haben, um ihre Dichter zu kaufen: das heißt einer
1926 3450 2861 3518 unter achttausend. Aber es finden sich noch nicht
1920 3486 2872 3563 1000 unter 80 Millionen, die einen Gedichtband
1923 3527 2869 3600 Dehmels, noch nicht 300, die einen Roman von
1923 3567 2861 3653 Scheerbart erstehen. Und in dieser Schar sind ein
1923 3612 2860 3686 Drittel selbst Schriftsteller, ein gutes zweites
1922 3659 2861 3742 Drittel sind die von allen Seiten geschmähten
1918 3697 2329 3760 jüdischen Kunstfreunde.
2025 3733 2854 3814 Ohne unsere jüdische Intelligenz, die nicht
1908 3787 2852 3860 nur das Hergebrachte, sondern auch das Werdende
1908 3837 2854 3908 und Neue verstehen will, würde heute den mit
1914 3870 2845 3938 Problemen ringenden Künstlern, der ernsten Lite¬
1911 3916 2848 3999 ratur und bildenden Kunst eine starke Nährquelle
1908 3955 2847 4042 fehlen, eine der wenigen, die wir überhaupt haben,
1910 4004 2849 4093 die einzige vielleicht, die sich greifbar nachweisen
1898 4039 1995 4107 läßt.
