3392 4352
290 218 1161 353 13. Miscellaneous
1348 267 1823 373 box 44/10
447 676 1650 772 in der Gruftkapelle bei der Beerdigung des Herrn Grafen. Masian
1812 710 2898 805 „Zu dienen, hochwürdiger Herr, die Bäuerin ist da, wo sollt sie
446 748 1651 849 derart in Schmerz aufgelöst, daß er sogar Denen leid that, die ihn am
1712 775 2885 851 sein? Im Garten ist sie, in den Erbsen. Ich wer sie gleich rufen.
449 817 1669 904 wenigsten mögen. Evi ciskalt und eher trotzig dreingeschaut. Sie wird
1816 845 2776 928 Der Pfarrer wehrte ab: „Nein, führen Sie nich zu ihr."
450 866 1638 955 wohl gedacht haben: um mich würdest du nicht weinen, wie um deinen
1810 895 2895 983 „Wie befehlen — wie der hochwürdige Herr befehlen", und die
452 917 1642 1001 todten Herrn. Zehn Jahre sind seitdem vergangen. In seinem Testa¬
1710 958 2898 1017 Kleine lief vor ihm her um das Haus, in den Gerten und rief aus
456 983 1635 1054 mente bestimmte der Herr Graf, daß Maslan die herrschaftliche Mühle
1709 995 2902 1107 allen ihren Kräften: „Bäuerin! Bäuerin. Der hochwürdige Herr Pfarrer
450 1030 1635 1096 in Pacht haben soll, unter Bedingungen, bei denen er leicht ein wohl¬
1710 1045 2055 1131 will Euch besuchen!"
2626 1078 2864 1145 (Forts. folgt.)
443 1080 1625 1166 habender Mann hätte werden können. Er hat sich aber seiner Sach
447 1128 1638 1205 im Anfang wenig angenommen. Erst in letzter Zeit ist er ordentlicher
452 1187 1635 1263 geworden. Wer weiß, warum — vielleicht die Jahre, vielleicht weil
2232 1215 2396 1296 6
452 1234 916 1305 seine Gesundheit ausspannt“
543 1281 1647 1363 „Warum sagen Sie nicht einfach: durch die Gnade Gottes?" fragte
444 1342 755 1409 der geistliche Herr.
2044 1339 2562 1469 Aus der Hauptstadt.
534 1374 1642 1487 Der Doctor reagirte nicht darauf: „Ich betrachte mir die zwei
440 1454 1635 1541 Leute, wenn sie am Sonntag in die Kirche kommen," fuhr er fort.
2121 1489 2479 1588 Hermann Bahr.
438 1521 1631 1597 „Er in der ersten Bank rechts, sie in der ersten Bank links. Früher
437 1569 1628 1641 haben sie vermieden, einander zu treffen, beim Eingang oder beim Aus¬
1709 1550 2884 1657 Von Hermann Bahr. Eine Imitation von Theodor von Sosnosky.
443 1630 1087 1686 gang; jetzt nicht einmal mehr das".
1806 1633 2896 1724 Da ist Einer, dessen künstlerische Formel ich suchen will, welche
534 1668 1628 1763 „Und wohnen dem heiligen Liebes= und Versöhnungsopfer un¬
1704 1689 2891 1779 gilt. Das ist dieser Hermann Bahr, den höhnischer Undank den „Herrn
432 1721 858 1798 versöhnten Herzens bei?"
1700 1753 2890 1842 aus Linz“ genannt hat. Aus Linz ist er wirklich. Eine spielerische
534 1776 1625 1865 „Aeußerlich unversöhnt wohl, aber wer weiß, was in ihren Herzen
1697 1794 2885 1876 Laune des Schicksals hat sich den wunderlichen Scherz geleistet, auf dem
434 1829 591 1900 vorgeht!"
1698 1854 2893 1933 Mostobstbaume Ober=Oesterreichs diese seltsame, fremdartige Frucht hervor¬
529 1891 1621 1959 „Ich will suchen, es zu erforschen," versetzte der Priester und er¬
1704 1906 2882 1992 zubringen. Seine Mitbürger, die braven Linzer, lieben die breuen,
431 1935 1624 2020 hob sich. „Wenn die Frau wirklich noch einen Funken Liebe für ihren
1691 1964 2882 2059 bequemen Philister= und Pensionisten=Wege, welche Herkommen sind. Er
431 1991 1613 2080 Mann übrig hat, wird sie auch Erbarmen mit ihm haben. Ich werde ihr
1697 2012 2882 2091 aber sucht sich die steilen, heimlichen Pfade, seitab von den andern, die
432 2053 1616 2121 Erbarmen mit dem Sterbenden anrufen, und hoffentlich nicht umsonst...
1701 2068 2879 2145 locken und verwirren. Verwegene Schwänke im Sinn und köstliche
429 2111 1616 2180 Sie zweifeln?" unterbrach er sich mit einem mißbilligenden Blick auf
1700 2115 2884 2211 Pläne schlenderte er durch die hellen Straßen und Plätze seiner ehrsamen
429 2145 925 2227 Vanka, der die Achseln zuckte.
1691 2168 2875 2261 Vaterstadt. Aber es verdroß ihn dieser ewige Wigidak mit seinen
520 2218 1616 2305 „Leider kann ich nicht zweifeln, Hochwurden, weil ich weiß, daß
1691 2220 2879 2320 Cravatten und Hemden und der ewige Pupp mit seinen Consitüren, es
425 2270 951 2330 hier nichts mehr zu hoffen ist."
1685 2280 2866 2379 verdroß ihn das Café Traelmayr mit den Hofräthen und den Provinz¬
517 2318 1195 2394 „Davon will ich mich selbst überzeugen."
1678 2324 2873 2437 gigerl. Jähe Dränge reizten ihn, und heilige Wünsche zupften an
525 2373 1615 2450 Er verabschiedete sich, und der Doctor sah dem stattlichen Herrn
1694 2394 2878 2491 seinen Nerven. Das Wort dieses Rod war es, das ihn trieb, ohne daß
420 2420 1607 2502 nach, der, rasch und energisch ausschreitend, den Weg in's Dorf
1685 2459 2875 2537 er es noch kannte: „sortir de la banalité“. Und ein anderes Wort
422 2478 578 2543 einschlug.
1678 2499 2869 2585 vom weisen Lemaître, welches die Formel ist für die Menschen, die nicht
1678 2567 2869 2682 wie die Andern sind, das setzte er zur That um: „La recherche
1689 2599 2314 2682 pédantesque des sensations rares,
514 2631 1606 2710 Das Haus Frau Maslan's lag auf dem ziemlich großen und ziemlich
1774 2663 2866 2744 Auf diese Suche ging er und schüttelte den Alltagsstaub seiner
415 2669 1606 2767 gut gehaltenen Platze des Dorfes, dem Teiche gegenüber, zu dem hin das
1682 2716 2873 2814 Vaterstadt von den ruhelosen Sohlen, um die müssige Provinzathmosphäre
417 2741 1600 2808 Terrain sich senkte. Als Seitenstück zum siebenhügeligen Rom durfte Raud¬
1672 2779 2863 2869 mit der freien, aber schwülen Luft des einzigen Paris zu vertauschen.
414 2791 1598 2882 nowitz sich die Siebenbücklige nennen, denn nicht weniger Erhöhungen bil¬
1771 2822 2864 2913 Und er wandelte nun die Boulevards entlang auf und ab, immer
414 2832 1597 2920 dete der Boden, auf dem die Ortschaft erbaut war. Den höchsten von allen
1680 2884 2863 2976 fort und freute sich sehr, daß er nicht mehr den Wigidak sah und den
409 2891 1600 2985 krönte das stattlichste Gehöft. Sein mit Schieferplatten gedecktes Dach
1683 2928 2860 3031 Pupp, und eine große Lust kam über ihn, er blähte die Nüstern, spreizte
403 2967 1597 3061 überragte alle, sogar die ansehnlichsten Bauernhäuser, die den Platz
1672 2992 2860 3081 die Lippen, um den seltenen Duft einzufangen, einzuschlürfen, der diesem
402 3017 1480 3089 nach rechts und links im unregelmäßigen Halbkreis umschlossen.
1675 3054 2861 3142 gewaltigen Paris aus allen Poren seiner gleißenden Haut strömt, der
508 3064 1592 3142 Der Pfarrer trat in das Vorgärtchen. Es war von einem grün
1669 3096 2064 3175 berauscht und verführt.
396 3102 1589 3193 angestrichenen Lattenzaun umgeben, und am Eingang standen zwei
1768 3154 2849 3233 Wie mit liebesgierigen Händen tasteten seine Augen an den
409 3172 1592 3257 riesige Sonnenblumenstauden wie ein paar Wächter. Ein breiter, gut
1665 3192 2851 3298 Schönheiten und Wundern, die sie da sahen. Die erhabene Gothik der
405 3222 1589 3305 besandeter Weg führte zwischen Gemüsebeeten geradehin zu den ge¬
1662 3254 2854 3336 Notre Dame, welche erbaut und läutert, die medicatsche Ueppigkeit des
400 3289 1586 3365 mauerten Stufen der Hausthür, theilte sich dort und lief dem Obst¬
1662 3308 2849 3404 Louvre sah er, den kalten, strengen Classicismus der Madeleine, dieses
402 3340 1588 3424 garten hinter dem Hause zu. Junge Birn= und Aprikosenbäume, an
1663 3372 2844 3457 griechischen Tempels, der eine römische Kirche ist, und die ungeheuere
400 3381 1581 3475 Treillagen gezogen, breiteten ihre mit Früchten behangenen Zweige
1657 3425 2837 3513 Kuppel des Invalidendomes, der dem Atlas mit der Weltkugel gleicht
396 3437 1580 3524 zwischen den sechs Fenstern der Fronte aus. Große Fenster mit blinkenden
1659 3468 2851 3569 Sein Ohr aber vernahm die kecken Chansons dieser dicken Judic und
393 3501 1578 3574 Scheiben und vorspringenden Simsen, auf denen ein farbenheiterer Flor
1656 3521 2848 3618 die boulangisirenden Gesänge des Paulus, der in Wien Guschelbauer
393 3557 1312 3627 von Rosen, Geranien und Nelken duftete und prangte.
1659 3584 2843 3675 heißt. Er vernahm auch die Glockentöne von Saint=Germain l'Auxerrois,
494 3592 1583 3680 Eine kleine, alte Person, die, mit Unkrautjäten beschäftigt, auf
1657 3636 2841 3728 welche einstmals die blutigen Brünste der Bartholomäusnacht einge¬
390 3659 1577 3736 dem Boden gekauert hatte, wendete beim Eintreten des Geistlichen den
1653 3677 1882 3760 läutet haben.
387 3709 1578 3782 Kopf, schob das Tuch, das ihr über das halbe Gesicht gefallen war,
1751 3747 2846 3838 Und dann ging er in die Museen. Da fiel es ihm wie Schuppen
387 3766 1572 3830 zurück und kam auf den Besucher zu mit einem freundlich demüthigen:
1645 3797 2837 3874 von den Augen, die starrten und sogen. In seiner jauchzenden Seele
385 3816 870 3882 „Gelobt sei Jesus Christus!"
1645 3841 2837 3936 hub es an zu blühen von den unerhörten Wundern des Pinsels, von
479 3847 1580 3954 „In Ewigkeit, Amen,“ erwiderte er, und sie legte die schmutzigen
1644 3891 2832 3997 den gewaltigen Gesängen der Farbe. Die schillernde Pracht des Besnard,
378 3921 1572 3998 Hände auf den Rücken, streckte den Hals und küßte, ohne sich bücken zu
1645 3953 2834 4039 die seltene Kunst des Whistler, der das je ne sais quoi der fragenden
378 3982 1163 4057 müssen, die herabhängende Hand des Priesters.
1647 3998 2834 4103 Seele malt und die Mystik des Knopff, welchen man den Maeterlinck
481 4027 1504 4100 „Ich möchte mit der Frau sprechen," sagte er. „Ist sie da?"
1638 4051 2117 4135 der Malerei nennen möchte.
