3392 4320
220 202 1090 315 13. Miscellaneous
1269 226 1754 329 box 44/10
1182 1250 2266 1366 ändert, sagten mir mit Ihrer Höflichkeit, ich sei es
1186 1338 2248 1416 auch, was immer Freude macht, und dann debat¬
1191 1412 2258 1500 tierten wir zu Zweit und vor anderen; es war alles
1179 1455 2257 1552 so wie früher. Das Wien reibt sich weiter an ihnen,
1197 1524 2244 1612 vielleicht kommt es an Ihrem 60. Geburtstage dar¬
1187 1606 2248 1671 auf, daß Sie ihm sehr scharf und bestimmt sein
1186 1664 2072 1732 Antlitz mitzeichneten und erhalten helfen.
1232 1719 2248 1814 Lieber Felix Salten, wir werden auch über dieses
1176 1779 2248 1865 Problem wieder debattieren, sobald ich im Herbst
1174 1858 2245 1946 in Wien bin. „Die Waffen haben ihn geweckt und
1178 1919 2246 2009 sie führten ihn jetzt hinaus in die Welt.“ So steht's
1176 1981 2240 2062 in Ihrer „Gewalt der Dinge. — Herzlich, mit un¬
1175 2037 1806 2134 sichtbarem Blumenstrauß, Ihr
1822 2118 2194 2198 Walter von Molo.
1435 2219 1978 2310 ARTHUR SCHNITZLER
1292 2291 1830 2368 Mein lieber Felix Salten!
1218 2368 2233 2443 Am liebsten hätte ich Ihnen zu Ihrem sechzigsten
1162 2435 2230 2520 Geburtstag ganz privat und sehr herzlich die Hand
1166 2479 2223 2576 gedrückt; Sie hätten dann ohneweiters gewußt und
1156 2543 2221 2636 empfunden, was ich hier niederzuschreiben vergeb¬
1155 2613 2221 2691 lich versuchen werde — und etwas mehr. Denn bei
1160 2665 2225 2773 einem solchen Anlaß und gar vor mehr oder minder
1149 2760 2225 2835 fremden Leuten die rechten Worte zu finden, ist
1149 2818 2222 2896 nicht ganz leicht, zumal für Einen, der weder zum
1143 2861 2067 2950 Essayisten noch zum Festredner geboren ist.
1197 2925 2222 3029 Über das, was man gemeiniglich Leistungen zu
1144 3012 2215 3086 nennen pflegt, werden Ihnen in diesen Tagen Be¬
1140 3071 2213 3167 rufene nach Verdienst viel Ehrenvolles zu sagen
