3344 4320
235 213 371 299 13.
1290 222 1764 315 b 44/10
430 210 1102 324 Miscellanes
421 462 1548 546 Enrica v. Handel=Mazzetti (geb. 1871) steht ganz gewiß
1602 484 2770 552 erkennt die Vorbereitung der großen Entschlüsse, er schaut den
380 537 1551 583 in vielfacher Hinsicht noch völlig auf dem Boden des alten
1598 534 2773 597 inneren Kämpfen der Seele zu, er verbindet mit psychologischen
371 575 1548 630 Romans. Sie liebt die „Spannung", die Ernst Zahn oder
1598 578 2769 636 Zwischengliedern die bekannten Momente und hilft die Schick¬
374 621 1545 666 Thomas Mann geradezu verabscheuen und deshalb durch deut¬
1598 625 2582 678 sale der Helden aus dem Leben des Volkes begreifen.
377 662 1537 714 liche Vorausbeutungen aufheben. Sie hat unzweifelhaft „Helden
1642 658 2769 719 Es ist nicht der einzige große Versuch eines Prosa=Epos.
380 703 1558 750 im Romansinn: in „Meinrad Helmpergers merkwürdigstem
1598 703 2766 765 Größer, gewaltiger ist ein anderes, das einzige wirklich große
383 752 1536 802 Jahr (1900) den guten Pater, in „Jesse und Maria
1601 753 2769 815 Epos unserer Tage (trotz Spittelers geistreich willkürlichen
385 796 1558 850 (1906) die wunderbar wahre Gestalt der Maria, in
1604 802 2766 852 „kosmischen Epen!"); der „Zarathustra Nietzsches. Auch hier
374 836 1554 889 der „Armen Margaret" (1910) den biedern Viertelsmeister.
1598 840 2769 903 hat die Anlehnung an typische Entwicklungen der Ausmalung
377 883 1554 927 Und wenn sie in Sprache, Kostüm, Denkart des 17. Jahr¬
1610 886 2766 942 gedient, auch hier vereint sich Modernstes mit Antik=Monu¬
381 928 1551 978 hunderts tiefer eintaucht als irgend der historische Roman nach
1596 934 2769 990 mentalem; aber die Tiefe der Gedanken läßt nur gesteigerte
383 968 1551 1018 Manzoni getan, so scheint auch das lediglich als eine Vervoll¬
2535 975 2769 1030 — kein Ge¬
1607 968 2495 1020 epische Ausdrucksmittel zu. Ein Epos ist dies
383 1014 1551 1062 kommnung der Methode, die doch aber schon alle Nachfolger
1601 1009 2772 1068 dankenroman, wie etwa Wilbrandt sie zu geben versuchte. Ein
383 1056 1551 1109 Walter Scotts befolgten. Aber es liegt auch hier etwas
1607 1061 2769 1114 Epos mit einem Riesen=Atlas als Helden, der die Last einer
388 1100 1551 1148 anderes hinter dem Schein. Die Dichterin, die das historische
1601 1096 2210 1167 Welt trägt: Zarathustra=Nietzsche.
380 1139 1555 1189 Kolorit so glänzend meistert, will doch nicht vor allem die
1639 1136 2766 1195 Das Gedankenmäßige aber kann auch in anderer Art den
400 1184 1554 1242 „Realien“ darstellen, die „Kunstaltertümer, Sitten, Feste,
1604 1184 2764 1245 Roman erfüllen. Wenn Enrica v. Handel oder Ricarda Huch
385 1217 1477 1279 Trachten und was sonst von Wilhelm Hauff bis
1611 1236 2766 1284 den Geist einer Zeit vergegenwärtigen, so kann auch dies ohne
385 1240 1554 1324 Georg Ebers das hauptsächliche Argument des Geschichts¬
1604 1274 2766 1327 Übermittlung von Gedanken und Gefühlen nicht geschehen, die
383 1320 1554 1373 romans bildet: den Geist der Gegenreformation will sie lebendig
1607 1317 2769 1370 eben diesen Geist der Zeit ausmachen. In diesem Sinne sehen
383 1359 1551 1412 machen, macht sie lebendig. Das ist die Hauptfigur und Maria
1607 1365 2772 1415 wir auch Polenz, Zahn, vor allem Freussen bemüht, den Geist
388 1405 1554 1461 so gut wie Jesse, der Viertelsmeister von Steyr so gut wie die
1604 1408 2766 1464 der Zeit aus ihren Gestalten sprechen zu lassen. Einen histo¬
380 1440 1551 1499 arme Margareth sind nur Symbole, nur Ausdrucksmittel. Diese
1607 1454 2769 1507 rischen Roman aus der Gegenwart, den historischen Roman der
380 1490 1551 1539 atmosphärische Einheit hält die Charaktere zusammen und läßt
1604 1495 2764 1542 Gegenwart aber sucht in diesem Sinne Helene Böhlau (geb.
383 1536 1551 1596 die Handlung wie ein Naturprodukt aus ihren Bedingungen
1604 1540 2769 1592 1859) zu schreiben. Auch sie, wie Ricarda Huch und ungleich
381 1571 624 1636 hervorgehen.
1607 1579 2769 1636 Clara Viebig, ist durch recht verschiedene Erscheinungsformen hin¬
424 1608 1555 1668 Man sollte sich deshalb auch bedenken, ehe man die große
1604 1621 2764 1682 durchgegangen und ist doch im Wesen dieselbe geblieben
388 1670 1558 1720 Künstlerin aus ihrer geistigen Heimat im 17. Jh. in das neun¬
1604 1663 2772 1717 Durchaus gehört ihre frühere Epoche der symbolisierenden
388 1710 1551 1761 zehnte jagt. Hätte sie die Vorsicht geübt, ihren Romanen einen
1604 1714 2769 1760 Technik an: neben dem mit Recht berühmten „Rangierbahnhof“
385 1754 1551 1805 Gesamttitel zu geben, etwa „Österreich im Zeitalter der Ferdi¬
1607 1754 2772 1810 (1895) schon der viel wenig bekannte geistreiche „Schöne
385 1796 1558 1849 nande" (wie etwa Ompteda drei Adelsromane als „Deutscher
1607 1799 2769 1855 Valentin" (1902). Dann geht sie durch eine Zeit eigentlicher
388 1842 1551 1888 Adel" um 1900 zusammengefaßt hat). — Niemand hätte etwas
1598 1842 2773 1904 Tendenzschriftstellerei mit ihrem von wilder Empörung über
383 1877 1554 1932 gegen die Vollendung der Reihe eingewandt. Aber auch hier
1604 1886 2772 1942 die angebliche Knechtung der Ehefrau erfüllten Roman „Halb¬
385 1929 1551 1977 muß dem Trieb zum Cyklus sein Recht werden. Manet malte
1604 1932 2769 1985 tier" (1889), der jene schnurgerade Erfindung nicht verleugnet,
385 1964 1551 2021 die gleiche Landschaft in fünf, sechs verschiedenen Beleuchtungen
1607 1976 2769 2030 mit der alle Tendenzdichtung sich selbst zu strafen pflegt.
463 2016 1558 2066 Enrica v. Handel den Geist der Gegenreformation unter
1604 2020 2769 2073 Und dann kam das milde „Haus zur Flamm" (1907),
383 2055 1551 2111 dem Gesichtspunkt des Klosters, des Landadels, des städtischen
1604 2063 2772 2113 das in einem idyllischen Kreise alle guten Regungen
388 2099 1554 2161 Bürgertums. Und neue Gesichtspunkte werden sich ihr er¬
1607 2098 2763 2157 unserer Zeit um ein Herdfeuer vereint, alles, was sie an Liebe
385 2144 512 2205 öffnen.
1604 2145 2766 2198 und Langmut und Weisheit zum Aufbau einer neueren besseren
433 2169 1558 2241 Geht hier die Erfindung aus dem Geist der Geschichte hervor,
1604 2188 2769 2242 Welt aufruft. Doch bleibt es nicht, wie in den geistreich¬
391 2227 1552 2285 so bleibt noch der weitere Schritt zu tun, daß sie hinter dem
1607 2233 2763 2283 barocken Halbromanen des bewußt antimodernen Gerhard
388 2276 1558 2323 Geschehenen ganz zurücktritt. Wenn Dumas der Vater des
1604 2277 2739 2330 Ouckama Knoop (geb. 1861: „Sebald Sockers Pilgerfahrt
388 2314 1564 2373 Macaulay spottisch sagte, er erhebe die Geschichte zum Rang
1607 2320 2753 2372 1903, „Sebald Sockers Vollendung", 1905, „Nadehda Badini
388 2363 1554 2419 des Romans, so hat er mit diesem geistreichen Hohnwort doch
1612 2363 2769 2414 1906) beim Austausch sinniger Gedanken und witziger Wider¬
391 2405 1554 2458 auf die grandiose Übung von Jahrhunderten hingewiesen. In¬
1610 2410 2766 2464 sprüche auch die Handlung oder, wie man doch sagen muß,
391 2453 1554 2495 dem die mündliche Überlieferung der Völker aus den großen
1604 2447 2769 2497 die Handlungen des Buches entspringen jenem Geist und stellen
391 2492 1560 2539 Erlebnissen der Stämme das Wesentliche heraushob, indem die
1610 2495 2766 2550 ihn dar. Daß aber dabei, wie bei Marie v. Ebner manch
391 2533 1554 2588 psychologische Kunst und technische Verbindungsweise der Sänger
1615 2538 2594 2591 feines und gutes Wort fällt, wer wollte das schelten?
385 2578 1555 2628 diese Auswahl weiter stilisierte, entstand einst was wir Helden¬
1645 2578 2769 2629 Helene Böhlau besitzt nicht die feurige Kraft, mit der der
397 2622 1551 2679 sage nennen, und als deren höchste Blüte das Volksepos, die
1607 2622 2769 2675 Däne Johannes Jensen (wie einst bei uns Charles
391 2661 1561 2722 „Ilias", die „Nibelungennot“. Ihre Monumentalität erreicht der
1598 2660 2773 2720 Sealsfield, der ausgewanderte Österreicher) das Hohelied der
391 2703 1548 2756 moderne Einzelne nicht, aber auf diesen Wegen schritten doch
1604 2706 2772 2760 Neuen Welt singt und die aufregende Buntheit des amerikanischen
397 2750 1554 2809 schon Große und blicken nach hohen Zielen; Selma Lagerlöf
1612 2753 2766 2812 Lebens in lauten Schicksalen an uns vorbeirollen läßt.
388 2795 1542 2848 mit der Gösta Berlingssaga, Heidenstam - in weitem Abstand¬
1615 2795 2769 2848 Stiller, lyrischer ist die Atmosphäre ihrer Schriften; nicht um¬
385 2837 1551 2887 mit den „Karolinen" und den „Schweden und ihren Häuptlingen",
1615 2838 2766 2894 sonst ist sie eine Tochter Alt=Weimars, von dessen klassischen Tagen
394 2887 1558 2937 Auch an den verkleideten Geschichtsroman des Anatole France
1607 2884 2772 2932 die reizvollen „Ratsmädelgeschichten" (1888) und „Altweimarischen
1615 2929 2778 2976 Geschichten" (1897) erzählen. Sie rückt sogar schon nahe an
394 2925 1555 2973 kann man erinnern und an die außerordentlich feinen Versuche
1610 2969 2772 3029 die Gefahr heran, der andere erliegen: eine bloß lyrische Stimmung,
394 2970 1551 3023 Wilhelm Schäfers, alten Anekdoten epische Größe zu geben
1610 3016 2775 3065 von einiger leichten Handlung und viel Gefühlsäußerung um¬
391 3013 1368 3082 („Anekdoten" 1908; „Die Halsbandgeschichte" 1910).
1607 3059 2767 3113 rankt, zum „Helden" sie machen. Das glückte Hermann
438 3047 1562 3113 Zeigen schon diese fremden Beispiele, mit wie zwingender Kraft
391 3097 1564 3154 die Entwicklung sich vollzieht, so wird es an der dichterischen
1610 3103 2770 3156 Hesse (geb. 1877) einmal, in seinem liebenswürdigen „Peter
394 3146 1558 3191 Evolution einer deutschen Dichterin noch heller klar. Wer
1610 3143 2772 3198 Camenzind“ (1904), einer Modernisierung gleichsam von Eichen¬
1610 3190 2770 3241 dorffs unvergeßlichem „Taugenichts; es ist dem Norweger
394 3185 1555 3240 konnte individualistischer beginnen als Ricarda Huch (geb.
1612 3228 2775 3288 Hamsun einmal geglückt in „Pan“, während sein Nach¬
400 3234 1558 3284 1864), die so durch und durch romantisch schien, die so anti¬
1602 3271 2769 3331 ahmer Bernhard Kellermann (geb. 1879 in Wassermanns
391 3274 1560 3325 historisch in „Ludolf Urslen" (1892) selbst die grause Ham¬
1615 3322 2772 3379 Geburtsstadt Fürth, wie Knoop mit den beiden Mann aus
394 3322 1555 3374 burger Cholera zu einem düster vorbeihuschenden Schattenspiel
1612 3363 2778 3413 Bremen gebürtig ist) in seinen zarten, aber allzuzarten Land¬
394 3366 1558 3415 verflüchtigte? Wohl nähert sich die „Triumphgasse (1901) jenen
394 3409 1558 3457 Stadtromanen der Schnitzler, Ertl, Bartsch; aber nicht Triest selbst
1615 3407 2776 3463 schaftsromanen („Yester und Li" 1904, „Ingeborg 1906) den
394 3449 1558 3499 wird Träger der Handlung, nur symbolische Teile der Stadt.
1610 3457 2628 3509 Menschen ganz ins Elfen= oder Nixenhafte verflüchtigte.
397 3488 1551 3557 Aber die beiden Bände des „Kampfes um Rom" (1906—1907
1654 3490 2772 3546 So liegt in der Entwicklung des modernen deutschen Romans
458 3534 1561 3585 wie weit sind wir von dem Roman Felix Dahns, der
1607 3546 2776 3600 eine klare, starke Entwicklungslinie vor — allein schon eine
400 3581 1558 3631 1878 unter dem gleichen Titel das Entzücken der
1607 3581 2769 3641 Bürgschaft kräftigen Gedeihens. Die Doktrinäre haben überall
391 3622 1560 3678 deutschen Lesewelt bildete!) und erst recht das „Leben des Grafen
1612 3627 2769 3681 nur zu schelten; der eine warnt vor „Lyrismus", der andere
394 3671 1558 3718 Confalonieri“ (1910) sind ganz eigentliche Versuche, ein histo¬
1604 3669 2772 3721 vor zu früher Sicherheit der Technik; dem ist die Wandelbar¬
394 3713 1558 3763 risches Epos in Prosa zu schaffen, wie jene großen Unbekannten
1610 3721 2776 3769 keit des Dichters ein übles Zeichen, jenem seine Unveränderlich¬
397 3759 1561 3809 ein solches in Versen schufen. Die Tatsachen, die die gelehrte
1607 3759 2775 3811 keit. Dem einen ist der Roman zu geistreich geworden und
388 3803 1558 3852 und auch als Geschichtsschreiberin der deutschen Romantik wie
1607 3800 2778 3855 dem andern zu flach. Gewiß, Beispiele gibt es für all diese
391 3841 1564 3891 des italienischen „Risorgimento" gefeierte Dichterin in sorglicher
1607 3841 2775 3906 Mängel. Daneben aber zeigt die deutsche Romandichtung
394 3884 1551 3940 Arbeit festgestellt, gehen nun durch die anschauende Phantasie
1612 3891 2769 3940 unserer Tage nicht nur einen Reichtum von echten Talent.
1618 3918 2801 3992 sondern auch eine Fülle von gesunden Tendenzen, wie kein
391 3939 1564 4002 Der Geist erblickt die Gestalten und sieht in ihr Inneres; er
1610 4005 2681 4087 andere Literatur der Welt sie jetzt aufweist,
1610 4059 2670 4118 wie wir selbst sie auf diesem Gebiet kaum je
1618 4103 2769 4164 saßen. Aber — noch mehr und noch größere Talente, und
1617 4146 2779 4197 stärkere und schönere Tendenzen nannte die Romantik ihr eigen
