<?xml version="1.0" encoding="UTF-8" standalone="yes"?>
<PcGts xmlns="http://schema.primaresearch.org/PAGE/gts/pagecontent/2013-07-15" xmlns:xsi="http://www.w3.org/2001/XMLSchema-instance" xsi:schemaLocation="http://schema.primaresearch.org/PAGE/gts/pagecontent/2013-07-15 http://schema.primaresearch.org/PAGE/gts/pagecontent/2013-07-15/pagecontent.xsd">
    <Metadata>
        <Creator>prov=READ-COOP:name=PyLaia@TranskribusPlatform:version=2.12.1:model_id=39995:lm=provided:date=29_03_2024_17:56</Creator>
        <Created>2019-10-07T20:39:55.259+02:00</Created>
        <LastChange>2024-03-29T17:56:05.520+01:00</LastChange>
        <TranskribusMetadata docId="224465" pageId="9580787" pageNr="149" tsid="156506626" status="IN_PROGRESS" userId="40391" imgUrl="https://files.transkribus.eu/Get?id=ZKJNXWYBBVJQIYJKUAPISAXR&amp;fileType=view" xmlUrl="https://files.transkribus.eu/Get?id=QMYPHYSVHPRZVPNPAMZWFGEE" imageId="6208761"/>
    </Metadata>
    <Page imageFilename="224465_0149.jpeg" imageWidth="3344" imageHeight="4384">
        <ReadingOrder>
            <OrderedGroup id="ro_1712662345632" caption="Regions reading order">
                <RegionRefIndexed index="0" regionRef="tr_1"/>
            </OrderedGroup>
        </ReadingOrder>
        <TextRegion orientation="0.0" id="tr_1" custom="readingOrder {index:0;}">
            <Coords points="101,263 101,2946 3150,2946 3150,263"/>
            <TextLine id="tr_1_tl_1" custom="readingOrder {index:0;}">
                <Coords points="1211,327 1360,311 1386,330 1439,304 1458,327 1508,330 1534,308 1576,334 1595,315 1694,311 1694,224 1610,213 1549,247 1500,216 1435,239 1420,224 1333,216 1280,232 1215,216"/>
                <Baseline points="1236,292 1261,292 1287,292 1313,292 1339,292 1365,293 1391,295 1417,293 1443,293 1469,294 1494,295 1520,295 1546,295 1572,295 1598,293 1624,291 1650,289 1676,288 1702,286"/>
                <TextEquiv>
                    <Unicode>box 44/10</Unicode>
                </TextEquiv>
            </TextLine>
            <TextLine id="tr_1_tl_2" custom="readingOrder {index:1;}">
                <Coords points="159,315 1037,342 1037,235 972,220 904,243 414,220 334,247 159,220"/>
                <Baseline points="179,295 222,292 265,295 308,298 352,298 395,298 438,298 482,296 525,295 568,295 612,297 655,296 698,295 741,297 785,296 828,295 871,295 915,295 958,297 1001,303 1045,307"/>
                <TextEquiv>
                    <Unicode>13. Miscellaneous</Unicode>
                </TextEquiv>
            </TextLine>
            <TextLine id="tr_1_tl_3" custom="readingOrder {index:2;}">
                <Coords points="1773,1367 2085,1367 2085,1314 2066,1314 2054,1299 2016,1306 2001,1284 1963,1303 1944,1291 1891,1325 1872,1322 1846,1291 1808,1322 1773,1310"/>
                <Baseline points="1794,1361 1819,1359 1844,1359 1869,1361 1894,1360 1919,1358 1945,1358 1970,1357 1995,1356 2020,1356 2045,1358 2070,1358 2096,1358"/>
                <TextEquiv>
                    <Unicode></Unicode>
                </TextEquiv>
            </TextLine>
            <TextLine id="tr_1_tl_4" custom="readingOrder {index:3;}">
                <Coords points="1944,1416 2009,1420 2062,1394 2108,1397 2138,1413 2176,1413 2206,1397 2282,1409 2282,1360 2210,1360 2184,1333 2168,1333 2142,1360 1944,1363"/>
                <Baseline points="1965,1388 1990,1389 2015,1390 2040,1390 2065,1388 2091,1388 2116,1388 2141,1386 2166,1385 2192,1385 2217,1385 2242,1385 2267,1385 2293,1385"/>
                <TextEquiv>
                    <Unicode></Unicode>
                </TextEquiv>
            </TextLine>
            <TextLine id="tr_1_tl_5" custom="readingOrder {index:4;}">
                <Coords points="80,1394 968,1390 972,1325 600,1299 270,1325 84,1295"/>
                <Baseline points="101,1403 144,1399 188,1396 232,1394 276,1394 320,1393 364,1390 408,1388 452,1388 496,1388 540,1388 583,1388 627,1385 671,1385 715,1382 759,1382 803,1382 847,1379 891,1382 935,1382 979,1382"/>
                <TextEquiv>
                    <Unicode>im Berichte des W. erste ge¬</Unicode>
                </TextEquiv>
            </TextLine>
            <TextLine id="tr_1_tl_6" custom="readingOrder {index:5;}">
                <Coords points="2119,1451 3125,1447 3125,1394 3084,1390 2119,1409"/>
                <Baseline points="2141,1448 2190,1445 2240,1442 2290,1442 2339,1442 2389,1442 2439,1441 2488,1439 2538,1441 2588,1440 2638,1439 2687,1439 2737,1439 2787,1438 2836,1436 2886,1436 2936,1436 2985,1436 3035,1434 3085,1433 3135,1433"/>
                <TextEquiv>
                    <Unicode>anfall am Schlusse hätte einen etwas mehr patho¬</Unicode>
                </TextEquiv>
            </TextLine>
            <TextLine id="tr_1_tl_7" custom="readingOrder {index:6;}">
                <Coords points="95,1511 372,1534 467,1496 573,1534 851,1485 2092,1466 2096,1413 1830,1420 1777,1371 1565,1363 99,1409"/>
                <Baseline points="116,1496 215,1493 314,1490 414,1486 513,1484 613,1481 712,1478 812,1475 911,1475 1011,1473 1110,1466 1209,1466 1309,1463 1408,1462 1508,1460 1607,1460 1707,1460 1806,1456 1906,1454 2005,1449 2105,1451"/>
                <TextEquiv>
                    <Unicode>se an die Reihe des Tales zu verlieren ungen riche es ist nur gut zu ernsten des</Unicode>
                </TextEquiv>
            </TextLine>
            <TextLine id="tr_1_tl_8" custom="readingOrder {index:7;}">
                <Coords points="2123,1500 3129,1489 3129,1443 2123,1451"/>
                <Baseline points="2144,1496 2193,1496 2243,1496 2293,1493 2342,1492 2392,1490 2442,1490 2491,1490 2541,1490 2591,1490 2641,1487 2690,1487 2740,1487 2790,1484 2839,1484 2889,1485 2939,1484 2988,1483 3038,1484 3088,1481 3138,1484"/>
                <TextEquiv>
                    <Unicode>logischen Charakter tragen dürfen. Das „Du armer</Unicode>
                </TextEquiv>
            </TextLine>
            <TextLine id="tr_1_tl_9" custom="readingOrder {index:8;}">
                <Coords points="1082,1527 2016,1519 2096,1511 2100,1466 1086,1477"/>
                <Baseline points="1104,1520 1154,1518 1204,1514 1254,1514 1304,1514 1354,1513 1404,1511 1454,1511 1504,1509 1554,1508 1604,1508 1654,1505 1704,1505 1754,1508 1804,1504 1854,1502 1904,1504 1954,1503 2004,1500 2054,1499 2105,1496"/>
                <TextEquiv>
                    <Unicode>Herr Groß in dieser Rolle ebenfalls ausgezeichnet</Unicode>
                </TextEquiv>
            </TextLine>
            <TextLine id="tr_1_tl_10" custom="readingOrder {index:9;}">
                <Coords points="2123,1557 3129,1538 3129,1489 2123,1500"/>
                <Baseline points="2144,1543 2193,1543 2243,1543 2293,1543 2342,1542 2392,1540 2442,1540 2491,1538 2541,1537 2591,1537 2641,1534 2690,1534 2740,1534 2790,1534 2839,1534 2889,1534 2939,1534 2988,1533 3038,1532 3088,1532 3138,1537"/>
                <TextEquiv>
                    <Unicode>Narr!", das er dem Bruder entgegenschleudert,</Unicode>
                </TextEquiv>
            </TextLine>
            <TextLine id="tr_1_tl_11" custom="readingOrder {index:10;}">
                <Coords points="87,1553 129,1565 148,1549 213,1561 239,1549 281,1546 277,1496 239,1496 228,1508 205,1504 194,1511 190,1504 152,1500 122,1511 87,1504"/>
                <Baseline points="110,1546 135,1544 161,1543 186,1541 212,1540 237,1540 263,1539 289,1537"/>
                <TextEquiv>
                    <Unicode>rleugnet.</Unicode>
                </TextEquiv>
            </TextLine>
            <TextLine id="tr_1_tl_12" custom="readingOrder {index:11;}">
                <Coords points="1082,1572 2104,1553 2104,1508 2066,1504 1082,1527"/>
                <Baseline points="1104,1564 1154,1564 1204,1566 1254,1564 1304,1561 1355,1563 1405,1560 1455,1558 1505,1558 1555,1558 1606,1556 1656,1555 1706,1555 1756,1555 1806,1554 1857,1552 1907,1552 1957,1552 2007,1550 2057,1549 2108,1549"/>
                <TextEquiv>
                    <Unicode>war, und daß er das hilflose: „Macht ja nix,</Unicode>
                </TextEquiv>
            </TextLine>
            <TextLine id="tr_1_tl_13" custom="readingOrder {index:12;}">
                <Coords points="118,1606 1056,1576 1056,1519 824,1542 714,1492 596,1534 418,1500 368,1542 122,1553"/>
                <Baseline points="137,1594 183,1591 229,1591 276,1590 322,1588 369,1587 415,1584 462,1582 508,1582 555,1582 601,1580 647,1579 694,1579 740,1577 787,1574 833,1573 880,1573 926,1573 973,1573 1019,1570 1066,1570"/>
                <TextEquiv>
                    <Unicode>Im Gegensatze zu Bahrs „Armen Narren</Unicode>
                </TextEquiv>
            </TextLine>
            <TextLine id="tr_1_tl_14" custom="readingOrder {index:13;}">
                <Coords points="2119,1603 3122,1591 3122,1538 2119,1557"/>
                <Baseline points="2138,1594 2187,1591 2237,1591 2287,1591 2336,1590 2386,1589 2436,1590 2485,1588 2535,1588 2585,1588 2635,1588 2684,1585 2734,1585 2784,1585 2833,1585 2883,1584 2933,1584 2982,1583 3032,1582 3082,1579 3132,1579"/>
                <TextEquiv>
                    <Unicode>war mit zu viel Bewußtsein gesprochen. Fräulein</Unicode>
                </TextEquiv>
            </TextLine>
            <TextLine id="tr_1_tl_15" custom="readingOrder {index:14;}">
                <Coords points="87,1663 1971,1618 2096,1603 2100,1553 87,1595"/>
                <Baseline points="107,1645 206,1640 306,1636 406,1636 506,1633 606,1631 706,1627 806,1624 906,1620 1006,1620 1106,1618 1205,1615 1305,1612 1405,1609 1505,1606 1605,1606 1705,1603 1805,1603 1905,1601 2005,1597 2105,1603"/>
                <TextEquiv>
                    <Unicode>igt Schönherr in den „Karnerleuten ein Stück Füchsel, daß Du's dem Gendarmen gesagt hat!“</Unicode>
                </TextEquiv>
            </TextLine>
            <TextLine id="tr_1_tl_16" custom="readingOrder {index:15;}">
                <Coords points="2115,1652 3129,1641 3118,1587 2119,1603"/>
                <Baseline points="2141,1642 2190,1642 2240,1645 2290,1645 2340,1644 2390,1639 2440,1639 2489,1637 2539,1636 2589,1636 2639,1636 2689,1633 2739,1636 2789,1633 2838,1632 2888,1631 2938,1633 2988,1633 3038,1631 3088,1630 3138,1633"/>
                <TextEquiv>
                    <Unicode>May gefiel in der Rolle eines verschüchterten</Unicode>
                </TextEquiv>
            </TextLine>
            <TextLine id="tr_1_tl_17" custom="readingOrder {index:16;}">
                <Coords points="1086,1671 2096,1652 2096,1599 1086,1633"/>
                <Baseline points="1107,1666 1156,1663 1206,1663 1256,1663 1306,1660 1356,1659 1406,1657 1456,1657 1506,1657 1556,1657 1606,1657 1655,1657 1705,1654 1755,1654 1805,1653 1855,1651 1905,1649 1955,1648 2005,1648 2055,1645 2105,1645"/>
                <TextEquiv>
                    <Unicode>an der Leiche des Kindes sogar noch etwas ergrei¬</Unicode>
                </TextEquiv>
            </TextLine>
            <TextLine id="tr_1_tl_18" custom="readingOrder {index:17;}">
                <Coords points="87,1701 1060,1682 1060,1629 965,1622 91,1660"/>
                <Baseline points="107,1693 155,1693 203,1691 251,1690 299,1688 347,1687 395,1687 443,1684 491,1684 539,1681 588,1680 636,1678 684,1678 732,1678 780,1676 828,1673 876,1672 924,1670 972,1669 1020,1669 1069,1666"/>
                <TextEquiv>
                    <Unicode>eben von der Landstraße in streng naturalistische</Unicode>
                </TextEquiv>
            </TextLine>
            <TextLine id="tr_1_tl_19" custom="readingOrder {index:18;}">
                <Coords points="2123,1701 3133,1690 3106,1637 2920,1652 2837,1622 2753,1656 2123,1652"/>
                <Baseline points="2144,1693 2193,1693 2243,1690 2293,1690 2343,1690 2393,1690 2443,1689 2492,1687 2542,1687 2592,1687 2642,1687 2692,1684 2742,1684 2792,1684 2841,1683 2891,1682 2941,1682 2991,1681 3041,1681 3091,1678 3141,1681"/>
                <TextEquiv>
                    <Unicode>Mädchens, Herr Dr. Krauß säuselte, daß man</Unicode>
                </TextEquiv>
            </TextLine>
            <TextLine id="tr_1_tl_20" custom="readingOrder {index:19;}">
                <Coords points="1090,1728 2100,1709 2100,1652 1090,1671"/>
                <Baseline points="1110,1714 1159,1714 1209,1711 1259,1714 1309,1711 1359,1708 1409,1707 1459,1707 1509,1706 1559,1705 1609,1705 1658,1705 1708,1705 1758,1702 1808,1702 1858,1701 1908,1699 1958,1697 2008,1696 2058,1696 2108,1699"/>
                <TextEquiv>
                    <Unicode>fender gesprochen hat als Treßler. Aber dem könnte</Unicode>
                </TextEquiv>
            </TextLine>
            <TextLine id="tr_1_tl_21" custom="readingOrder {index:20;}">
                <Coords points="91,1751 1060,1728 1060,1678 91,1701"/>
                <Baseline points="113,1744 160,1744 208,1742 256,1738 304,1741 352,1738 399,1738 447,1735 495,1732 543,1731 591,1729 638,1728 686,1726 734,1726 782,1724 830,1721 877,1720 925,1720 973,1720 1021,1720 1069,1720"/>
                <TextEquiv>
                    <Unicode>bjektivität, ohne sentimentale Beimengungen</Unicode>
                </TextEquiv>
            </TextLine>
            <TextLine id="tr_1_tl_22" custom="readingOrder {index:21;}">
                <Coords points="2127,1751 2396,1743 2465,1781 2749,1758 2806,1789 3133,1743 3133,1686 2127,1697"/>
                <Baseline points="2147,1744 2196,1741 2246,1741 2296,1741 2345,1741 2395,1741 2445,1740 2494,1738 2544,1738 2594,1738 2644,1735 2693,1738 2743,1735 2793,1735 2842,1734 2892,1732 2942,1732 2991,1730 3041,1729 3091,1729 3141,1729"/>
                <TextEquiv>
                    <Unicode>ihn auch in den vordersten Reihen des Parketts</Unicode>
                </TextEquiv>
            </TextLine>
            <TextLine id="tr_1_tl_23" custom="readingOrder {index:22;}">
                <Coords points="1094,1773 2096,1751 2096,1709 1975,1697 1094,1732"/>
                <Baseline points="1113,1761 1162,1761 1212,1761 1261,1758 1311,1757 1361,1756 1410,1757 1460,1755 1509,1755 1559,1753 1609,1753 1658,1753 1708,1753 1757,1751 1807,1753 1857,1752 1906,1748 1956,1747 2005,1747 2055,1744 2105,1747"/>
                <TextEquiv>
                    <Unicode>man wieder manches andere Detail entgegenhalten</Unicode>
                </TextEquiv>
            </TextLine>
            <TextLine id="tr_1_tl_24" custom="readingOrder {index:23;}">
                <Coords points="95,1804 1067,1773 1067,1724 99,1754"/>
                <Baseline points="116,1794 166,1792 216,1788 267,1788 317,1788 368,1785 418,1784 469,1782 519,1780 570,1779 620,1776 671,1776 721,1776 772,1775 822,1773 873,1772 923,1768 974,1767 1024,1767 1075,1764"/>
                <TextEquiv>
                    <Unicode>hne Einmischung einer Idee. Diesem sicheren und</Unicode>
                </TextEquiv>
            </TextLine>
            <TextLine id="tr_1_tl_25" custom="readingOrder {index:24;}">
                <Coords points="2123,1804 2161,1800 2184,1819 2210,1796 2233,1792 2252,1804 2423,1796 2423,1751 2396,1743 2362,1754 2313,1743 2297,1758 2286,1751 2237,1762 2199,1747 2123,1751"/>
                <Baseline points="2144,1794 2169,1790 2195,1789 2221,1788 2246,1788 2272,1788 2298,1788 2324,1788 2349,1788 2375,1788 2401,1788 2427,1788"/>
                <TextEquiv>
                    <Unicode>nicht verstand.</Unicode>
                </TextEquiv>
            </TextLine>
            <TextLine id="tr_1_tl_26" custom="readingOrder {index:25;}">
                <Coords points="87,1849 2096,1811 2100,1751 87,1804"/>
                <Baseline points="107,1845 207,1839 307,1837 407,1833 507,1827 607,1827 707,1824 807,1822 907,1818 1007,1817 1107,1816 1207,1809 1307,1806 1407,1806 1507,1803 1607,1803 1707,1800 1807,1800 1907,1797 2007,1795 2108,1791"/>
                <TextEquiv>
                    <Unicode>sunden Betrachten des Menschenseins ist selbst das dem Gaste besser gelungen ist. Und wie präch¬</Unicode>
                </TextEquiv>
            </TextLine>
            <TextLine id="tr_1_tl_27" custom="readingOrder {index:26;}">
                <Coords points="2187,1853 3137,1842 3137,1762 3110,1754 2803,1789 2749,1758 2696,1785 2495,1754 2427,1804 2187,1796"/>
                <Baseline points="2209,1836 2255,1839 2302,1839 2349,1838 2396,1836 2443,1836 2490,1835 2537,1833 2584,1833 2631,1833 2678,1835 2724,1834 2771,1831 2818,1830 2865,1830 2912,1830 2959,1830 3006,1830 3053,1827 3100,1827 3147,1830"/>
                <TextEquiv>
                    <Unicode>Ein Teil des Publikums schien nur mit Fulda</Unicode>
                </TextEquiv>
            </TextLine>
            <TextLine id="tr_1_tl_28" custom="readingOrder {index:27;}">
                <Coords points="1094,1876 2066,1861 2100,1857 2104,1808 1094,1823"/>
                <Baseline points="1113,1860 1162,1860 1212,1860 1262,1860 1312,1857 1361,1857 1411,1857 1461,1855 1511,1854 1560,1852 1610,1851 1660,1851 1710,1848 1759,1848 1809,1847 1859,1846 1909,1848 1958,1846 2008,1845 2058,1842 2108,1842"/>
                <TextEquiv>
                    <Unicode>tig waren seine Masken! Im ersten Einakter er¬</Unicode>
                </TextEquiv>
            </TextLine>
            <TextLine id="tr_1_tl_29" custom="readingOrder {index:28;}">
                <Coords points="87,1903 1048,1880 1075,1830 87,1849"/>
                <Baseline points="107,1890 155,1892 204,1890 252,1888 301,1885 349,1884 398,1884 446,1881 495,1881 543,1878 592,1878 641,1875 689,1875 738,1875 786,1874 835,1870 883,1869 932,1869 980,1869 1029,1866 1078,1863"/>
                <TextEquiv>
                    <Unicode>nfache Parteinahme an den einzelnen Figuren</Unicode>
                </TextEquiv>
            </TextLine>
            <TextLine id="tr_1_tl_30" custom="readingOrder {index:29;}">
                <Coords points="2123,1903 3125,1884 3125,1842 3023,1830 2123,1846"/>
                <Baseline points="2144,1893 2193,1893 2243,1890 2292,1890 2342,1890 2391,1889 2441,1885 2490,1884 2540,1884 2589,1884 2639,1884 2689,1881 2738,1881 2788,1881 2837,1881 2887,1880 2936,1878 2986,1878 3035,1876 3085,1875 3135,1875"/>
                <TextEquiv>
                    <Unicode>zufrieden. Hermann Bahr befremdete und Schön¬</Unicode>
                </TextEquiv>
            </TextLine>
            <TextLine id="tr_1_tl_31" custom="readingOrder {index:30;}">
                <Coords points="1097,1929 2092,1903 2092,1857 2047,1846 1097,1876"/>
                <Baseline points="1119,1914 1168,1911 1217,1909 1266,1910 1315,1907 1364,1905 1413,1903 1463,1902 1512,1902 1561,1899 1610,1902 1659,1899 1708,1899 1757,1899 1807,1898 1856,1896 1905,1896 1954,1896 2003,1896 2052,1893 2102,1890"/>
                <TextEquiv>
                    <Unicode>zählte schon das etwas verdrossene Aussehen, der</Unicode>
                </TextEquiv>
            </TextLine>
            <TextLine id="tr_1_tl_32" custom="readingOrder {index:31;}">
                <Coords points="87,1952 1071,1925 1075,1872 911,1868 91,1906"/>
                <Baseline points="110,1944 158,1941 207,1940 255,1938 304,1936 352,1935 401,1933 449,1932 498,1929 546,1926 595,1926 644,1923 692,1923 741,1922 789,1920 838,1920 886,1918 935,1917 983,1919 1032,1917 1081,1917"/>
                <TextEquiv>
                    <Unicode>emd. Den lustigen Gauner und den bärbeißigen</Unicode>
                </TextEquiv>
            </TextLine>
            <TextLine id="tr_1_tl_33" custom="readingOrder {index:32;}">
                <Coords points="2130,1948 3133,1933 3133,1884 3023,1899 2992,1872 2130,1903"/>
                <Baseline points="2150,1944 2199,1941 2248,1941 2298,1940 2347,1938 2397,1937 2446,1935 2495,1935 2545,1935 2594,1932 2644,1932 2693,1932 2742,1932 2792,1932 2841,1931 2891,1928 2940,1926 2989,1926 3039,1926 3088,1926 3138,1923"/>
                <TextEquiv>
                    <Unicode>herrs „Karnerleute" fand man „entsetzlich“. Ent¬</Unicode>
                </TextEquiv>
            </TextLine>
            <TextLine id="tr_1_tl_34" custom="readingOrder {index:33;}">
                <Coords points="1097,1967 1994,1967 2092,1952 2096,1903 1097,1929"/>
                <Baseline points="1119,1962 1168,1959 1217,1959 1266,1959 1315,1958 1364,1956 1413,1954 1463,1953 1512,1953 1561,1950 1610,1953 1659,1950 1708,1950 1757,1950 1807,1949 1856,1947 1905,1947 1954,1947 2003,1945 2052,1944 2102,1944"/>
                <TextEquiv>
                    <Unicode>etwas ungepflegte Bart: „Mann, der keinen großer</Unicode>
                </TextEquiv>
            </TextLine>
            <TextLine id="tr_1_tl_35" custom="readingOrder {index:34;}">
                <Coords points="91,1997 1067,1971 1044,1925 91,1952"/>
                <Baseline points="113,1991 161,1991 209,1991 257,1989 305,1986 353,1982 401,1982 449,1979 497,1979 545,1976 594,1976 642,1975 690,1973 738,1972 786,1971 834,1971 882,1969 930,1970 978,1968 1026,1965 1075,1962"/>
                <TextEquiv>
                    <Unicode>andjäger, beide zeichnet Schönherr mit gleichen</Unicode>
                </TextEquiv>
            </TextLine>
            <TextLine id="tr_1_tl_36" custom="readingOrder {index:35;}">
                <Coords points="1090,2016 3137,1986 3137,1933 3038,1925 1090,1967"/>
                <Baseline points="1110,2009 1211,2006 1313,2006 1415,2003 1517,2003 1619,2000 1721,1999 1822,1997 1924,1995 2026,1994 2128,1991 2230,1991 2332,1988 2434,1985 2535,1985 2637,1982 2739,1979 2841,1979 2943,1976 3045,1974 3147,1976"/>
                <TextEquiv>
                    <Unicode>Wert auf Gesellschaften legt, der Ruhe und setzlich nicht im Sinne eines mitleidigen Grauens</Unicode>
                </TextEquiv>
            </TextLine>
            <TextLine id="tr_1_tl_37" custom="readingOrder {index:36;}">
                <Coords points="91,2047 1067,2024 1067,1971 923,1963 839,1994 95,1997"/>
                <Baseline points="113,2042 161,2040 209,2037 257,2034 305,2033 353,2033 401,2030 449,2030 497,2030 545,2027 594,2026 642,2023 690,2021 738,2021 786,2019 834,2018 882,2016 930,2015 978,2015 1026,2012 1075,2009"/>
                <TextEquiv>
                    <Unicode>Ruhe und Vorurteilslosigkeit. Jeder erhält sein</Unicode>
                </TextEquiv>
            </TextLine>
            <TextLine id="tr_1_tl_38" custom="readingOrder {index:37;}">
                <Coords points="2127,2054 3129,2028 3129,1982 2127,2005"/>
                <Baseline points="2147,2039 2196,2039 2245,2036 2295,2036 2344,2036 2394,2036 2443,2034 2492,2033 2542,2033 2591,2030 2641,2030 2690,2030 2739,2030 2789,2029 2838,2027 2888,2027 2937,2025 2986,2024 3036,2024 3085,2024 3135,2021"/>
                <TextEquiv>
                    <Unicode>mit den Opfern dieser ergreifenden Elends¬</Unicode>
                </TextEquiv>
            </TextLine>
            <TextLine id="tr_1_tl_39" custom="readingOrder {index:38;}">
                <Coords points="1094,2066 2089,2051 2089,2001 2020,1997 1094,2016"/>
                <Baseline points="1116,2057 1165,2057 1214,2057 1263,2056 1312,2054 1361,2054 1410,2054 1460,2052 1509,2051 1558,2048 1607,2051 1656,2048 1705,2047 1754,2045 1804,2045 1853,2045 1902,2043 1951,2042 2000,2042 2049,2042 2099,2042"/>
                <TextEquiv>
                    <Unicode>Gemütlichkeit eleganter äußerlichkeit vorzieht.</Unicode>
                </TextEquiv>
            </TextLine>
            <TextLine id="tr_1_tl_40" custom="readingOrder {index:39;}">
                <Coords points="87,2096 1063,2073 1067,2020 91,2047"/>
                <Baseline points="107,2093 155,2089 204,2086 252,2084 301,2084 349,2082 398,2081 446,2081 495,2078 543,2078 592,2075 641,2074 689,2072 738,2072 786,2071 835,2069 883,2067 932,2066 980,2066 1029,2063 1078,2060"/>
                <TextEquiv>
                    <Unicode>Gewicht an guten und an bösen Eigenschaften, un</Unicode>
                </TextEquiv>
            </TextLine>
            <TextLine id="tr_1_tl_41" custom="readingOrder {index:40;}">
                <Coords points="2123,2096 3133,2081 3133,2032 2951,2024 2123,2051"/>
                <Baseline points="2144,2096 2193,2090 2243,2087 2293,2087 2343,2087 2393,2086 2443,2084 2492,2082 2542,2081 2592,2081 2642,2081 2692,2078 2742,2078 2792,2078 2841,2077 2891,2075 2941,2073 2991,2072 3041,2072 3091,2072 3141,2075"/>
                <TextEquiv>
                    <Unicode>geschichte, sondern im Sinne des Abscheus. Und</Unicode>
                </TextEquiv>
            </TextLine>
            <TextLine id="tr_1_tl_42" custom="readingOrder {index:41;}">
                <Coords points="1097,2119 2100,2096 2100,2047 1910,2039 1397,2054 1367,2081 1097,2066"/>
                <Baseline points="1119,2111 1168,2108 1217,2108 1266,2107 1316,2105 1365,2104 1414,2102 1464,2100 1513,2097 1562,2099 1612,2099 1661,2096 1710,2096 1759,2096 1809,2095 1858,2093 1907,2091 1957,2092 2006,2095 2055,2091 2105,2090"/>
                <TextEquiv>
                    <Unicode>Im „Armen Narren“ war die Erscheinung, die</Unicode>
                </TextEquiv>
            </TextLine>
            <TextLine id="tr_1_tl_43" custom="readingOrder {index:42;}">
                <Coords points="87,2146 573,2127 676,2180 725,2149 778,2176 900,2130 942,2157 1075,2127 1075,2077 1003,2066 91,2100"/>
                <Baseline points="110,2141 158,2138 207,2137 256,2135 304,2133 353,2132 402,2130 450,2126 499,2126 548,2126 597,2126 645,2125 694,2122 743,2119 791,2118 840,2120 889,2118 937,2117 986,2117 1035,2114 1084,2117"/>
                <TextEquiv>
                    <Unicode>eide entschuldigt für die bösen ihre Stellung</Unicode>
                </TextEquiv>
            </TextLine>
            <TextLine id="tr_1_tl_44" custom="readingOrder {index:43;}">
                <Coords points="1097,2168 3133,2130 3133,2081 3038,2070 1097,2119"/>
                <Baseline points="1119,2159 1220,2156 1321,2153 1422,2150 1523,2150 1624,2147 1725,2146 1826,2142 1927,2144 2028,2143 2130,2139 2231,2138 2332,2135 2433,2135 2534,2132 2635,2130 2736,2129 2837,2127 2938,2126 3039,2124 3141,2129"/>
                <TextEquiv>
                    <Unicode>Stimme, die eines schwer kranken und zugleich doch ist der arme Teufel, der hier aus Not stiehlt,</Unicode>
                </TextEquiv>
            </TextLine>
            <TextLine id="tr_1_tl_45" custom="readingOrder {index:44;}">
                <Coords points="2134,2195 3137,2184 3141,2138 2134,2146"/>
                <Baseline points="2156,2189 2205,2189 2254,2187 2303,2188 2353,2186 2402,2186 2451,2184 2500,2181 2550,2180 2599,2180 2648,2177 2697,2177 2747,2177 2796,2177 2845,2176 2894,2174 2944,2174 2993,2174 3042,2174 3091,2171 3141,2174"/>
                <TextEquiv>
                    <Unicode>so viel sympathischer als in Bernsteins im Vor¬</Unicode>
                </TextEquiv>
            </TextLine>
            <TextLine id="tr_1_tl_46" custom="readingOrder {index:45;}">
                <Coords points="91,2206 589,2184 585,2127 497,2138 459,2123 361,2149 220,2149 205,2134 171,2153 91,2146"/>
                <Baseline points="113,2189 138,2189 164,2188 189,2187 215,2186 241,2186 266,2184 292,2183 318,2183 343,2182 369,2180 394,2180 420,2180 446,2178 471,2177 497,2177 523,2176 548,2174 574,2174 600,2174"/>
                <TextEquiv>
                    <Unicode>innerhalb der Gesellschaft.</Unicode>
                </TextEquiv>
            </TextLine>
            <TextLine id="tr_1_tl_47" custom="readingOrder {index:46;}">
                <Coords points="129,2241 1941,2210 2108,2195 2111,2153 1135,2176 896,2138 824,2180 729,2149 129,2199"/>
                <Baseline points="149,2239 247,2236 345,2233 444,2228 542,2224 641,2221 739,2220 837,2217 936,2215 1034,2212 1133,2206 1231,2206 1329,2203 1428,2200 1526,2197 1625,2200 1723,2194 1821,2194 1920,2192 2018,2190 2117,2189"/>
                <TextEquiv>
                    <Unicode>Herr Treßler wechselte gestern dreimal das von Mißtrauen und Mißgunst erfüllten Menschen</Unicode>
                </TextEquiv>
            </TextLine>
            <TextLine id="tr_1_tl_48" custom="readingOrder {index:47;}">
                <Coords points="2127,2248 3133,2229 3133,2180 3030,2168 2127,2195"/>
                <Baseline points="2147,2239 2196,2236 2246,2236 2296,2233 2345,2233 2395,2233 2445,2233 2494,2233 2544,2231 2594,2230 2644,2227 2693,2227 2743,2227 2793,2224 2842,2224 2892,2224 2942,2224 2991,2222 3041,2223 3091,2221 3141,2221"/>
                <TextEquiv>
                    <Unicode>jahre so beifällig aufgenommenen Schauspiel „Der</Unicode>
                </TextEquiv>
            </TextLine>
            <TextLine id="tr_1_tl_49" custom="readingOrder {index:48;}">
                <Coords points="1097,2275 2100,2252 2100,2195 1097,2222"/>
                <Baseline points="1119,2260 1168,2257 1217,2254 1266,2254 1316,2254 1365,2253 1414,2251 1464,2249 1513,2248 1562,2248 1612,2248 1661,2245 1710,2244 1759,2242 1809,2242 1858,2242 1907,2242 1957,2240 2006,2239 2055,2236 2105,2233"/>
                <TextEquiv>
                    <Unicode>und in den „Karnerleuten" las man dem „Vintsch¬</Unicode>
                </TextEquiv>
            </TextLine>
            <TextLine id="tr_1_tl_50" custom="readingOrder {index:49;}">
                <Coords points="87,2301 1071,2275 1075,2225 197,2256 91,2206"/>
                <Baseline points="110,2290 158,2287 206,2285 255,2284 303,2282 352,2281 400,2278 448,2278 497,2275 545,2272 594,2272 642,2271 690,2269 739,2269 787,2269 836,2267 884,2266 932,2264 981,2263 1029,2260 1078,2257"/>
                <TextEquiv>
                    <Unicode>leid, die Maske, den Charakter. Jedesmal er¬</Unicode>
                </TextEquiv>
            </TextLine>
            <TextLine id="tr_1_tl_51" custom="readingOrder {index:50;}">
                <Coords points="95,2351 3133,2278 3122,2229 2947,2229 99,2294"/>
                <Baseline points="116,2341 267,2333 418,2329 569,2323 720,2320 871,2316 1022,2312 1173,2305 1324,2305 1475,2299 1627,2296 1778,2293 1929,2290 2080,2288 2231,2284 2382,2284 2533,2278 2684,2278 2835,2274 2986,2273 3138,2269"/>
                <TextEquiv>
                    <Unicode>thien er als ein anderer und jedesmal vergaß gauer“ Treßlers das Vagabundentum und zu¬ Dieb die Heldin, die sich an fremdem Eigentum</Unicode>
                </TextEquiv>
            </TextLine>
            <TextLine id="tr_1_tl_52" custom="readingOrder {index:51;}">
                <Coords points="1101,2366 3133,2328 3133,2275 1101,2320"/>
                <Baseline points="1122,2362 1223,2353 1324,2353 1425,2350 1526,2347 1627,2347 1728,2344 1829,2342 1930,2341 2031,2338 2133,2337 2234,2336 2335,2332 2436,2331 2537,2329 2638,2327 2739,2326 2840,2326 2941,2323 3042,2321 3144,2320"/>
                <TextEquiv>
                    <Unicode>gleich die Harmlosigkeit eines Menschen, der keiner vergreift, um seidene Unterwäsche zu kaufen, nach</Unicode>
                </TextEquiv>
            </TextLine>
            <TextLine id="tr_1_tl_53" custom="readingOrder {index:52;}">
                <Coords points="91,2392 1075,2370 1052,2316 95,2347"/>
                <Baseline points="113,2389 161,2385 210,2383 258,2383 307,2381 355,2380 404,2378 452,2377 501,2374 549,2374 598,2371 647,2370 695,2368 744,2368 792,2368 841,2366 889,2363 938,2362 986,2360 1035,2359 1084,2359"/>
                <TextEquiv>
                    <Unicode>an über der Aufgabe den Schauspieler. Ein</Unicode>
                </TextEquiv>
            </TextLine>
            <TextLine id="tr_1_tl_54" custom="readingOrder {index:53;}">
                <Coords points="2123,2392 3133,2381 3133,2328 2123,2343"/>
                <Baseline points="2144,2386 2194,2385 2244,2386 2294,2383 2344,2383 2394,2383 2444,2382 2494,2380 2544,2378 2594,2379 2644,2377 2694,2377 2744,2374 2794,2374 2844,2375 2894,2376 2944,2374 2994,2372 3044,2371 3094,2368 3144,2368"/>
                <TextEquiv>
                    <Unicode>der das Auge ihres Gatten verlangt. Hat das</Unicode>
                </TextEquiv>
            </TextLine>
            <TextLine id="tr_1_tl_55" custom="readingOrder {index:54;}">
                <Coords points="1097,2415 1785,2400 1785,2351 1101,2366"/>
                <Baseline points="1119,2410 1152,2405 1186,2404 1220,2403 1254,2401 1287,2403 1321,2404 1355,2403 1389,2401 1422,2401 1456,2401 1490,2400 1524,2398 1557,2396 1591,2395 1625,2395 1659,2395 1692,2393 1726,2392 1760,2393 1794,2395"/>
                <TextEquiv>
                    <Unicode>Roheit fähig ist, vom Gesicht ab.</Unicode>
                </TextEquiv>
            </TextLine>
            <TextLine id="tr_1_tl_56" custom="readingOrder {index:55;}">
                <Coords points="87,2446 1075,2419 1075,2366 984,2358 946,2385 87,2400"/>
                <Baseline points="110,2433 158,2435 207,2432 256,2430 304,2430 353,2428 402,2427 450,2424 499,2424 548,2421 597,2421 645,2421 694,2420 743,2418 791,2418 840,2416 889,2415 937,2413 986,2410 1035,2410 1084,2412"/>
                <TextEquiv>
                    <Unicode>höheres Lob läßt sich kaum spenden. Wie köstlich</Unicode>
                </TextEquiv>
            </TextLine>
            <TextLine id="tr_1_tl_57" custom="readingOrder {index:56;}">
                <Coords points="1158,2465 3133,2434 3133,2377 2191,2400 2054,2358 1986,2396 1830,2358 1701,2415 1162,2419"/>
                <Baseline points="1179,2454 1277,2451 1375,2449 1473,2448 1572,2445 1670,2445 1768,2442 1866,2439 1965,2437 2063,2433 2161,2436 2259,2433 2358,2433 2456,2431 2554,2427 2652,2424 2751,2424 2849,2423 2947,2421 3045,2419 3144,2418"/>
                <TextEquiv>
                    <Unicode>Von unseren Darstellern erschienen im Lust= Repertoire unserer Bühnen wirklich Teile unserer</Unicode>
                </TextEquiv>
            </TextLine>
            <TextLine id="tr_1_tl_58" custom="readingOrder {index:57;}">
                <Coords points="87,2491 1044,2476 1075,2419 87,2442"/>
                <Baseline points="107,2487 155,2486 204,2483 253,2481 301,2481 350,2479 399,2478 447,2475 496,2472 545,2475 594,2472 642,2469 691,2468 740,2466 788,2466 837,2464 886,2463 934,2461 983,2460 1032,2457 1081,2460"/>
                <TextEquiv>
                    <Unicode>zeigte er in Fuldas Lustspiel das Schwinden der</Unicode>
                </TextEquiv>
            </TextLine>
            <TextLine id="tr_1_tl_59" custom="readingOrder {index:58;}">
                <Coords points="2130,2499 3137,2476 3137,2434 3087,2427 2130,2446"/>
                <Baseline points="2150,2490 2199,2487 2249,2484 2299,2484 2349,2481 2399,2481 2449,2481 2498,2479 2548,2478 2598,2476 2648,2475 2698,2475 2748,2475 2798,2473 2847,2474 2897,2472 2947,2472 2997,2470 3047,2469 3097,2469 3147,2469"/>
                <TextEquiv>
                    <Unicode>Zuschauerschaft so verdorben, daß sie nur mehr dem</Unicode>
                </TextEquiv>
            </TextLine>
            <TextLine id="tr_1_tl_60" custom="readingOrder {index:59;}">
                <Coords points="1109,2514 2100,2491 2100,2449 1997,2430 1941,2465 1109,2457"/>
                <Baseline points="1128,2505 1177,2502 1226,2505 1275,2504 1324,2501 1373,2497 1422,2496 1472,2498 1521,2497 1570,2493 1619,2493 1668,2493 1717,2490 1766,2490 1816,2490 1865,2488 1914,2489 1963,2490 2012,2488 2061,2484 2111,2484"/>
                <TextEquiv>
                    <Unicode>spiele Fräulein Fernau und die Herren</Unicode>
                </TextEquiv>
            </TextLine>
            <TextLine id="tr_1_tl_61" custom="readingOrder {index:60;}">
                <Coords points="87,2544 957,2525 995,2518 999,2472 87,2491"/>
                <Baseline points="107,2535 154,2535 201,2532 248,2529 296,2529 343,2528 390,2526 438,2526 485,2525 532,2523 580,2522 627,2520 674,2518 722,2515 769,2514 816,2514 864,2512 911,2511 958,2511 1006,2508"/>
                <TextEquiv>
                    <Unicode>Perstimmung des jungen Ehemannes in</Unicode>
                </TextEquiv>
            </TextLine>
            <TextLine id="tr_1_tl_62" custom="readingOrder {index:61;}">
                <Coords points="91,2594 3141,2525 3118,2476 2795,2472 91,2548"/>
                <Baseline points="113,2586 264,2580 416,2574 568,2571 720,2568 872,2564 1024,2557 1175,2553 1327,2550 1479,2547 1631,2544 1783,2538 1935,2538 2087,2533 2238,2533 2390,2532 2542,2529 2694,2526 2846,2521 2998,2520 3150,2517"/>
                <TextEquiv>
                    <Unicode>wachsenden Aussicht, seine Frau einmal allein be=Schroth und Großmann neben dem Gaste Heiteren gegenüber aufnahmsfähig erscheinen, für</Unicode>
                </TextEquiv>
            </TextLine>
            <TextLine id="tr_1_tl_63" custom="readingOrder {index:62;}">
                <Coords points="2130,2597 3133,2571 3133,2522 3068,2518 2130,2541"/>
                <Baseline points="2150,2586 2199,2586 2249,2583 2298,2580 2348,2580 2397,2581 2447,2583 2496,2581 2546,2578 2595,2577 2645,2577 2695,2577 2744,2574 2794,2573 2843,2571 2893,2570 2942,2568 2992,2568 3041,2568 3091,2568 3141,2568"/>
                <TextEquiv>
                    <Unicode>Ernstes und Tragisches nur ein spöttisches Lächeln</Unicode>
                </TextEquiv>
            </TextLine>
            <TextLine id="tr_1_tl_64" custom="readingOrder {index:63;}">
                <Coords points="1109,2616 2104,2597 2104,2548 2005,2537 1109,2567"/>
                <Baseline points="1128,2607 1177,2604 1226,2604 1275,2603 1325,2600 1374,2598 1423,2598 1473,2596 1522,2595 1571,2595 1621,2592 1670,2592 1719,2591 1768,2589 1818,2589 1867,2589 1916,2589 1966,2587 2015,2586 2064,2586 2114,2586"/>
                <TextEquiv>
                    <Unicode>gut am Platz. Im „Armen Narren“ konnte man</Unicode>
                </TextEquiv>
            </TextLine>
            <TextLine id="tr_1_tl_65" custom="readingOrder {index:64;}">
                <Coords points="95,2639 1078,2620 1056,2563 99,2590"/>
                <Baseline points="116,2633 164,2633 213,2632 262,2629 310,2628 359,2626 408,2625 456,2620 505,2622 554,2622 603,2619 651,2618 700,2616 749,2616 797,2615 846,2613 895,2613 943,2611 992,2610 1041,2607 1090,2607"/>
                <TextEquiv>
                    <Unicode>tzen zu dürfen. Wie häßlich-echt zeichnete er die</Unicode>
                </TextEquiv>
            </TextLine>
            <TextLine id="tr_1_tl_66" custom="readingOrder {index:65;}">
                <Coords points="87,2689 3046,2635 3133,2620 3137,2575 87,2639"/>
                <Baseline points="110,2684 261,2678 413,2675 565,2669 717,2666 869,2663 1021,2657 1172,2654 1324,2650 1476,2645 1628,2642 1780,2641 1932,2639 2084,2633 2235,2631 2387,2630 2539,2628 2691,2625 2843,2622 2995,2619 3147,2619"/>
                <TextEquiv>
                    <Unicode>Reizbarkeit, Mißgunst und die hämische Schaden es mit Zufriedenheit sehen, daß der Gast Herrn oder ein unwilliges „entsetzlich übrig haben? Wir</Unicode>
                </TextEquiv>
            </TextLine>
            <TextLine id="tr_1_tl_67" custom="readingOrder {index:66;}">
                <Coords points="2134,2692 2704,2681 2875,2730 2954,2692 3141,2685 3141,2624 2134,2639"/>
                <Baseline points="2156,2687 2205,2684 2255,2684 2305,2681 2354,2681 2404,2681 2454,2680 2503,2678 2553,2678 2603,2676 2653,2675 2702,2675 2752,2675 2802,2672 2851,2672 2901,2671 2951,2669 3000,2669 3050,2667 3100,2666 3150,2666"/>
                <TextEquiv>
                    <Unicode>finden den ewigen Blödsinn der Lustspielchen und</Unicode>
                </TextEquiv>
            </TextLine>
            <TextLine id="tr_1_tl_68" custom="readingOrder {index:67;}">
                <Coords points="95,2746 2032,2700 2111,2689 2115,2639 95,2696"/>
                <Baseline points="116,2735 216,2730 316,2726 416,2723 516,2722 617,2718 717,2714 817,2711 917,2710 1017,2708 1118,2705 1218,2702 1318,2696 1418,2694 1518,2694 1619,2693 1719,2690 1819,2687 1919,2687 2019,2684 2120,2687"/>
                <TextEquiv>
                    <Unicode>freude eines niederen, durch schwere Krankheit ge=Marlitz bei allen Beifallsstürmen mit vor die</Unicode>
                </TextEquiv>
            </TextLine>
            <TextLine id="tr_1_tl_69" custom="readingOrder {index:68;}">
                <Coords points="1109,2765 2111,2738 2328,2799 2673,2749 2673,2685 2579,2681 1109,2711"/>
                <Baseline points="1128,2753 1205,2752 1283,2749 1361,2747 1439,2744 1517,2743 1594,2741 1672,2741 1750,2739 1828,2738 1906,2738 1983,2735 2061,2732 2139,2734 2217,2733 2295,2732 2372,2732 2450,2730 2528,2727 2606,2726 2684,2723"/>
                <TextEquiv>
                    <Unicode>Rampe brachte. Sein geisteskranker Komponist Schwänke viel entsetzlicher!</Unicode>
                </TextEquiv>
            </TextLine>
            <TextLine id="tr_1_tl_70" custom="readingOrder {index:69;}">
                <Coords points="95,2787 1082,2772 1082,2723 1025,2715 95,2742"/>
                <Baseline points="116,2783 164,2782 213,2779 262,2777 310,2775 359,2774 408,2772 456,2771 505,2771 554,2768 603,2768 651,2767 700,2765 749,2764 797,2762 846,2760 895,2761 943,2762 992,2760 1041,2756 1090,2756"/>
                <TextEquiv>
                    <Unicode>brüften und erbitterten Charakters im „Amen</Unicode>
                </TextEquiv>
            </TextLine>
            <TextLine id="tr_1_tl_71" custom="readingOrder {index:70;}">
                <Coords points="2700,2806 2837,2803 2879,2829 2905,2806 2954,2822 2989,2814 3004,2833 3095,2825 3099,2723 3000,2715 2943,2734 2913,2715 2867,2734 2837,2715 2806,2730 2772,2719 2704,2746"/>
                <Baseline points="2723,2792 2748,2792 2773,2790 2799,2789 2824,2789 2850,2789 2875,2789 2901,2789 2926,2789 2952,2787 2977,2786 3003,2786 3028,2786 3054,2786 3079,2786 3105,2786"/>
                <TextEquiv>
                    <Unicode>Dr. Alfred Möller.</Unicode>
                </TextEquiv>
            </TextLine>
            <TextLine id="tr_1_tl_72" custom="readingOrder {index:71;}">
                <Coords points="95,2837 2115,2791 2115,2738 95,2787"/>
                <Baseline points="116,2834 216,2830 316,2826 417,2823 517,2819 617,2816 718,2814 818,2812 918,2810 1019,2807 1119,2804 1219,2802 1320,2798 1420,2795 1520,2793 1621,2792 1721,2789 1821,2786 1922,2786 2022,2784 2123,2783"/>
                <TextEquiv>
                    <Unicode>Narren“. Und was für ein lieber, gutmütiger war rührend in seiner stumpfen Gleichgiltigkeit</Unicode>
                </TextEquiv>
            </TextLine>
            <TextLine id="tr_1_tl_73" custom="readingOrder {index:72;}">
                <Coords points="1109,2860 2115,2841 2115,2791 1109,2814"/>
                <Baseline points="1128,2851 1177,2851 1227,2851 1277,2849 1327,2848 1376,2846 1426,2846 1476,2846 1526,2844 1575,2841 1625,2840 1675,2840 1725,2840 1774,2839 1824,2837 1874,2837 1924,2835 1973,2834 2023,2834 2073,2831 2123,2828"/>
                <TextEquiv>
                    <Unicode>und seiner darauffolgenden Verklärung unter dem</Unicode>
                </TextEquiv>
            </TextLine>
            <TextLine id="tr_1_tl_74" custom="readingOrder {index:73;}">
                <Coords points="95,2890 1082,2867 1060,2814 99,2837"/>
                <Baseline points="116,2884 164,2880 213,2878 262,2877 311,2875 360,2873 409,2872 457,2870 506,2869 555,2869 604,2866 653,2865 702,2863 751,2862 799,2860 848,2860 897,2858 946,2857 995,2857 1044,2854 1093,2854"/>
                <TextEquiv>
                    <Unicode>Kerl war sein armer Teufel von Gauner in den</Unicode>
                </TextEquiv>
            </TextLine>
            <TextLine id="tr_1_tl_75" custom="readingOrder {index:74;}">
                <Coords points="91,2954 361,2970 490,2932 547,2970 904,2913 961,2947 1371,2913 1527,2970 1716,2909 1944,2966 2134,2890 2134,2841 2028,2833 95,2890"/>
                <Baseline points="116,2935 217,2929 318,2926 420,2923 521,2922 623,2920 724,2916 825,2912 927,2908 1028,2908 1130,2904 1231,2902 1332,2899 1434,2896 1535,2893 1637,2891 1738,2890 1839,2887 1941,2887 2042,2884 2144,2884"/>
                <TextEquiv>
                    <Unicode>Karnerleuten". Wie prächtig sprach er dazu das Abglanze seliger Erinnerungen. Nur der Zorn¬</Unicode>
                </TextEquiv>
            </TextLine>
            <TextEquiv>
                <Unicode></Unicode>
            </TextEquiv>
        </TextRegion>
    </Page>
</PcGts>
