3392 4352
216 266 357 364 13.
411 258 1081 346 Miscellaneous
1265 277 1745 378 box 44/10
947 949 1624 1012 Schandschreiber und Schandverleger
943 1015 1624 1068 aus Gewinngier weder die Jugend
947 1060 1624 1106 noch die Armsten im Geiste ver¬
950 1102 1624 1160 schonen. Geht durch die Vorstädte
944 1155 1625 1211 und beseht euch die Schaufenster
944 1209 1621 1268 der Buchladen! Wie viele Stücke
941 1253 1615 1306 der Auslage, wie viele Hefte, wie
943 1308 1617 1363 viele Bilder sind darauf berechnet,
941 1358 1627 1401 ungesunde Triebe aufzupeitschen!
935 1403 1610 1454 Beseht euch genau das Publikum,
938 1451 1615 1523 das sich die Nasen an diesen Schau¬
938 1497 1609 1548 fenstern plattdrückt. Unreife Bur¬
947 1549 1616 1599 schen, halbflügge Mädel, Schulkinder
932 1594 1616 1647 allesamt. Stachelt das Leben in
931 1647 1618 1707 der Großstadt die Sinnlichkeit ohne¬
941 1693 1615 1755 hin viel zu früh wach, so hilft diese
938 1741 1615 1797 „Literatur“ dazu, ihr den letzten
941 1793 1618 1855 Schmelz, die letzte Scham zu neh¬
935 1844 1612 1897 men. Mit aller Kraft und allen
938 1893 1613 1956 Mitteln arbeitet unsre Zivilisation
932 1931 1612 1986 daran, selbst die Hunnen großzu¬
941 1991 1612 2045 ziehen, die sie zertrümmern sollen.
985 2036 1612 2100 Die Gefahr liegt tatsächlich in
932 2089 1616 2134 der ungehemmten Verwüstung jener
932 2140 1616 2183 Schichten, aus denen wir am letzten
941 2188 1618 2242 Ende immer wieder die Erneuerer,
932 2229 1616 2286 das frische, reine Blut beziehen
935 2273 1612 2331 müssen. Reichtum und Überbil¬
932 2324 1615 2381 dung führen von den Quellen weg;
931 2374 1612 2431 je höher eine Kaste steht, desto leich¬
932 2423 1616 2479 ter neigt sie dazu, in Unnatur
932 2471 1616 2525 und Ungesundheit abzuirren. Wenn
934 2529 1608 2581 es ohne weiteres möglich wäre,
935 2573 1609 2634 den Schmutz von der Straße her¬
935 2619 1613 2673 unterzubringen und die breiten
934 2667 1615 2722 Massen vor ihm zu behüten, dann
932 2720 1618 2779 könnte man die wohlhabenden Gön¬
935 2763 1612 2821 ner der Lüstlingsliteratur gewähren
932 2811 1609 2877 lassen. Ich bin nicht der Meinung,
932 2858 1619 2921 daß Feinschmeckerfreude an aparten
931 2911 1616 2972 Kunstperlen sie zu Käufern buch¬
932 2968 1616 3015 händlerischer Pikanterien macht; aus
932 3015 1612 3060 den bitteren Erfahrungen, die mir
935 3059 1609 3111 drei Bände edler ars amandi ein¬
932 3111 1609 3163 getragen haben, weiß ich vielmehr,
932 3162 1606 3205 daß mindestens 90 vom Hundert aller
925 3200 1615 3262 dieser Leser Kirke statt der Muse
931 3256 1612 3305 suchen. Und das, obgleich sie gar nicht
932 3304 1607 3359 erst in Schweine verwandelt zu wer¬
929 3352 1608 3412 den brauchen. Immerhin schlössen
1675 953 2362 1018 sie sich mit ihren Geheimschriften in
1678 1012 2347 1062 stille Kämmerlein ein und bewun¬
1674 1066 2354 1117 derten dort ganz für sich den Schund,
1675 1110 2354 1163 „dessen Ausstattung jedes bibliophile
1672 1160 2347 1212 Auge entzückt, dann möcht's leid¬
1672 1204 2362 1267 lich scheinen. Wenn mich auch jene
1677 1251 2357 1311 verschollenen Zeiten erquicklicher
1675 1300 2355 1363 dünken, wo man dergleichen Poesie
1672 1355 2351 1413 nicht auf handgeschöpftem Bütten¬
1675 1402 2356 1465 papier und in köstlichen Einbänden
1675 1459 2350 1509 darreichte, sondern ihr ein angemes¬
1681 1504 2356 1550 seneres Kleid anzog. Doch wie ge¬
1672 1553 2359 1607 sagt — senilen Lebemännerchen soll
1675 1606 2354 1649 man jede spärliche Freude gönnen.
1675 1645 2350 1700 Falls sie sie für sich behalten. Aber
1672 1700 2350 1746 die in Frage kommenden Bücher¬
1675 1745 2350 1804 freunde färben ab. Sie denker.
1678 1791 2357 1848 liebevoll genug, um den Spaß, den
1675 1848 2356 1900 ihre Lektüre ihnen bereitet, auch
1675 1890 2359 1944 anderen zu gönnen, und sie bilden
1674 1948 2359 1997 die Kerntruppe derer, die mit lautem
1672 1993 2353 2054 Freiheitsgeschrei jeden Versuch ver¬
1672 2033 2351 2094 eiteln, den Verderbern en gros da¬
1675 2089 2359 2142 Handwerk zu legen. Mit Artur
1671 2143 2347 2196 Schnitzler bestreiten sie, daß schlüpf¬
1672 2186 2354 2243 rige Schriften einen nachteiligen
1675 2237 2350 2289 Einfluß auf die allgemeine Sitt¬
1669 2283 2356 2332 lichkeit ausüben können; weit eher
1672 2335 2354 2387 sind sie geneigt, das Gegenteil zu
1672 2374 1831 2459 glauben.
1714 2431 2356 2486 Dies ist die andere Gefahr. Unter
1666 2479 2347 2530 den im Kunstleben stehenden, ern¬
1674 2526 2350 2585 sten Männern, die ihr Land und
1672 2582 2357 2632 ihr Volk lieben und seine Art
1668 2626 2353 2691 kennen, weil sie seines Blutes sind,
1672 2668 2349 2736 unter ihnen findet sich kaum noch
1672 2727 2356 2774 ein Verteidiger der Giftfabrikation.
1674 2778 2354 2830 Was Friedrich Paulsen, was Hans
1665 2819 2356 2877 Thoma gesagt haben, ist unser aller
1668 2871 2343 2928 innerste Überzeugung. Nur daß
1669 2926 2356 2972 wir überschrien werden von den
1675 2971 2350 3020 Leuten, die den Markt beherrschen
1669 3018 2350 3074 und sich in ihrem Wohlbehagen
1669 3069 2348 3120 nicht stören lassen wollen. Und
1666 3114 2347 3164 daß die Geschäftsmacher und ihre
1668 3162 2348 3227 Verbündeten oder Kommis, die
1672 3211 2345 3273 gewisse Schar gewisser Literaten,
1674 3261 2347 3321 Presse und öffentliche Meinung
1663 3311 2347 3372 ganz anders beeinflussen als wir.
1669 3361 2353 3414 Es genügt ja leider, daß einer von
1926 3451 2317 3504 Kunstwart XXI, 20
