3392 4352
282 157 1155 289 13. Miscellanos
1339 183 1810 291 box 44/10
1995 105 3124 179 er von
1993 145 3114 221 meiden müssen — Frauen und Kammerdienern ist nichts
1983 175 3116 262 heilig —, dafür aber Ihre fingierten Verhältnisse, so weit sie
1986 224 3120 304 ganz außer der Kontrollierbarkeit durch Ihre Gesellschafts¬
1993 268 3113 348 klasse, also in höheren Kreisen, stehen, unter der Hand ver¬
1983 302 3120 386 breiten — seien Sie sehr mäßig —, glaube ich nur so Ge¬
1985 353 3116 437 ringes im Bereich Ihres äußeren Lebens vergessen zu haben,
1986 396 3118 484 wie, daß Sie z. B. nicht rauchen, nie von Wilde oder was
1989 440 3111 526 gerade der Tagesenthusiasmus ist reden und im allgemeinen,
1995 482 3117 563 so schwer es auch einem jungen Mann wird, lieber zuhören
1985 525 3110 604 sollen. Mit einem gut dreinschauenden Kopf schweigen, wenn
1981 570 3106 655 über große Dinge gesprochen wird, bringt den guten Kopf oft
1986 610 3107 699 in den Ruf, größer als die großen Dinge zu sein. Schweigen
1978 646 3103 732 hat immer etwas Bedeutungsvolles und blamiert nie. Fran¬
1978 707 3110 776 zösisch sprechen Sie; im Englischen lernen Sie noch hundert
1978 745 3107 826 Vokabeln über das hinaus, was man beim deutschen Tennis
1986 783 3110 873 braucht; italienisch behaupten Sie lesen, aber nicht gleich gut
1978 819 3108 921 sprechen zu können; birmanisch treiben Sie als Liebhaberei.
2054 887 3113 965 Ihr Bücherl in zweihundert Exemplaren ziehen Sie, kaum
1981 929 3103 1014 daß es erschienen ist, sofort aus dem Handel, schreiben in jedes
1981 966 3104 1057 Exemplar eine beziehungsvolle Widmung an die genanntesten
1972 1010 3110 1108 Autoren Europas und schicken es ihnen eingeschrieben mit
1975 1058 3097 1134 der Adresse des Absenders und dem handschriftlichen Ver¬
1975 1107 3100 1172 merk nicht mehr im Handel“. Den Sendungen an die be¬
1973 1156 3100 1229 rühmten deutschen Autoren geben Sie auch noch einen Brief
1973 1185 3096 1268 bei, der den Empfänger zu irgend einer Antwort mit jedem
1975 1229 3099 1317 Satze reizt. Nach diesem ersten Schlag verlassen Sie sofort
1975 1270 3103 1363 die Stadt, wie in Scham darüber, daß Sie durch das Buch
1976 1314 3099 1396 Ihren bisherigen Ruf als europäischer Gentleman schädigten.
1975 1363 3096 1446 Deuten an, daß drängende Freunde die Schuld an der Ver¬
1972 1403 3107 1495 öffentlichung trügen, an die zu denken Ihnen bei dem heutigen
1966 1453 3107 1531 Tiefstande unserer Dichtung nie auch nur im Schlafe einge¬
1975 1490 3099 1576 fallen wäre. Und sie hätten ja auch sofort die ganze Auflage
1966 1544 3096 1619 einstampfen lassen. Dies und ähnliches schreiben Sie auf dem
1968 1583 3099 1659 wappengezierten Briefpapier eines Bekannten, zu dem Sie
1972 1620 3097 1705 sich für die vierzehn Tage zur Jagd einluden, an ein paar
1969 1668 3099 1744 Leute, von denen Sie genau wissen, daß sie überall hinkommen
1961 1725 3093 1789 und aus Mangel an eigenem fremde Bagatellen mit großer
1969 1748 3099 1830 Wichtigkeit erzählen. Vergessen Sie nicht: immer noch sind
1966 1792 3099 1881 Sie der keusche Amateur, wenn auch bereits m. einem wort¬
1971 1834 3100 1917 los zugegebenen Stich in den Berufenen; irgend was an
1964 1877 3089 1965 Ihnen, im Gang, in der Haltung, in der Kravatte, muß
1961 1927 3090 2013 dieses Geständnis unbefragt machen. Sie müssen diskret
1962 1972 3101 2053 merken lassen, wie heftig Sie sich noch gegen das Dichterische,
1955 2016 3091 2094 das in Ihnen ist, sträuben. Wie es aber doch stärker ist als
1964 2061 3096 2144 all Ihr gegensätzlicher Wille, wie es eben eine Elementar¬
1961 2098 3091 2185 kraft ist, gegen die sich nichts machen läßt, wie es sich eben
1955 2154 3089 2227 als das eingeborne Genialische durchsetzt, wobei Ihnen nur
1956 2195 3086 2261 dies zu tun bliebe, die Korrektheit der guten Manieren, die
1952 2229 3087 2311 Haltung zu wahren. Jetzt müssen Sie Kampf markieren, um
1955 2269 3086 2355 später Sieg markieren zu können, jetzt müssen Sie tun als ob
1962 2322 3091 2389 eine Gleichgewichtsstörung wäre, um später eine prachtvolle
1955 2352 3089 2439 Ausgleichung zu finden. Jetzt muß der Grundton sein: „Was
1959 2398 3074 2488 soll ein Dichter in dieser Zeit! Wir wollen das Leben!“
1952 2445 3082 2530 wozu sich später die Tonica ergeben muß: „Ich habe die Fülle
1955 2484 3073 2572 des Lebens, ich bin der Dichter.“ Ohne es noch bestimmt aus¬
1956 2532 3082 2610 zusprechen (das kommt später, sind Sie sich Ihres einzigen
1949 2574 3079 2657 Wertes jetzt schon ganz bewußt, aber Sie wollen nun nicht in
1949 2620 3082 2700 dieser elenden Zeit der Skribenten usw. sich auf den Markt
1955 2656 3073 2737 stellen. Haltung! Ueben Sie Haltung ein wie vorher die
1955 2704 3073 2789 Nuance! — Ich mache Sie darauf aufmerksam, daß Sie mit
1955 2744 3070 2823 sich allein während all dieser Zeit sehr viel zu tun haben und
1954 2789 3080 2870 sich keineswegs ausschließlich dem kindlichen Genusse hingeben
1945 2828 3070 2918 dürfen, das ledergebundene Handexemplar Ihres Büchers von
1938 2890 3069 2964 vorne und von hinten immer aufs neue zu lesen und zu lieb¬
1941 2916 3070 2998 kosen. Sie haben es verschift und viele Briefe an Berühmte
1945 2960 2957 3046 geschrieben. Es sind gute Leute darunter, besonders
1937 3018 3070 3084 den älteren, die Ihnen anworten werden, danken; andere
1942 3053 3074 3138 werden nicht antworten; einige werden vielleicht das Buch
1945 3100 3069 3174 zurückschicken. Führen Sie eine genaue Liste darüber.
1945 3138 3063 3225 Danken Sie den einen für das Danken in längeren Briefen
1945 3177 3069 3257 ht intimen, aber immer respektvollen Charakters, Fragen
1938 3222 3062 3301 Sie die andern, ob sie Ihr Buch bekommen haben. Neben die
1939 3265 3072 3345 dritten machen Sie ein Kreuz: die nennen Sie in Ihren
1937 3314 3069 3392 späteren Kritiken unbedingt Lit caten. Schreiben Sie den
1939 3358 3066 3440 einen, es würde Sie glücklich nahen, ein Urteil des verehrten
1932 3399 3064 3480 Meisters über Ihr Buch öffentlich wo zu lesen, und sagen Sie
1937 3438 3066 3521 ihm gleichzeitig. Sie bereiteten einen längeren Aufsatz über
1937 3480 3055 3567 ihn vor, der dort und dort (nennen Sie eine große Zeit¬
1942 3523 3066 3615 schrift) erscheinen würde. Unter den guten älteren schon
1937 3578 3062 3652 ganz vertrottelten Herren gibt es immer ein paar, die nach
1931 3618 3064 3687 Ihrem fünften, sechsten Brief nachgeben und ein paar Zeilen
1934 3658 3059 3740 über Sie in Druck gehen lassen. Dies gibt Ihnen das Recht
1935 3700 3057 3780 zu einem intensiven Briefverkehr mit den Betreffenden, deren
1937 3744 3060 3826 Antworten auch ruhig ausbleiben können. Von Zeit zu Zeit
1934 3788 3049 3869 schreiben Sie auch jenen, die Ihnen nie geantwortet haben;
1928 3832 3059 3914 man kann nicht wissen, ob sie es nicht doch einmal tun. Herrn
1925 3869 3056 3964 von Hofmannsthal, der Ihnen natürlich auch nicht geant¬
1925 3923 3053 3995 wortet hat, sprechen Sie nun ruhig auf der Straße an. Er
1918 3964 3059 4051 muß Sie fünf Minuten zu ihm sprechen lassen, was genügt.
1922 4001 2761 4075 Dann: „Hofmannsthal sagte mir neulich ...
1989 4053 2853 4150 Und schon bereiten Sie ein neues Buch vor,
