3392 4352
266 290 1119 388 13. Miscellaneous
300 1782 1247 1864 arzt, zumal vom eigenen Schwager, untersuchen, daß
300 1854 1247 1904 ihm dieser nur noch eine ganz kurze Frist schenken kann.
300 1900 1244 1952 Kein Mann aus dem Volke wartet so lang. Schlimmer
298 1944 1244 1996 ist die zweite Unmöglichkeit: kein Arzt der Welt, selbst
300 1986 1241 2034 wenn er „Fleischhauernerven“ hätte, wird dem Patienten
300 2033 1241 2084 in einem solchen Falle brutal gefühllos die Wahrheit
300 2072 1241 2134 ins Gesicht schleudern, daß er nur noch sechs Monate
300 2118 1244 2173 zu leben hat. Und dieser Arzt ist obendrein der Schwager
291 2168 1246 2212 des Phthisikers. Aber dieser verlangt ausdrücklich die
298 2203 1241 2262 Wahrheit zu hören... Du lieber Himmel, als ob die
298 2257 1250 2310 Aerzte die Wahrheit gepachtet hätten! Ich kenne eine
298 2299 1244 2350 englische Aristokratin, der im gleichen Falle die ersten
304 2341 1247 2399 „medizinischen Autoritäten den Termin ihres Todes in
298 2386 1250 2439 nahe Aussicht gerückt haben — — und sie lebt heute
300 2430 1247 2482 noch, ich hätte fast gesagt: seelenvergnügt, wenn das
298 2475 1247 2525 Richtschwert nicht über ihrem Nacken schwebte. Aber,
304 2519 1241 2571 wird der Dichter wieder dazwischenrufen, mein Arzt
304 2564 1244 2617 haßt den Patienten bis aufs Blut, und er empfindet
306 2605 1241 2659 ein Gefühl des Triumphes, als er den verhätschelten
306 2650 1247 2705 Schwager so demütigen kann... Undenkbar, daß der
310 2692 1241 2748 Henker just in solchem Moment seinen Rachedurst stillen
304 2741 1241 2795 wird und sich zum Sklaven einer niedrigen, abscheulichen
306 2787 606 2855 Lust machen läßt.
361 2819 1247 2881 Nein, die Situation ist an den Haaren herbeigezogen,
310 2870 1241 2930 für die Konsequenzen zurechtgelegt. Und die Konsequenzen
306 2914 1247 2972 werden mit vorgehaltenem Revolver expreßt. Gib mir
304 2956 1250 3012 eine Lektion, schreit der Todeskandidat auf, wie man
305 3012 1250 3058 mit Anstand stirbt. Wem so die Brust von sittlicher
304 3042 1241 3101 Größe geschwellt ist, der wird sich wie ein Held ins Un¬
306 3093 1244 3146 vermeidliche zu fügen wissen. Aber der Held entpuppt
306 3135 1246 3191 sich als eine gemeine Natur, die im Angesicht des Todes
310 3178 1244 3228 ihre wahre Physiognomie zeigt, als einen armseligen
311 3219 1253 3298 Feigling, der trotz aller Prahlsucht zittert und um Gnade
1322 277 1790 378 b 44/10
1286 1805 2211 1864 winselt. „So hab' ich sie mir ungefähr vorgestellt —
1292 1848 2235 1905 die moralische Kraft“, darf der Examinator dem ohn¬
1282 1895 2232 1951 mächtigen Prüfling epigrammatisch zurufen. Was
1282 1942 2232 1999 will Salten eigentlich damit sagen? Daß wir alle
1288 1978 2227 2041 vor dem Tode Angst haben? Eine zu billige
1292 2032 2235 2080 Weisheit. Daß auch die, welche tönende Worte im
1282 2070 2235 2123 Munde führen und sich die Brust mit hohlen Phrasen
1286 2117 2227 2168 wappnen, kläglich zusammenbrechen, wenn's zum Ster¬
1288 2159 2234 2214 ben kommt? Keine neue Weisheit. Schon Kleists Prinz
1292 2205 2235 2257 von Homburg hat, da ihn der Tod umschauert, den Mut,
1286 2252 2227 2307 zu bekennen: „Seit ich mein Grab sah, will ich nichts
1286 2291 2235 2343 als leben", und Bernard Shaw hat Saltens Idee oft
1292 2339 2232 2394 schlagender und witziger ausgeführt. Denn bei dem
1292 2388 2232 2436 Wiener wird ihr durch die geladene Pistole Abbruch ge¬
1291 2427 2227 2478 tan. Sie ist als Dieterich des Herzens künstlerisch ein
1294 2470 2232 2526 schlechtes Werkzeug, ganz abgesehen davon, daß sie auf
1292 2512 2174 2574 die Dauer einer halben Stunde recht peinlich wirkt.
1585 2635 1918 2700 Auferstehung.
1345 2679 2235 2741 Nach dieser Nervenspannung war eine Beruhigung
1288 2734 2227 2782 nötig. Der dritte Einakter brachte sie. In Form eines
1288 2775 2232 2829 Ulks mit etwas erzwungener Situationskomik. Auch
1288 2820 2232 2870 hier steht ein Mann im Mittelpunkt, der dem Tod ins
1288 2863 2232 2913 Auge geblickt hat. Auf dem vermeintlichen Sterbebett
1292 2911 2228 2966 hat er sich mit einer ehemaligen Geliebten, die ein Kind
1288 2945 2232 3003 von ihm besitzt, trauen lassen. Man macht auf dem
1288 2994 2229 3044 Sterbebett vermutlich allerlei Dummheiten; die Haupt¬
1294 3041 2235 3093 sache ist, daß Konstantin nicht die Dummheit macht zu
1288 3080 2235 3141 sterben. Nun er dem Leben wiedergeschenkt ist, merkt
1288 3127 2235 3175 er, was er angerichtet hat. Die Geliebte von Anno
1288 3171 2228 3228 dunnemals lebt seit sieben Jahren mit einem Klavier¬
1286 3211 2232 3281 lehrer, der über den Schritt der verspäteten Rehabili¬
2267 1799 3211 1854 tierung empört ist. Konstantins Geliebte aus jüngste¬
2267 1842 3216 1912 Vergangenheit findet sich ein und macht ihre Rechte ge¬
2267 1889 3202 1942 tend. Es entsteht eine heillose Verwirrung — alles
2267 1934 3210 1995 weil er nicht auf Kommando gestorben ist. Das einfachste
2276 1980 3209 2032 Mittel, aus diesem Tohuwabohn herauszukommen, wäre
2267 2020 3205 2088 die Scheidung von der eben Geheirateten; er zieht es
2266 2067 3216 2120 aber vor, auf Reisen zu gehen und so die Dinge zu
2276 2114 3211 2168 lassen, wie sie sind. Mit dem Brustton der Ueberzeugung
2276 2156 3209 2209 ruft ihm der Klavierlehrer epigrammatisch nach, er habe
2274 2206 2920 2259 sich außerordentlich korrekt benommen.
2328 2231 3205 2295 Das Epigramm — seit Dreyers „Probekandi¬
2274 2282 3211 2344 ein beliebter Abschluß — führt Felix Salten im Wappen.
2276 2338 3211 2387 Er wird es ablegen, wenn er von dem Einakter zu
2274 2376 3211 2443 höherer Dramatik emporsteigen wird oder eigentlich zu¬
2267 2436 3206 2477 rückkehren: denn wir verdanken ihm schon ein ausge¬
2282 2463 3215 2525 zeichnetes Volksstück „Der Gemeine. Diese Trias ist
2274 2513 3211 2570 stärker in der Erfindung als in der Ausgestaltung; aber
2274 2558 3211 2610 auch so wird sie zweifellos ihren Weg machen, schon aus
2267 2605 3211 2654 dem Grunde, weil sie dem Schauspieler höchst dankbare
2267 2639 3205 2696 Rollen abwirft, die Albert Bassermann am Lessingtheater
2274 2692 3212 2760 mit dem ganzen Reichtum seiner vielseitigen Individua¬
3061 2730 3179 2804 M. M.
2274 2736 2519 2807 lität meisterte.
2554 2814 2941 2902 Kleine Chronik.
2343 2876 3209 2946 — In Winterthur findet, Kunstmuseum,
2274 2937 3215 2987 vom 7. bis 25. November ein Kollektivans¬
2276 2982 3211 3041 stellung statt des bekannten Luzerner Militärmalers
2276 3028 3212 3086 I. C. Kaufmann und des Genfers Louis Gia¬
2270 3066 3212 3127 noli. Kaufmann bringt 51 Arbeiten, nicht nur mili¬
2275 3108 3217 3166 tärischen Charakters, sondern auch eine reiche Zahl von
2274 3158 3215 3215 Landschaften, Gianoli — mit über 50 Nummern —
2266 3196 3210 3283 Landschaften und Typen aus dem Appenzell, von Stein
