3344 4352
193 233 1058 329 13. Miscellaneous
1246 235 1731 339 b 44/10
1651 1140 1727 1205 84
1083 1252 2269 1353 dem Wiener Feuilleton, deren Einfall unter dem franzö¬
1083 1323 2265 1418 sischen Dialog steht. Dieser Humor geschlechtlicher
1086 1371 2269 1467 Dinge lebt von der Terminologie und erst recht von der
1089 1424 2268 1515 durch Gedankenstriche verschwiegenen. Dieser Blick
1073 1486 2268 1568 auf Physiologisches kommt nicht von der Höhe,
1074 1519 2272 1619 und darum kommt auch die Metaphysik Schnitzlers
1071 1568 2260 1666 nicht von den Abgründen. Schnitzlers Separée
1077 1616 2254 1709 und Schnitzlers Kosmos sind von einem Wurzel¬
1077 1667 2135 1752 losen angeschaut. Die geistigen Spitzen
2179 1704 2256 1764 der
1071 1710 2259 1809 Schnitzlerschen Welt stechen in die Augen: jeder weist
1068 1772 2259 1860 darauf hin, das Zitat, das in den meisten Festartikeln
1076 1822 2256 1911 wiederkehrte, ist wirklich die Formel Schnitzlers : diese
1058 1863 2256 1948 Predigt der Unbeirrtheit. Sie könnte das Erlebnis
1062 1922 2247 2011 eines großen Ethikers sein, aber er würde sie schwerlich
1055 1955 2253 2055 in solchem Text halten: „Jeder muß selber zusehen,
1062 2021 2244 2094 wie er herausfindet aus seinem Arger, aus seiner Ver¬
1053 2069 2253 2139 zweiflung, oder aus seinem Ekel, irgendwohin, wo er
1055 2123 2244 2205 wieder frei aufatmen kann. Solche Wanderungen ins
1055 2154 2239 2248 Freie lassen sich nicht gemeinsam unternehmen, denn
1046 2214 2241 2308 die Straßen laufen ja nicht im Lande draußen, sondern
1047 2265 2242 2357 in uns selbst. Es kommt nur für jeden darauf an, seinen
1049 2303 2248 2408 inneren Weg zu finden. Dazu ist es notwendig, möglichst
1041 2359 2238 2447 klar in sich zu sehen, den Mut seiner eigenen Natur
1041 2405 2241 2493 zu haben, sich nicht beirren zu lassen. Das ist mit
1040 2463 2238 2539 Augen zu greifen. Es ist gewiß richtig, daß auf diesem
1046 2502 2236 2589 Weg ins Freie nicht gemeinsam zu spazieren ist, das
1041 2551 2226 2632 liegt in der Natur dieser Allegorie, die in dem Vergleichs¬
1037 2617 2226 2693 objekt leider nicht restlos aufgegangen ist. Der innere
1037 2651 2226 2744 Wege ist ein einsamer Weg, führt aber auch zum
1037 2698 2224 2790 Romantitel. Jeder in sich, Gott in uns alle. Aber es ist,
1037 2748 2230 2828 weiß Gott, weniger Glaube, weniger Metaphysik als das
1028 2799 2217 2886 bekannte In sich-Geschäft der neueren Psychologie.
1028 2858 2224 2946 Schnitzler ist ihr dichterischer Ausdruck, wie jene
1025 2887 2214 2993 bekannte Kulturschwitzerin versichert, die jetzt jeden
1032 2952 2212 3040 Abend um sechs nachsicht, ob nicht schon etwas
1025 2995 2211 3091 Kunstgewerbliches unter unserm Bette steht. Sie hat
1016 3043 2205 3135 noch nie van die Pflicht der Kunst, uns die Lebens¬
1016 3103 2212 3185 notwendigkeit zu schmücken, vergessen, aber sie begreift
1022 3153 2212 3243 alles, was Kultur ist, und fragt deshalb an Schnitzlers
