3344 4320
1305 224 1780 332 box 44/10
255 234 399 322 13.
448 224 1126 346 Miscellaneous
1151 1168 1710 1266 nen Freien Presse
192 1210 734 1291 Grund
769 1189 2959 1312 Liebesgeschichte von zwei jungen Leuten, deren Eltern die keine andere Meinung neben sich duldeten, die
185 1277 741 1368 Besatzung schwer verletzt
1875 1284 2962 1347 jahrzehntelang jeden einen Dummkopf nannten, der
769 1291 1850 1357 Montechi und Capuletti spielen. Der eine Vater ist
762 1322 2955 1420 liberal, natürlich ein Muster der Wohlanständigkeit, anderer Ansicht war, und die zum Schlusse der ganzen
769 1423 2959 1511 Füßen schütteln wollte, auf eine Anfrage in Berlin die trotzdem sie hier eine der stärksten Fremdenkolonien bilden,
402 1368 724 1521 Name un
773 1483 2962 1553 Antwort, man hätte gegen seine Uebersiedlung nach Deutsch in der Oeffentlichkeit besonders hervortreten. Ihr Dialekt
171 1493 612 1602 in Deutschland.
1875 1521 2962 1591 schleift sich ab, wenn sie längere Zeit in Deutschland
776 1532 1850 1595 land nur dann nichts einzuwenden, wenn er jede politisch
1871 1556 2959 1619 wohnen und behält nur die süddeutsche Klangfärbung bei,
776 1574 1847 1644 Tätigkeit unterlasse. Die deutschen Behörden sind son
164 1577 752 1672 einer Korrespondenten.)
1882 1612 2959 1675 so daß man den Oesterreicher meist nicht von dem Bayern
773 1612 1854 1682 gegen die Oesterreicher recht zuvorkommend, und diejenigen
171 1651 2966 1749 ses Thema eigentlich zwei Ab¬ die über die Grenze nach Hause geschickt werden, haben sich unterscheiden kann. Auch die österreichischen und ungarischen
776 1689 2966 1773 ihr Schicksal fast immer selbst zuzuschreiben, denn aus keinem Vereine spielen keine Rolle, sie geben von ihrem Dasein
164 1721 745 1784 eine über und die andere unte
1871 1742 2973 1794 nur durch Festessen am Geburtstage des Kaisers Franz
171 1749 1847 1819 wenigstens ein paar politische anderen Staate kommen so viel zweifelhafte Elemente nach
1882 1780 2969 1847 Josef Kunde und stechen im Adreßbuche unter den hunderten
776 1787 1857 1857 Deutschland, als gerade aus Oesterreich=Ungarn, weil zwischen
175 1812 748 1882 t sich die Stellung des Oester
1882 1822 2969 1885 anderer Vereine höchstens durch die koschere Zusammen¬
175 1833 1857 1920 ht richtig charakterisieren. Jeder den beiden verbündeten Monarchien die geringsten Paß¬
1889 1868 2969 1924 setzung des Vorstandes hervor. Ferner ist es eine Selten¬
227 1882 1861 1948 ob er sich nun draußen im schwierigkeiten bestehen. Rußland stellt zwar einen noch
199 1920 2969 2001 aufhält oder ob er sich dort bedeutend höheren Fremdenzuzug, aber bekanntlich kann heit, daß es ein Oesterreicher, abgesehen von Bühnen¬
175 1955 2973 2046 einen heimatpolitischen Interessen kein Russe ohne entsprechende Paßlegitimation die Heimat künstlern und Schriftstellern, zu einer hervorragenden
175 1997 2966 2102 es, die Welt rein vom reichs verlassen und der Aufenthalt im Auslande wird ihm stets sozialen Stellung in Deutschland bringt. Das mag daher
203 2032 2973 2137 zu betrachten, das heißt, sich nur für einen bestimmten Zeitraum gestattet. Die hier kommen, daß das Deutsche Reich in der Technik, den
199 2074 2969 2172 zu fühlen und Oesterreich in lebenden Moskowiter stehen also unter strenger, doppelter Wissenschaften, dem Handel und der Industrie an der Spitze
1885 2126 2969 2186 aller kontinentalen Staaten marschiert und auf diesen Ge¬
189 2147 1857 2214 so viel Beachtung zu schenken, polizeilichen Kontrolle, unter deutscher und russischer
175 2165 2966 2270 liner Politik beanspruchen kann! während sich um die in Deutschland angesiedelten bieten über so viele einheimische Kräfte verfügt, daß es für
1889 2210 2969 2273 ausländischen Zuzug nur herzlich wenig Bedarf hat. Zu¬
185 2224 1861 2294 der Oesterreicher auch angehört, Oesterreicher, sobald sie ihrer Militärpflicht Genüge getan
783 2252 2969 2333 haben, die österreichischen Behörden nicht mehr kümmern, dem absorbierte die habsburgische Monarchie infolge ihrer
185 2294 762 2361 Bannkreise seines Vaterlandes
1889 2294 2969 2364 unaufhörlichen innerpolitischen Zänkereien leider so viel der
780 2312 1861 2378 In früheren Zeiten brauchte der Oesterreicher, wenn er sich
178 2333 755 2389 den österreichischen Alldeutschen
1885 2343 2966 2410 geistigen Volkskraft, daß ihr kaum für die Bewältigung der
185 2350 1861 2438 Partikularisten, die es nicht be¬ im Deutschen Reiche niederließ und nicht gerade den Ein¬
171 2385 2973 2480 he Soldaten zwar nach China und druck eines Zuchthauskandidaten machte, nicht einmal einen einheimischen wissenschaftlichen und wirtschaftlichen Auf¬
164 2424 2976 2539 on einer Lösung der österreichischen Paß; Geburts= und Heimatsschein genügten in den meisten gaben genügend Leutematerial zur Verfügung steht. Sie
164 2466 2966 2574 und Genossen augenscheinlich nichts Fällen. Da aber infolge der Leutenot, an der die deutsche ist sogar oft gezwungen, aus Deutschland geeignete Persön¬
1892 2515 2976 2578 lichkeiten heranzuziehen, und wie viel Reichsdeutsche sich an
189 2525 1864 2609 Anzapfungen sind übrigens der Landwirtschaft zu leiden hat, große Massen von
1892 2560 2973 2620 der Spitze industrieller und technischer Unternehmungen in
185 2571 1861 2651 unangenehm und wenn sie auch galizischen, tschechischen und ungarischen Landarbeitern nach
168 2602 2973 2700 sicher großdeutscher Gesinnung, so Deutschland strömten und sich mit diesen auch panslawistische Oesterreich=Ungarn befinden, weiß man in Wien selbst am
164 2648 2969 2742 erden keinen Anlaß bieten, in der und andere politische Agitatoren einschmuggelten, wurde Oester= besten. Dagegen scheint Oesterreich einen starken Ueberschuß
171 2690 2976 2784 sie diesen Herren doch öfters recht reich=Ungarn gegenüber ein schärferer Paßzwang eingeführt, au journalistischen und künstlerischen Talenten zu haben,
168 2728 2969 2829 de beispielsweise das Naturali¬ Auch machte man in Deutschland die Erfahrung, daß infolge der denn hievon wimmelt es geradezu in Deutschland, und hier
168 2777 2973 2875 erreichers, der vor Jahren als Chef= ungünstigen wirtschaftlichen Verhältnisse in der habs liegt auch eine jener Ursachen, die viel dazu beiträgt, daß
196 2815 2976 2910 Blattes eine Rolle spielte und burgischen Monarchie viele Oesterreicher auf gut Glück sich die Reichsdeutschen von dem Charakter und dem Wesen
1899 2857 2980 2924 ihrer österreichischen Stammesgenossen ein ziemlich schiefes
801 2871 1871 2952 herüberkommen, um sich hier eine Existenz zu gründen
164 2899 776 2966 schlägig beschieden mit dem Hin¬
801 2903 2976 2990 ohne ein genügendes finanzielles Rückgrat, ja selbst ohne Bild machen. Es ist nämlich eine auffallende Erscheinung,
182 2945 776 3001 Propaganda. Auch der bekannt¬
168 2945 2980 3043 schen Alldeutschen, der lange Zeit Beziehungen und Verbindungen zu besitzen und daher nur daß speziell jene Oesterreicher, die auf den reichsdeutschen
1892 2994 2976 3053 Bühnen spielen oder für die reichsdeutsche Presse arbeiten,
794 3011 1651 3088 zu oft den deutschen Behörden zur Last fallen.
206 3032 769 3106 saß, erhielt vor ungefähr zwöl
881 3029 2983 3165 Man kann nicht gerade sagen, daß die Oesterreicher, in ostentatio den Oesterreicher in seiner Mundart und leinen
227 3081 804 3155 seines Vaterlandes von den
