3344 4224
574 136 1749 198 solche hier die allein Schuldigen sind. Allerdings haben
580 188 1748 255 sie den alten Geisteslastern der Deutschen neue eingeimpft,
565 235 1745 292 doch es muß stets betont werden, daß die deutsche Literatur
568 286 1745 352 verloren wäre, an materieller und akademischer Auszehrung
569 329 1739 404 stürbe, wenn nicht die Juden mit ihren starken geistigen Be¬
562 377 1746 441 dürfnissen und ihrer Emotionsfähigkeit, die auf künstlerische
557 426 1745 505 Reize reagirt, das Stagniren hinderten. Und bei einer Nation,
562 487 1748 547 wo tüchtige Volksschriftsteller, wie Rosegger, Ganghofer u. dgl.
559 535 1745 596 oder tiefer hinab gar ein Tanera oder May zu den allergelesensten
560 568 1745 650 Autoren zählen, kann man im Verhältniß hierzu die vom Juden¬
563 618 1736 696 thum inscenirten Modegrößen noch als wenigstens „literarisch“
559 662 1743 745 begrüßen. Die erste Phase der Herrschaft des Judenthums
553 714 1742 779 in Literatur und Presse brachte die Aera Lindau=Blumenthal:
553 758 1748 836 die Theetischeleganz der Heyse und Ebers. Nachdem dies
559 808 1743 890 Regiment durch die „Revolution der Literatur“ gebrochen,
554 854 1742 937 bemächtigte sich das tonangebende Judenthum der realistischen
551 898 1745 977 Bewegung. Zuerst stellte die Mosse=Clique den schönbärtigen
559 949 1745 1027 Sudermann als Messias auf, dann schuf Brahm, der hierfür
553 1000 1742 1079 das gesammte Salonjudenthum mobil machte, den Haupt¬
550 1068 1736 1129 mann, nebenbei auch ein kleines Nachahmertalent wie G. Hirsch¬
553 1104 1739 1186 feld einschmuggelnd. Sobald neuerdings diese Gattung in
551 1155 1733 1232 Mißcredit kam, schlug man „intime" und symbolistische Töne
548 1216 1740 1278 an und proclamirte, — Liliencron und den kraftvoll fau¬
544 1256 1736 1320 nischen Dehmel bei Seite schiebend, die schon in Sinnlichkeit
544 1302 1736 1371 und „Plastik" das Feld geebnet hatten — vier weihevolle
547 1348 1733 1423 Eklektiker, (sämmtlich Juden), Schnitzler, Hofmannsthal, Beer¬
545 1401 1730 1480 Hofmann, Stephan George, als Messiasse. Nun soll die Be¬
553 1456 1733 1520 gabung all dieser Literaten nicht verkannt werden. Doch die
544 1505 1727 1578 maßlose Ueberschätzung insbesondere Hauptmanns als eines
553 1547 1730 1623 Ganzgroßen beruht nur auf einer künstlichen Schwindelmache.
553 1594 1727 1670 Jede diese literarischen strebungen, kleinbürgerliche Epik des
542 1643 814 1706 Pseudor
1036 1666 1724 1728 kann, französischer Hautgout Suder¬
544 1697 733 1766 manns
767 1661 1724 1782 eine Form lege der Werner, mit un=
1834 64 3007 176 mischen
1830 158 2996 224 muß aus vollem Halse lachen, wenn schon die jüngsten Bürsch¬
1833 201 3002 274 chen ihr Rotznäschen über Männer rümpfen, die im Kampfe
1834 249 3005 335 standen, als sie noch in den literarischen Windeln lagen. Bei
1827 298 3005 381 den jüngsten weihevollen Kunsttiftelern versteht man kaum
1822 350 3007 429 mehr unter einem Wust von orakelhaften Redensarten, was
1837 390 2995 475 sie eigentlich wollen, indem sie in Verstiegenheiten eines Hoff¬
1822 444 2885 513 mannsthal einen wunderbaren Höhenaufstieg besingen.
2926 463 3007 522 Das
1819 498 3008 574 alles klingt so weise und förmlich hegelianisch tiefsinnig, in
1828 541 2470 605 Frankreich und England ist man
2889 560 2999 618 Wenn
1822 600 3007 662 mans so hört, möchts leidlich scheinen! meint das arme Grei¬
1824 635 3008 711 chen, das Aschenbrödel gesunder Menschenverstand. Ach, man
1827 690 3004 754 lasse sich keinen Bären aufbinden! Worte, Worte, Worte und
1827 749 2999 803 nichts dahinter. Neuer Styl der Decadents? Welchen denn?
1825 785 3001 863 Den der großspurigen Impotenz. Und selbst den nicht mal!
1822 833 3002 913 Eine große That in Worten kündigen sie prahlend an, und
1827 881 3004 957 besieht man sich dann die Mißgeburten, sind Bastard=Wechsel¬
1821 930 2999 1013 bälge ältester Style, Romantik und Classicität unorganisch
1816 982 3004 1058 verquickt. Ihre Kraft steckt lediglich im ästhetisch verzückten
1819 1030 3001 1103 Wort, mit dem die Jugend ja so bald fertig ist. Der naive
1821 1082 3002 1161 Leser kann es nicht anders leugnen wie Paula Erbswurst,
1810 1123 3004 1198 daß so geistreich klingt, was sie orakeln. Doch in diesem
1812 1189 2999 1258 neuen l’art pour l'art formkünstelt nur der antigermanische
1815 1231 2993 1296 Kult des Aeußerlichen. Soll man daneben das Aufblähen
1813 1275 2995 1338 der sogenannten Heimathkünstlerei als gesunderen Zug be¬
1810 1331 2996 1407 grüßen, der sich in den Provinzen gegen das herrschende
1815 1378 2996 1438 Berlino=Juderthum rührt? Nehmen wir Freussen als
1812 1430 2993 1503 beliebtestes Schnittmuster dieser Mode, so haben wir nur
1804 1475 2990 1550 Neuaufwärmung der seligen Bauerngeschichte, kein Jota
1804 1529 2989 1602 wahrer. Angebliches Hinabsteigen in Tiefen der Volks¬
1821 1567 2990 1640 seele darf nie zu moralisch-sentimentalen Lyrismen führen,
1809 1629 2996 1685 wenn noch ein Fünkchen Wahrheit angeblasen werden soll.
1806 1667 2990 1737 Dieser Volksseele harte Dürre und Nüchterne und kindlich
1809 1716 2981 1791 primitive Naivität allem Großgeistigen über kann nie
1818 1894 3002 1952 ein Object großer Kunst werden, hat überhaupt nur dann
1827 1946 3002 2003 stofflich Werth, wenn brutale Wahrheit wie in Zolas „La
1821 1994 3005 2052 Terre daran erläutert. Frenssen hat seinen Erfolg wohl
1821 2044 3005 2099 meist durch die Mischung von Sentimentalität und Lüstern¬
1818 2092 3002 2158 heit in seiner Erotik erschlichen, die aber dabei wieder nur
1821 2141 3004 2198 Halbwahrheiten austischt und nirgends Muth zu voller Wahr¬
1827 2192 2999 2256 heit findet. Das Geschwafel über einen „menschlichen" Christus
1815 2241 3002 2308 rennt theils offene Thüren ein, durch die schon drei Gene¬
1821 2287 3008 2353 rationen ein= und ausgingen, oder knabbert an unfaßbaren
1827 2341 3011 2396 Mysterien mit verständnißlosem Rationalismus herum. Der¬
1824 2387 3007 2445 Gemeinplatz ist ja für alle Gemeinplätzigen immer ein neues
1827 2436 3010 2494 Evangelium. Doch die Hunderttausende, die sich bei Freussen
1830 2482 3013 2546 grausam langweilten, opferten dem Modeschwindel nur, weil
1827 2530 2996 2593 eine unwissende Presse ihn schuf. Der Naive folgert immer
1818 2581 3008 2639 was so Viele anpreisen, muß doch einen Werth haben. Waltet
1827 2630 3010 2689 hier wenigstens Gegendruck wider frivolseichte Salonspielerei
1824 2681 3007 2733 vor? Schwerlich, diese verlogene Volks= und Heimatbehand¬
1827 2727 3010 2789 lung liefert nur neues Salongeschwätz. Nichts närrischer,
1827 2779 3011 2837 als dies als Neuaufleben germanischen Geistes auszugeben,
1818 2825 3008 2891 da die Genre=Pöselei vielmehr tiefinnerlich mit der Philister¬
1830 2876 3013 2931 moderne zusammenhängt. Germanisch ist das Heroische,
1827 2923 3010 2986 Historische, Gedankliche, mit einem Wort der große Styl,
1827 2976 3013 3029 die Heimathkunst aber bloße Seitenablagerung der modernen
1824 3025 3016 3089 Reportage, weit entfernt von der erlebten Naturpoesie eines
1833 3074 3011 3123 Gorki. Gleichwohl gebe ich zu, daß die „Revolution der
1833 3119 3013 3180 Literatur nicht ganz unfruchtbar im äußeren Erfolge blieb.
1833 3171 3013 3229 Wir „Alten“ erinnern uns unserer Jugendanfänge als einer
1839 3217 3014 3281 Zeit, wo die literarische Welt wüste und leer war und der
1833 3266 3016 3327 Geist alexandrinischer Ohnmacht über den Wassern schwebte.
1833 3318 3008 3376 Ja, es bleibt ein gewaltiger Unterschied, ob man einen Haupt¬
1824 3366 3008 3421 mann lächerlich überschätzt, der doch immerhin ein Jemand
1824 3418 3011 3467 ist, oder ob man des „Neides" verdächtigt wurde, weil man
1907 3464 3005 3519 Julius Wolff und Ebers nicht ernst nehmen und in den
1833 3510 3005 3566 Wildenbrüchigkeiten wohl markige Theatralik, aber nichts
1830 3561 3013 3618 Dichterisches erkennen wollte. Sonach wäre ein Fortschritt
1830 3612 2998 3665 unverkennbar. Im Verhältniß zu jenen Göttern unserer ge¬
1830 3656 3013 3716 ehrten Vorfahren, die gar nichts als akademische Zierbengel
1889 3709 3013 3761 man nennt das „Könner" — oder lackirte Nullen waren,
1836 3755 3013 3822 nimmt sich selbst das Neuwenden altenglischer oder griechischer
1833 3805 3013 3862 alten Hosen und anderer Elekticismus der Neusten, denen
1830 3855 3014 3916 die Poesie nur Liebelei und Formschnitzlerei bedeutet, besser
1836 3904 3013 3960 aus. Eine gewisse Weihe der Kunst brütet ja über ihrer
1839 3948 2885 4023 Aesthetenspielerei, leider nur keine Weihe der Kraft.
