3344 4352
1228 320 1704 407 box 44/10
187 320 1045 417 13. Miscellaneous
1426 898 1915 983 Deutsches Volkstum.
882 985 2461 1071 rung anvertrauten Gefolgschaft kommt er sich im Spiele der Wellen selber komisch vor.
878 1035 2475 1106 Bei einem gute Glase Rotspon macht er draus auch keinen Hehl, zuweilen auch nicht, wenn
888 1086 2477 1148 er offiziell den Dreizack schwingt. Aber — ja eben aber! Die „maßgebenden Kollegen
888 1120 2467 1190 sind eben zu maßgebend! Und nicht umsonst hat man ihm einen gutbeschnittenen Mitvor¬
894 1154 2469 1229 sitzenden an die Seite gesetzt, der auch in sämtlichen Goethe=Schiller=Kleist= und
888 1204 2467 1263 Shakespearebünden und =Stiftungen und sonstigen „Kulturgesellschaften" eine „maß¬
882 1231 2473 1309 gebende Rolle spielt und mit den brusttönenden Worten „Wir Deutsche!“ nur so um sich
884 1271 2475 1347 wirft Gelegentlich des Frankfurter Schützenfestes hat dieser einmal ein wundervolles
890 1313 2477 1380 Gedicht veröffentlicht, in dem er sich selber als „deutschen Schützen“ einführt, der siegfried¬
890 1351 2479 1428 gleich, unnachsichtlich und unerbittlich, mit tollkühner Unerschrockenheit alles bekämpft,
884 1386 2475 1462 was faul im deutschen Vaterlande sei! Das „Berliner Tageblatt" hat dieses Kraftprodukt
894 1432 2483 1519 genügend gewürdigt und seinen Verfasser dadurch geziehmend geehrt, daß es seinem
894 1472 2477 1545 „Dichter namen das Prädikat „Der Schütze“ beifügte. In dem inredestehenden Kampfe
894 1510 2479 1577 allerdings ist auf die totbringenden Pfeile dieses Frankfurter Schützen nicht zu rechnen.
900 1547 2457 1625 Man wird doch nicht auf sich selber schießen! Das wäre ja kulturwidrig! „Wir Deutsche!
977 1581 2487 1659 Seite 34. Die private Regelung dieser Aufführungsvertragsfrage hatten sich bereits
900 1625 2485 1702 im Jahre 1910 der „Verband deutscher Bühnenschriftsteller“ und der „Deutsche Bühnen¬
902 1664 2475 1742 verein“ zum Ziele gesetzt. Es wurde unter dem wohlberedten Vorsitz des Königlichen Ge¬
898 1704 2481 1778 neralintendanten Professor Ernst Ritter von Possart eine gemeinsame Kommission ge¬
900 1754 2493 1817 bildet, der anzugehören auch meine Wenigkeit das oft gar nicht geringe Vergnügen hatte.
902 1788 2481 1857 Das platonische Interesse der hohen Behörden an dieser Theatermaterie kam dadurch zum
896 1829 2485 1889 Ausdruck, daß der Chef der Berliner Zensurbehörde, Geh. Oberreg. v. Glasenapp, an den
896 1865 2487 1939 mehr als zwei Jahre sich hinziehenden Verhandlungen ab und zu teilnahm. Die ideellen
902 1907 2491 1978 und materiellen Gegensätze der „maßgebenden“ und „nicht maßgebenden Teilnehmern
912 1941 2487 2024 prallten aber so hart aufeinander, daß Oscar Blumenthal, der Obmann des Verbandes
914 1986 2493 2054 „deutscher Bühnenschriftsteller, seine blutigsten Witze loslassen mußte, um die Versamm¬
912 2018 2487 2090 lung bei Lanne zu erhalten. Schließlich erblickte unter seiner sachkundigen Geburtshilfe
912 2058 2487 2131 der Wechselbalg eines kläglichen Kompromißvertrages das Licht der Welt. Da aber die
908 2103 2489 2171 Generalversammlung des „deutschen Bühnenverein“ dieser Mißgeburt die legitime An¬
912 2131 2499 2205 erkennung versagte, blieb ihrem väterlichen Urheber Oscar Blumenthal nichts anderes
910 2175 2493 2244 übrig, als das Produkt seiner Liebesmühen, nach einigen vergeblichen Versuchen, es um¬
914 2209 2497 2284 zumodeln, in Spiritus zu setzen. Dergestalt harrt es noch heute in dem Archive des
908 2246 2495 2318 Bühnenschriftstellerverbandes seiner Erweckung zu neuem Leben. Ob dieses Spiritus¬
912 2292 2497 2358 begräbnisses waren aber die „Maßgebenden“ gar nicht böse. Sie, die schließlich nur unter
914 2326 2497 2397 der Wirkung der andauernden Witze Oscars gute Miene zum bösen Spiel gemacht hatten,
912 2374 2501 2437 konnten sich für das moralische Plus, das ihnen die Annahme des Vertrages eingebracht
918 2407 2507 2497 hätte, nichts „Greifbares" kaufen, und eine Bratwurst ziehen sie bekanntlich dem ganzen
916 2469 1347 2544 homerischen Olymp. vor.
1446 2530 2451 2628 Dörrberg bei Gräfenroda i. Thür, Landhaus „Waldruh
1780 2598 2121 2673 10. Dezember 1916.
1206 2675 2227 2777 den Vorstand des Verbandes deutscher Bühnenschriftsteller
2070 2739 2481 2818 Berlin, Motzstraße 19.
1339 2824 1718 2894 Sehr geehrte Herren!
1007 2870 2511 2940 Es ist nicht ohne Reiz festzustellen, daß Sie in Ihrem wohlstilisierten Briefe vom
930 2904 2509 2985 28. Oktober mich ausschließen, weil ich den Zweck des Verbandes gefährdet habe“, während
930 2952 2519 3017 Sie nach Erhalt meines Briefes vom 21. November nunmehr den § 9, 1 der Satzungen
926 2979 2511 3059 heranziehen und meinen Ausschluß damit zu begründen suchen, daß ich die Pflicht verletzt
936 3025 2515 3106 habe, „die Bestrebungen des Vereins zu unterstützen"! Ich werde nicht verfehlen, die
936 3055 2517 3144 talmudische Rabulistik dieser Ausschlußbegründung am geeigneten Ort ins gehörige Licht
936 3097 2515 3186 zu setzen, ebenso die Tatsache, daß verschiedene Herren, die „einstimmig, meinen Ausschluß
926 3140 2517 3220 votiert haben, darunter auch der eine des beiden Vorsitzenden, Herr Dr. Dreyer, mit dem
938 3180 2517 3255 mich in allen persönlichen und Verbandangelegenheiten vertraute, Freundschaft verband,
943 3224 2525 3299 sich zu den in meiner Kriegsschrift vertretenen Ueberzeugung und Kritik bestimmter
936 3261 2525 3337 Persönlichkeiten mir gegenüber mündlich und brieflich wiederholt bekannt und ihrer
939 3303 2521 3377 Freude darüber unzweideutigen Ausdruck gegeben haben! Diese Herren haben offenbar
941 3333 2521 3416 den Mut ihrer Ueberzeugung nur unter vier Augen und fallen nun einem Freunde und
938 3373 2521 3452 Gesinnungsgenossen, der infolge seines Militärdienstes in seiner persönlichen Freiheit ge¬
938 3414 2527 3496 hemmt ist, heimtückisch in den Rücken, um es ja mit den einflußreichen Juden und Juden¬
941 3454 2525 3538 genossen nicht zu verderben! Ich habe nun keine Veranlassung mehr, irgendwelche persön¬
941 3492 2530 3571 liche Rücksicht zu üben und werde die ganze Verlogenheit dieses Verfahrens an den
949 3565 1261 3627 Pranger bringen.
1021 3563 2530 3645 Leider bin ich dazu am 15. Dezember noch nicht imstande, da inzwischen abermals
943 3609 2528 3696 ein schwerer Rückfall meines im Felde zugezogenen Leidens eingetreten ist. Ich sehe mich
