3392 4352
194 204 339 302 13.
1245 190 1724 287 b 44/10
392 191 1058 314 Miscellanos
857 769 946 839 schaft
851 817 1088 889 hof, 1. Tor.)
732 830 809 881 tzten
739 954 813 998 das
844 904 1965 1020 Der Kampf gegen „Schund
1097 1007 1682 1115 und Schmutz"
1188 1108 1643 1171 Von Arthur Schnitzler.
1269 1182 1974 1238 Arthur Schnitzler bezog sich in de¬
1188 1228 1974 1288 gestrigen Enquete auf ein Gutachten, das ei
729 1244 807 1296 auf,
1182 1278 1978 1338 bei einer früheren Gelegenheit, auf Ver¬
1894 1326 1975 1373 aus¬
1182 1322 1856 1378 anlassung der Ethischen Gesellschaft,
1182 1369 1974 1426 gearbeitet hat. Es wird unsere Leser gewiß
1188 1416 1974 1473 im höchsten Grade interessieren, die Auf¬
1185 1460 1913 1529 fassungen des Dichters kennen zu lernen.
849 1537 1977 1612 Ist der Begriff der Schmutzliteratur praktisch zu
1165 1590 1659 1660 umgrenzen und wie?
936 1639 1975 1710 Meiner Auffassung nach fiele unter die Rubrik
849 1702 1978 1766 Schmutzliteratur manches literarische Erzeugnis, das
839 1747 1967 1803 mit der Behandlung sexueller Themen nicht das geringste zu
839 1790 1985 1844 tun hat und das man, wie man früher zu sagen pflegte, jedem
846 1838 1978 1904 jungen Mädchen ruhig in die Hand geben durfte. Aber es ist
841 1881 1974 1941 mir wohl bekannt, daß nach dem Sprachgebrauch unter
851 1928 1975 1987 Schmutzliteratur nur jene Produkte verstanden werden sollen,
849 1981 1975 2041 die sich ohne künstlerische oder belehrende Absicht mit sexuellen
839 2022 1965 2088 Themen in solcher Art befassen, daß bei dem hiezu prädesti¬
849 2069 1975 2134 nierten Leser eine sexuelle Erregung eintritt oder wenigstens
839 2122 1148 2182 eintreten könnte.
936 2154 1975 2218 In diesem Sinne läßt sich freilich der Begrif¬
839 2206 1974 2262 der Schmutzliteratur praktisch nicht um¬
851 2253 1981 2316 grenzen. Je nach Bildungsgrad, Empfindlichkeit, gutem
849 2306 1970 2355 Willen des Beurteilers wird der Begriff weiter oder enger ge¬
851 2352 1973 2410 faßt werden, und ebenso wie es Leute gibt, die zwischen den
846 2392 1978 2457 obszönen Spässen eines jämmerlichen Witzblattes und der
863 2439 1895 2496 Büchse der Pandora keinen merkbaren Unterschied
854 2452 1974 2546 finden vermögen, gibt es wieder andere, die um der künst¬
839 2530 1974 2583 lerischen Vorzüge eines Werkes willen dem Autor gewisse
859 2577 1977 2644 Frivolitäten zu verzeihen geneigt sein werden, selbst wenn sie
839 2623 1730 2691 nicht ganz ohne Absicht eingestreut worden sind.
937 2660 1978 2728 Schon an dieser Verschiedenheit des Standpunktes wird
866 2710 1978 2771 ede Möglichkeit scheitern, den Begriff der
849 2756 1977 2843 Schmutzliteratur zum Zwecke gesetzlicher
839 2814 1981 2867 Maßnahmen mit juristischer Schärfe zu
841 2851 1977 2912 präzisieren. Die wesentlichste Schwierigkeit liegt eben
841 2897 1974 2954 darin, daß die befürchtete Gefahr der sexuellen
846 2945 1985 3004 Erregung ebenso von einem künstlerisch
841 2992 1974 3046 bedeutenden als von einem wertlosen
841 3036 1974 3094 Literaturprodukt ausgehen kann. (Mit den
846 3084 1978 3138 Werken der bildenden Kunst verhält es sich natürlich ebenso.)
849 3129 1970 3185 Und gerade den patentierten Sittlichkeitswächtern mangelt
846 3183 1974 3232 meistens sowohl Fähigkeit als guter Wille, eine Unter¬
846 3225 1974 3285 scheidung zwischen einem künstlerisch wertvollen und einem
827 3272 1569 3327 künstlerisch wertlosen Werke zu treffen.
