3392 4256
239 175 655 277 13. Mis.
1279 185 1758 289 box 44/10
1921 416 3088 492 Emil Ertl (geb. 1860) und Rudolf Hans Bartsch ge¬
690 431 1868 508 als irgendwo sonst um ein paar Persönlichkeiten gruppieren.
1916 482 3093 538 1873) versuchen es, jener Wien („Die Leute vom blauen
698 482 1880 546 Aber tatsächlich liegt hinter dieser Buntheit eine Summe wirk¬
1916 530 3093 584 Guguckshaus" 1906, „Freiheit die ich meine 1909), dieser
690 535 1868 589 licher Welterfahrung, die wir als „Psychologie der Ver¬
1916 568 3088 624 nach seinem eigenen Zeugnis) Graz („Zwölf aus der Steier¬
690 576 1875 632 hältnisse bezeichnen können. Gewisse Anfänge führen zu
1911 619 3091 678 mark" 1908) zum eigentlichen Helden zu machen. Bartsch kam
695 619 1878 678 bedeutenden Entwicklungen; jede Passion steigert sich bis ins
1921 655 3088 718 freilich wohl erst allmählich auf diesen Gedanken, erst hatte
693 670 1873 726 Groteske. Diese typischen Entwickelungen vollziehen sich, wo
1913 700 3083 756 er nur einfach ein Bündel Helden verknüpft, fast wie Gutzkows
698 700 1870 769 sie eben Nährboden finden. Fast wie eine Krankheit einen
1928 746 3088 797 „Roman des Nebeneinander", wie er denn auch zu dem
690 749 1873 812 typischen Verlauf hat, ob sie nun einen guten Mann trifft
1926 787 3070 842 Einheldenroman zurückgekehrt ist („Elisabeth Kött" 1909)
688 799 1094 865 oder einen schlechten.
1921 832 3086 888 freilich mit einem Theaterroman, der einiges Symbolische fast
751 830 1870 903 Aus der ungeordneten Abenteuerfülle des englischen Romans
1921 875 3091 926 unvermeidlich mit sich bringt. — Andere Österreicher wie
690 886 1868 944 hatte nun aber Richardson, ohne sie doch eigentlich auf¬
1926 916 3073 972 Felix Salten (geb. 1869: „Herr Wenzel auf Rehberg" 1901)
698 936 1878 995 zugeben, einen strenger komponierten Roman herausgeformt.
1913 959 3083 1010 Franz Karl Ginzkey (geb. 1871: „Jacobus und die Frauen
703 979 1870 1035 Seine „Clarissa" (1749) wird das unmittelbare Vorbild für
1921 1007 3073 1061 1908), Otto Stoßl (geb. 1875: „In den Mauern" 1907
1449 1023 1870 1073 Das Thema ist (wie
718 1025 1380 1094 „Erwin Reiners Masken" (1910)
1934 1053 3083 1109 „Negerkönigs Tochter 1910), Otto Hauser (geb. 1876: „1848
695 1058 1868 1124 schon anderwärts bemerkt wurde) völlig das gleiche: die Be¬
1921 1089 3088 1149 1907, „Spinoza 1908), Karl Hans Strobl (geb. 1877:
695 1109 1873 1167 lagerung einer weiblichen Tugend durch einen liebenswürdigen
1926 1134 3091 1195 „Die Waclavbude" 1902, „Elagabal Couperus" 1910), teilen
705 1155 1873 1208 Verführer. Allerdings — Clarissa unterliegt, sie stirbt; die
1921 1182 3091 1231 mit jenen wenigstens die Neigung zu kunstvollem Aufbau und
703 1195 1868 1254 Erwin Reiner umwirbt, wird gerettet. Dies aber häng
1926 1226 3091 1279 sorglich gepflegter Sprache. In ihr besteht vor allem bei Bartsch
705 1236 1870 1294 damit zusammen, daß bei Wassermann doch eine Verschiebung
1921 1269 3091 1322 der Erfolg; freilich auf einem Rückgriff ins Lyrische, wie auch
695 1284 1878 1337 der Fabel eingetreten ist. Bei Richardson ist wirklich
1921 1309 3091 1363 Ginzkey ihn zeigt; anders Stoeßl und Strobl. Auch kommen
708 1322 1873 1380 Clarissa die Heldin; bei Wassermann könnte es eher Erwin
1926 1355 3091 1408 sie gleichfalls oft nahe an die Wahl eines abstrakten Helden
703 1368 1880 1424 Reiner scheinen, der blasierte Allerweltskünstler, der an seinem
1928 1398 3093 1464 heran — merkwürdigerweise auch zumeist einer Stadt, wie Prag
705 1416 1878 1477 ersten wahren Gefühl zugrunde geht, oder noch eigentlicher:
1921 1441 2583 1510 in Strobl kräftiger „Wärterbude“!
705 1462 1873 1512 an der Unfähigkeit, auch nur hier ganz in seinem
1964 1472 3093 1548 Aber die eigentlichen Verdienste des geistreichen Dialog¬
705 1502 1873 1555 Gefühl auszugehen. Eigentlich aber ist auch er
1928 1535 3093 1591 künstlers Schnitzler, des gedankenreichen Essayisten Bahr, des
698 1545 1880 1606 nur ein Symbol. Wassermann, der sich von dem
1926 1583 3091 1637 feinen Novellisten Ertl liegen auf anderem Boden. Und so
713 1583 1873 1644 Entwicklungspessimismus des „Caspar Hauser bekehrt hat
1928 1624 3093 1705 bleiben als die eigentlichen Vertreter dieser Entwicklungsstufe
708 1627 1878 1693 faßt nun die Welt als ein wohlgeordnetes Ganzes, von einer
1921 1672 2989 1741 des modernen deutschen Romans eben die Brüder Mann.
705 1677 1878 1736 sittlichen Ordnung durchdrungen — und diese ist der wahre
705 1720 1883 1774 Held. Sie wird bestürmt, indem ein Übermütiger, für den es
1964 1705 3093 1776 Eine Reihe von technischen Eigenheiten zeigte ihre Verwandt¬
703 1761 1883 1817 keine Moral gibt, auf den Reichtum seiner persönlichen und
1931 1774 3098 1832 schaft. Die „Buddenbrooks oder „Königliche Hoheit" teilen mit
708 1804 1880 1868 sozialen Mittel trotzt; daß er einem Mädchen nachstellt, ist nur
1926 1814 3096 1875 der „kleinen Stadt“ die Neigung, die zumal bei Heinrich Mann
705 1855 1873 1906 Symptom. Aber die Ordnung stellt sich wieder her, so nah¬
1926 1863 3093 1911 auch wohl übertrieben wird. Klaus Heinrich oder der Advokat
710 1896 1880 1949 Erwin zeitweilig seinem Ziele scheint; und somit ist die para¬
1931 1903 3096 1959 Belotti können nie genannt werden, ohne daß bestimmte typische
703 1936 1883 1997 doxe Anlage berechtigt, die den berechtigten Bräutigam nur
1928 1946 3088 2005 Gebärden hervorgehoben werden. Das scheint nichts Neues
710 1984 1883 2063 am Anfang und am Ende einen Augenblick lang auf der
1931 1989 3096 2055 es begegnet unaufhörlich schon bei Dickens; und wie die
703 2027 949 2101 Bühne zeigt.
1926 2033 3093 2096 „großen Frauen in der „Heiterethei" nie genannt werden,
1926 2078 3091 2132 ohne daß bestimmte Formeln hinterdreinrauschen, das hat schon
764 2066 1883 2139 Diese Fabel gibt nun einen großen Vorsprung, insofern als
802 2124 1880 2182 systematische Anordnung von Erwins Experimenten durch
1926 2124 3096 2180 Heinrich v. Treischke geärgert. Dennoch handelt es sich nicht
1926 2159 3093 2220 um ganz dasselbe. Bei Dickens scheinen diese typischen
713 2164 1883 2223 seinen raffiniert überlegenden Geist berechtigt ist. (Obwohl ein
1934 2213 3093 2261 Gebärden, Redensarten, Eigenheiten der immer neu ein¬
710 2213 1880 2266 Berliner Kritiker bemerkt hat, er würde die Verführung
1931 2248 3103 2309 zuschärfenden Individualcharakteristik; ebenso bei seinen deutschen
710 2256 1888 2309 viel geschickter in Szene gesetzt haben, worin ihm ja
1934 2299 3098 2345 Schülern Gustav Freytag und Fritz Reuter. Bei den
713 2296 1878 2350 vielleicht Erwins Mißerfolg recht gibt...) Und der Umstand
1926 2334 3093 2393 Brüdern Mann dienen sie dem Bedürfnis des Stilisierens
710 2342 1888 2395 daß zwar die Umworbene ein einfaches Mädchen, der Werber
1928 2385 3096 2439 und auch hier steht Otto Ludwig auf der Mitte des Ent¬
708 2388 1888 2433 aber, der doch die Handlung trägt, mit allen Verfeinerungen
1926 2426 3093 2482 wicklungsweges. Wie die berühmten „epithet ornantia“ be¬
708 2433 1885 2482 der Kultur nur zu vertraut ist, legimitiert auch die etwas
1934 2466 3093 2525 Homer sollen diese Sätze über die Oberlippe der Königlichen
723 2469 1885 2535 schwere, nicht selten gesuchte Sprache, deren innere Berechtigung
1928 2517 3101 2565 Hoheit oder die Stirn des Advokaten Belotti monumentali¬
708 2517 1885 2560 aber in jenem Streben und einem eigenen Romanstil liegt.
1936 2560 3096 2621 sieren, den überrealen Charakter der kunstmäßigen Erzählung
713 2555 1890 2614 Nicht „poetisch" im Sinn der Lyrik, noch weniger rhetorisch soll
708 2603 1885 2659 die Rede sein, am wenigsten flach berichtend: sie soll dem
1944 2603 2190 2677 symbolisieren.
713 2644 1885 2700 Roman als einem Kunstwerk der Erzählung angemessen sein,
1974 2621 3068 2705 Aber auch eigentliche Symbole wenden beide gern an¬
718 2687 1888 2740 wie in den „Wahlverwandschaften" und — sonst fast nirgends.
1931 2680 3096 2751 nicht so Wassermann. Man denke nur an die so charakteristisch
713 2730 1883 2794 Und so soll denn auch eine klare, ja auffällige Gliederung die
1934 2740 3093 2796 verschiedenen Schlösser in „Königliche Hoheit"! Diese Symbol¬
718 2781 1482 2855 Erzählung als Kunstwerk charakterisieren.
1934 2789 3101 2842 aber werden sorgfältig verteilt, so daß sie an sich schon eine
1934 2829 3103 2890 architektonische Gliederung ergeben, die den Inhalt als bewußt
761 2812 1888 2888 Dies gilt nun in noch höherem Grade von den Brüdern
1936 2870 3101 2926 ausgewählt erscheinen läßt. Es soll kein einfacher Ausschnitt aus der
713 2875 1883 2931 Mann, die mit Wassermann die streng „artistische Behand¬
1934 2916 3101 2974 Wirklichkeit sein. Dem dient noch ein anderer Umstand, der ihm
708 2921 1885 2994 lung des Romans teilen, sonst aber weit von ihm und weit
1934 2961 3106 3017 zunächst zu widersprechen scheint. Thomas Mann bedient sich
713 2966 1167 3030 untereinander abweichen.
1936 3004 3103 3058 der historischen Wirklichkeit, um die romanhafte zu verringern.
764 3007 1885 3078 Vor allem haben beide den Schritt vollzogen, vor dem
1941 3048 3101 3096 Solche tatsächlichen Ereignisse im Leben der eigenen Familie,
723 3055 1888 3119 Freussen und Wassermann noch scheuen: sie haben endgültig
1934 3091 3103 3144 die ihm zweckdienlich scheinen, wie die Blutmischung; wirklich
718 3114 1888 3159 den Kollektivhelden an die Stelle des individuellen gesetzt:
1944 3134 3096 3187 vorhandene Momente, die an sich nicht wesentlich scheine, wie
721 3146 1880 3202 Thomas Mann (geb. 1875) die Familie („Buddenbrooks
1941 3174 3106 3228 das Verhältnis zur Musik. Allerlei Modelle gerade auch für die
721 3190 1880 3248 1901) oder den Kleinstaat („Königliche Hoheit" 1909)
1936 3215 3108 3273 Nebenfiguren werden benutzt, um der Strenge eines rein logischen
713 3235 1890 3291 Heinrich Mann (geb. 1871) die „Kleine Stadt" (1909).
1934 3266 3098 3314 Aufbaues, einer systematischen Erfindung ein Gegengewicht zu
713 3278 1883 3339 Neben ihnen steht in dieser Hinsicht eine ganze Gruppe, lauten
1946 3306 3101 3362 geben. Und auch hiermit steht es wie mit jenen formelhaften
713 3319 1885 3385 Österreicher. Denn in diesem Lande, in dem gerade die
1936 3350 3101 3403 Dingen: was der jungdeutsche Roman tat, um die Wahr¬
723 3362 1890 3426 Deutschen sich in einer gewissen weich idyllischen Behaglichkeit
1941 3398 3106 3451 scheinlichkeit zu erhöhen, das tut Thomas Mann, um sie zu
723 3410 1888 3471 zu leicht gefallen, von dem Sirenenlied der Stieferschen Be¬
1941 3433 3106 3489 mindern, um den Eindruck der Erfindung zu steigern:
721 3451 1890 3514 schaulichkeit und der Grillparzerschen Weltschen eingelullt, kommt
1941 3481 3106 3535 Dinge werden eingemischt, die gar nicht zur Sache
713 3499 1890 3552 die Abneigung gegen einen starken bewegenden Helden, der
1946 3525 3103 3580 selbst zu gehören scheinen und deshalb wie phantastisch
713 3537 1890 3603 Unterdrückung des Romanträgers entgegen. Arthur Schnitzler
1941 3568 3101 3626 hineingeschneit auf den überrealen Charakter der Vor¬
721 3588 1898 3646 (geb. 1862), der erst die Geschichte einer einsamen Frau
1936 3611 3103 3664 gänge hinweisen. Geht doch Mann so weit, für sein
721 3626 1898 3692 („Frau Bertha Garlau" 1901) mit eindringender Seelen¬
1934 3651 3106 3715 letztes Werk das Prädikat der „Märchenhaftigkeit" mit Freude
718 3674 1890 3730 analyse schrieb und Hermann Bahr (geb. 1863), der in
1941 3695 3124 3750 anzunehmen. Wie denn auch in seinem Stil und ebenso in
713 3723 1888 3781 der „Hohen Schule" (1890) einen französierenden Künstler¬
1941 3745 3101 3794 dem freilich cholerisch geschwolleneren des älteren Bruders die
723 3763 1901 3814 namen aus états d’âme zusammengesetzt hatte, machen nun
1936 3786 3114 3849 Ironie des modernen Märchenerzählers nicht zu verkennen ist.
736 3799 1888 3870 des Wiener Judentum („Der Weg ins Freie" 1908) oder das
1982 3834 3108 3898 Diesen Schritt weg von der romanhaften Erfindung tun nun
743 3839 1888 3900 heater („Die Rahl" 1908) oder das österreichische Beamten¬
703 3882 2738 3943 um („Drut" 1909) zum wirklichen Helden. Die beiden Grazer noch folgerechter zwei große Erzählerinnen.
