3392 4320
246 164 1067 287 13. Miscellanen
158 1498 871 1560 Gerüst seines Baues und kann über
160 1545 874 1620 der Zutaten nicht forttäuschen. Als
148 1605 864 1656 reller Lebenserfassung macht er zu¬
150 1641 864 1704 lichen Fund. Er trägt ihn in seine
148 1689 862 1750 erarbeit, die ihn nicht haben will.
138 1737 866 1809 man in Henri Bernsteins erstem Akt
142 1796 862 1857 le Guenn, der wahrhaft liebt und
138 1843 862 1894 sung wagt, weil er sein Mißtrauen
142 1891 859 1942 genheit der geliebten Frau nicht über¬
142 1939 855 1994 och nicht etwa ein berechtigtes Miß¬
142 1983 862 2040 glaubt den vollen, feurigen Glauben
142 2031 866 2088 einheit. Er besitzt ihn, aber das Leben
142 2079 859 2141 herein, daß er ihn nicht besitzen durfte.
169 2128 862 2184 Jahren ein Verhältnis gehabt, das
138 2176 859 2246 lück ergriffen, trotz ihrem ernsten Vor¬
134 2221 858 2292 gesteht. Hier nestelt sich in der Tat
136 2277 864 2331 and Tiefes, dem Franzosen nicht Zu¬
134 2326 859 2382 och er, der weder Henri noch Bernstein
160 2378 858 2435 Bernstein, vergißt im zweiten Akt,
142 2417 853 2478 gegeben. Laßt mich mit der Psycho¬
138 2468 859 2526 enkt er — ich muß vor allen Dingen
157 2512 853 2575 Szene kommen. Der dumme Deutsche
133 2564 854 2625 chenkt. Enttäuscht sieht er Denis und
136 2625 853 2676 em feinen Gespinst heraushüpfen und
130 2667 855 2740 riser Herrschaften der Grobschlächtig¬
121 2728 853 2817 st freilich besinnt sich Henri Bernstein,
126 2802 853 2875 gesgewiß zu werden, auch wieder auf
133 2863 853 2911 de. Aber der Faden, den er in die
124 2913 862 2959 eint nicht der richtige zu sein. Er hat
124 2951 850 3019 enden Moment vergriffen. Gabriele
120 2996 851 3070 undin Henriettens, hatte auch der Zu¬
130 3047 855 3107 ertrauen zu dürfen geglaubt; er hatte
117 3098 855 3181 men können, daß da eine giftige
1295 188 1776 283 box 44/10
936 1503 1998 1571 Schlange am Busen des Schauspiels genährt wurde.
935 1559 1995 1640 Von solcher verderbten Psyche war im ersten und
935 1617 1994 1681 zweiten Akt nichts vorbereitet worden. Doch im dritten,
936 1660 1988 1721 ja im dritten, muß die arme Gabriele für Henri Bern¬
948 1705 1994 1772 steins psychologisches Gewissen herhalten. Sie offenbart
936 1754 1984 1825 sich plötzlich als ein wirres, psychopathisches Problem
938 1803 1988 1878 des Neides. Man sitzt verdonnert vor einem Vulkan,
939 1849 1987 1915 der aus einer blumigen Wiese bricht. Man erlebt die
939 1898 1986 1968 erste große Szene à la psychologie. Aber man geht
930 1951 1980 2010 nicht mit. Man sieht keinen Übergang und macht dem
932 1991 1984 2064 klugen Architekten Vorwürfe. Das ist das Schlimmste
940 2040 1492 2104 für ein französisches Drama.
971 2088 1983 2168 Zwischen Import und Import leben wir Deutschen.
936 2139 1984 2202 Aber wir dürfen dem Südosten treuer bleiben als dem
928 2181 1982 2249 Nordwesten. Aus Österreich kam uns sogar immer
931 2242 1983 2298 wieder die ersehnte, steigernde Ergänzung. In ein
935 2289 1975 2353 goldenes, ewig zugängliches Land sehen wir hinüber,
931 2334 1983 2407 wenn wir von Grillparzer zu Anzengruber, von Anzen¬
932 2391 1986 2441 gruber zu Schnitzler blicken. Aber man mache beizeiten
928 2427 1982 2512 seine Gefühle rar. Der deutsche Michel wird auch
932 2479 1979 2542 leicht nach der anderen Seite hin zu gläubig. Das gal¬
931 2526 1979 2603 lische Gift ist freilich in jedem Falle schlimmer als das
926 2570 1979 2648 wienerische Zuckerwerk. Nun möge man sich zusammen¬
930 2627 1975 2691 nehmen und nicht mit dem anmutig Gebärdenhaften,
924 2675 1974 2740 immer Wiederholten seinen Magen überladen. Wir
927 2717 1979 2782 begreifen hier nun einmal nicht, was eine „Jause" ist,
920 2766 1982 2845 auch nicht die dramatische Jause. Das ist ein Geschlecht
916 2817 1980 2889 von Komödien, die in Wien wohl hundertfach ge¬
924 2866 1975 2942 schrieben worden sind, aber von Fall zu Fall die
927 2915 1972 2981 Physiognomien der leitenden Dichter annehmen.
916 2961 1955 3034 Martha Karlweis, deren Komödie „Der Herrenmensch
914 3004 1974 3087 das Münchener Residenztheater ans Licht gebracht hat,
918 3055 1972 3119 ist eine Tochter des handfesten, klugen Volksstückdichters
918 3103 1979 3177 C. Karlweis, der nun schon lange im Jenseits weilt.
2058 1523 3126 1595 Ihre Kindheit war noch vom anzengruberischen Wien
2058 1581 3122 1643 umwittert, ihr Reisen sah den Aufstieg Artur Schnitzlers
2055 1637 3118 1685 und Hermann Bahrs. So plaudert sie im Banne der
2060 1672 3119 1734 Meister, eine sympathische junge Wienerin. Sie richtet
2059 1725 3112 1796 eine recht wohlschmeckende dramatische Jause her. Zu¬
2055 1777 3110 1837 weilen kriegt man sogar einen Ruck, wenn perlender
2051 1814 3110 1890 Kaviar auf ihren Brötchen serviert wird. Aber die Ver¬
2060 1874 3111 1935 gänglichkeit des Genusses muß erkannt werden. Man
2054 1919 3107 1988 geht als grausamer Genießer von ihm erst zur Kunst
2052 1964 3110 2028 über. Wie etwa in Wien von einer vornehmen Jause
2052 2012 3112 2076 ins Burgtheater. Dennoch „lügen solche Stunden nicht.
2055 2059 3110 2137 Man behält eine bessere Erinnerung an sie als an das
2052 2100 3106 2181 lauernde Raffinement des Pariser Salons. Die
2054 2155 3112 2228 Wienerin ist nicht raffiniert. Die Wienerin geht mit
2054 2205 3107 2281 ihrer Seele leichter Last durch das goldene Land unserer
2055 2249 3106 2318 Träume. Gerührt denkt man daran, daß diese junge
2048 2298 3100 2373 Dame, die sich nun lächelnd auf einer Münchener Bühne
2051 2357 3104 2425 verneigt, ein Spielkind gewesen ist, als man zum ersten¬
2055 2403 3106 2467 mal nach Wien gekommen, mit dem ganzen Glauben
2046 2445 2931 2530 noch an die Stadt der gewaltigen Erbschaft.
2363 2627 2810 2726 Walt Whitman,
2039 2711 3098 2796 Schritt für Schritt, doch unablässig und mit stetig zunehmen¬
2044 2794 3102 2863 der Einwirkung hat der innerste, neue, tragende Kultursinn
2040 2841 3092 2910 Amerikas, der „Neuen Welt“, und hat seine erste große geistig¬
2044 2886 3099 2947 synthetische Offenbarung, hat die Persönlichkeit Walt Whit¬
2039 2939 3098 3006 mans und haben seine „Grashalme" im Bereich unserer
2044 2978 3102 3055 modernen europäischen Kultur seit 22 Jahren Raum gewon¬
2044 3038 3096 3114 nen. Besonders erstaunlich aber muß die Beachtung anmuten,
2040 3080 3092 3141 die Whitman seither gerade in Frankreich und in den roma¬
2036 3128 3094 3209 nischen Ländern gefunden hat! Denn sie ist sogar eine ent¬
