3344 4352
1224 229 1698 335 b 44/10
170 236 1035 347 13. Miscellaneous
85 1278 1979 1363 ergenossenschaft weiß man hier nicht viel, semitisch-konservative Presse, in richtiger Erkenntnis der
120 1330 1979 1403 sich durchzusetzen, also wird die deutsch= Sachlage, nur dem in Deutschland schmarotzenden Judentum
92 1370 1972 1444 ngeistige Literatur der Gegenwart ziemlich aus Oesterreich=Ungarn auf die Finger klopft, machen natür¬
85 1432 1981 1488 Geistesprodukten jener Wiener Literatur lich die liberalen Zeitungen diesen Unterschied nicht und
106 1474 1981 1528 , die von ihren in Deutschland hausenden behandeln überhaupt die ganze Frage mehr vom journali¬
87 1507 875 1554 fürlich mit der nötigen Reklame als Genies
901 1510 1986 1587 stischen Standpunkte. Die Position aber, welche sich die
87 1557 1986 1628 den! Mit welchen Mitteln gearbeitet wird, österreichischen Juden auf dem reichsdeutschen Theater und
87 1602 1904 1668 sen jüdischen Skribenten vom Donaustrande in der reichsdeutschen Presse errungen haben, ist
92 1637 1979 1701 bringen, dafür ein Beispiel für viele: Ende das deutsche Volk im allgemeinen und Deutschland im be¬
104 1679 1984 1757 die Blätter die Notiz, daß die Besitzer des sonderen eine recht ernste Angelegenheit. Beschäftigt doch
83 1722 866 1781 sagtheaters, Karl und Theodor Rosenfeld
899 1731 1984 1790 sogar die deutsche Regierung österreichische Juden als offi¬
87 1778 1981 1847 richische Israeliten, mit einem eigens zu zielle Journalisten! So wird das halbamtliche „Wolffsche
109 1814 1972 1889 Ensemble ein dreiaktiges Stück aus der Telegraphenbureau von Dr. Mantler geleitet, die „Ber¬
149 1859 1970 1925 „Künstler“, von Josef Holtzinger im liner politischen Nachrichten" gibt der Galizianer Viktor
99 1906 1981 1974 zur Uraufführung bringen werden. Bald Schweinburg heraus und Besitzer der „Süddeutschen Reichs¬
94 1946 1986 2014 itgeteilt, daß die Zensur das Drama ver= orrespondenz" ist Herr Katz! Ferner besteht ungefähr die
85 1984 1297 2040 auf die Unternehmer an die höhere Instanz Hälfte der Redakteure
1328 1996 1974 2066 bei den liberalen und parteilose
94 2031 1981 2102 hrend man einstweilen Dörmanns Un=Blätern aus österreichischen Juden, während sich im Re¬
90 2083 1970 2144 se Leut spielte. Auf einmal hieß es, die daktionsverbande der christlichen Zeitungen nur seh, wenig
94 2125 1972 2182 nach entsprechenden Strichen und sonstigen Oesterreicher befinden. Die lange Blütezeit der liberalen
92 2158 1977 2224 igegeben worden, und am 20. Mai fand Presse in Oesterreich hat eben einen Ueberschuß an jüdischen
87 2201 868 2255 ere statt. Dieses so pikant eingeführte Stück
896 2208 1967 2276 Publizisten erzeugt, der weil er innerhalb der schwarz¬
85 2257 1977 2328 Bohème erwies sich nun als eine so gelben Grenzpfähle keine Beschäftigung findet, nach Deutsch¬
92 2293 1151 2345 enarbeit, daß es einen vollständigen Durch land abfließt
87 2330 866 2389 dem sich der größte Teil des Publikums
977 2340 1974 2404 Unter den nach Deutschland aus Oesterreich kommen¬
87 2373 863 2430 enkreise der Gebrüder Rosenfeld zusammen¬
892 2375 1977 2453 den Bühnenkünstlern und Journalisten befinden sich als
87 2432 1970 2505 s schreckliche Stück geschrieben hat, weiß wenig Christen, dafür desto mehr in einem anderen Berufe,
83 2460 861 2522 nicht, da es der Autor angesichts seines
892 2481 1967 2540 der sich ebenfalls mit geistigen Genüssen beschäftigt, näm¬
83 2505 859 2557 g, im Dunkel seiner Anonymität zu bleiben
889 2524 1970 2585 lich im Schankgewerbe. Eine lange Reihe von vornehmen
97 2552 1972 2625 Stück gefallen, so wäre sicherlich vor dem Restaurants und Cafes gehört Oesterreichern und ebenso hat
87 2597 1967 2677 sier Wiener Literaturhebräer erschienen, denn die hiesige Kellnerschaft einen stark österreichischen Einschlag.
87 2639 863 2713 schriftsteller stürzen sich Gebrüder Rosen¬
892 2656 1962 2710 Auf gastronomischem Gebiete scheinen die Wiener Ein¬
87 2677 420 2743 licht in Unkosten!
885 2701 1970 2755 richtungen für Norddeutschland vorbildlich zu sein, denn alle
94 2736 1967 2802 drängen der österreichischen Juden hat das möglichen Nahrungsmittel werden unter Wiener Marke feil¬
87 2781 866 2826 erlin ein wenig in Mißkredit gebracht, und
894 2786 1965 2840 geboten und die Kaffeehäuser, die bekanntlich allmählich von
92 2821 861 2871 tische und konservative sondern auch national¬
892 2833 1962 2885 Wien ihren Weg nach Deutschland machten, weisen noch
94 2868 1955 2934 haben sich in letzter Zeit wiederholt recht immer auf ihren Ursprungsort hin, indem sie durchwegs
97 2908 861 2965 Verwienerung" Berlins gewendet. Selbst
892 2918 1962 2970 die Bezeichnung tragen: Wiener Cafe. Auch in Damen¬
87 2948 863 3007 geben ab und zu den hier lebenden
892 2963 1962 3010 moden übt Frau Vindobona einen starken Einfluß auf ihre
104 2998 859 3050 freundschaftlichen Klaps. Freundschaftlich
892 3005 1965 3062 Schwester Berolina aus und in der hiesigen Konfektion sind
92 3043 1958 3130 ne des Wortes, denn während die anti- viele Oesterreicher beschäftigt, allerdings zumeist wieder
2031 1182 3106 1283 uocher Rasse. Als tüchtige Musiker werden die Oester¬
2021 1257 3106 1319 reicher in Deutschland ebenfalls sehr geschätzt, es gibt kaum
2029 1304 3106 1361 ein bedeutenderes Orchester, in dem nicht Oesterreicher sitzen.
2031 1352 3106 1408 Die Damenkapellen ziehen in Deutschland samt und sonders
2031 1399 3106 1453 unter Wiener Aushängeschild herum, wobei allerdings
2029 1439 3106 1493 oftmals keine einzige der musizierenden Grazien am Donau¬
2033 1486 3116 1538 strande geboren ist, und daß endlich die ungarischen Zigeuner¬
2029 1524 3111 1576 banden nicht fehlen, versteht sich von selbst, denn diese sind
2031 1569 3114 1623 eine internationale Plage. Von den hier lebenden Malern
2021 1609 3118 1675 und Bildhauern österreichischer Herkunft hört und sieht man
2026 1651 3111 1712 nicht viel, besondere Talente sind jedenfalls nicht unter ihnen.
2031 1703 3104 1755 Der einzige, der in der Oeffentlichkeit Jahre hindurch eine
2029 1743 3116 1802 große Rolle gespielt hat, weil er sich wegen seiner forschen
2029 1786 3111 1842 Schlachtenbilder bei Kaiser Wilhelm großer Gunst erfreute,
2021 1833 3106 1885 war der österreichische Pole Herr v. Kossak. Er wendete aber
2026 1875 3111 1927 vor mehreren Jahren der Kaiserstadt an der Spree den
2033 1918 3116 1974 Rücken, als nach der Warschauer Affäre die preußische Re¬
2021 1965 2956 2031 gierung immer schärfer gegen die Polen vorging.
2111 1972 3104 2054 In anderen Berufen begegnen einem in Berlin selten
2031 2024 3106 2095 Landsleute. Hie und da stößt man auf einen kleinen
2029 2092 3114 2139 Handwerker aus Oesterreich, den der mächtige wirtschaft¬
2031 2137 3106 2189 liche Aufschwung, welchen Deutschland genommen, vor
2026 2175 3109 2231 einer Reihe von Jahren hiehergezogen hat, man findet
2031 2217 3114 2283 Spezialgeschäfte für österreichische Eßwaren, welch letztere
2021 2267 3116 2316 natürlich infolge des hohen Zolles kaum zu bezahlen sind,
2021 2307 3106 2361 aber im großen und ganzen gewinnt man den Eindruck,
2026 2354 3109 2404 daß es den Oesterreichern äußerst schwer fällt, sich in
2031 2394 3104 2448 Deutschland einzuleben oder sich hier gar ein Vermögen
2031 2444 3106 2493 zu erwerben. Den österreichischen Juden glückt es selbst¬
2021 2484 3116 2531 verständlich eher, aber auch sie ziehen der Konkurrenz ihrer
2029 2526 3106 2576 reichsdeutschen Konnationalen gegenüber in der Regel den
2031 2571 3102 2628 kürzeren, und dann ist der Norddeutsche, speziell in den
2026 2613 3109 2668 alten deutschen Hansastädten, selbst ein viel zu tüchtiger
2029 2663 3111 2708 Geschäftsmann, als daß er sich von den österreichischen
2033 2705 3104 2757 Juden so leicht übers Ohr hauen ließe. Mit Pofelwaren,
2026 2748 3109 2802 Schleuderausverkauf und Konkursschwindeleien läßt sich in
2021 2790 3104 2842 einem Staate, dessen Handel an dritter Stelle rangiert,
2021 2835 3111 2885 nicht arbeiten und für den kommerziellen Weltverkehr fehlt
2029 2878 2892 2930 dem Durchschnittsjuden der geniale Weitblick.
2944 2878 3111 2934 Solange
2021 2915 3104 2970 die habsburgische Monarchie nicht mit den anderen Groß¬
2021 2967 3106 3026 mächten auf dem Weltmarkte in ernsthaften Wettbewerb
2021 3005 3111 3055 tritt, wird der Oesterreicher eben immer der Binnen¬
2031 3050 3116 3104 länder bleiben, dessen Gesichtskreis von den Bergen seiner
2908 3099 3073 3173 Stg.
2031 3097 2597 3173 schönen Heimat umgrenzt ist!
