3296 4352
1433 91 3171 175 Es wird sodann der Dichter der von der Juden der
225 137 1311 183 Dreieck“, Oskar Friedmann zu zehn Tage
1342 149 3194 217 Leo Hirschfeld, aus Augsburg gebürtig, vernommen. „Extrablatt“ erschien, redi¬
229 168 1315 221 Arrests. Felix Adler, welcher im Fiaker durch fün
1334 198 2424 248 Derselbe deponirt, Friedmann habe ihm schon Nachmittags in
2538 202 3186 252 Der Musiker Kobler erzählt, daß
225 213 1220 255 Stunden alle Kaffeehäuser nach Kraus absuchte
1342 236 3186 286 größter Erregung die Fackel“ gezeigt. Abends sei er dann Ueberfalles, um ¼1 Uhr, Julius Bauer
225 221 1311 293 hielt sieben Tage Arrests, die Angeklagten Schrift
1334 278 3255 351 beim Mozartplatz mit den Herren zusammengetroffen, bereits kam. Gleich darauf kam Friedmann, Handl un
221 286 1311 343 steller Arthur Kahane (Kohn?) und Willy Hand
1334 313 1730 377 nach geschehener That.
2439 320 3255 366 mann suchte im Local mit den Augen, bis er
225 328 1311 374 wurden zu je fünfzig Gulden Geldstrafe ver
1422 328 3251 400 Dr. Baumwarten: Herr Zeuge, ist es richtig, daß eilte dann auf ihn zu und theilte ihm etwas
225 366 1307 431 urtheilt, der Kaufmann Eugen Stößler und Felix Dör
1326 370 2416 434 Sie selbst im Café Glattauer den Dr. Wertheimer auf
2443 396 3243 442 garten: So ist es ja ganz gut gegangen; un
217 400 957 461 mann wurden freigesprochen.
1342 431 2424 480 gefordert haben, mitzugehen und den Kraus zu prügeln? Ist
2447 431 3175 473 Attentat, um 12 Uhr Café Glattauer, um
320 419 1311 488 Wohl noch nie hat sich in einem Wiener Gerichtssaal
1338 457 3167 515 es richtig, daß Sie, als Dr. Wertheimer dies dankend ablehnte, Herrn Bauer.“ Friedmann will jedoch
225 469 1307 526 ein solches Bild gezeigt, wie es gestern der Josefstädter Bezirks
1334 503 2416 572 ihm zuriefen: „Feigling“? — Zeuge: Nein, das be¬
2443 511 3171 575 beten haben, einen unentstellten Bericht
229 518 1319 564 gerichtssaal bot. Auf der Anklagebank fünf Schriftsteller, der
1338 541 1505 614 streite ich
2432 541 2584 617 bringen
225 556 1311 606 sattsam bekannten Griensteidl=Clique angehörig. Sämmtlich
1422 560 2420 636 Zu dem Buchhändler Stern ist am kritischen Tag¬
2538 564 3240 636 Dr. Baumgarten: Warum sind
225 598 1311 644 natürlich Juden. Der einzige Dörmann ist getauft. De¬
1338 614 3251 671 Dörmann gekommen, hat ihm die „Fackel“ gezeigt und zur „Wiener Zeitung" gegangen? (Stürm
232 633 1315 686 Privatbetheiligte Carl Kraus, ein Jude, der sich von seinem
1338 659 3259 713 ihm mitgetheilt, daß Friedmann beabsichtige, sich an Richter: Ich bitte, ich kann solche Angriff¬
225 675 1300 720 Stammesgenossen Julius Bauer und Hermann Bah
1330 697 2424 751 Kraus zu rächen. Auf den Wortlaut könne er sich nicht
2538 701 3240 762 Es wird nunmehr Julius Bauer
225 713 1311 762 sagen lassen muß, daß er die ganze Affaire zu einem Riesen¬
1334 739 2416 785 erinnern. Weiter deponirt der Zeuge, daß am nächsten Tag
2439 724 3255 793 der „Illustrirten Hacke", vorgerufen. Derselbe
225 755 1307 800 geschäfte ausschlachten werde! Man hörte ordentlich den Nei=
1334 774 2416 819 eine junge Dame ein Exemplar der „Fackel" gekauft habe
2443 777 3247 827 Friedmann nicht gerathen, Kraus zu ohrfeigen
225 789 1311 842 aus diesen Worten heraus, daß Kraus auf diese Weise zu
1326 816 3266 869 wobei er, Zeuge, bemerkte, auf Kraus sei Nachts ein nicht in's Café Rahn bestellt. Friedmann wußt
225 823 1311 873 einer Reclame im größten Stile gelangt sei. Wir fürchten, das
1330 854 3251 907 Attentat verübt worden. Das Fräulein erwiderte: Das zu finden sei und habe ihn gebeten, eine re
217 865 1311 915 Beispiel, das Kraus, der „gehauteste Schriftsteller Wiens
1334 892 2424 941 habe ich schon gestern Nachmittags ge¬
2443 896 3251 945 über den Fall zu schreiben. Er (Zeuge habe
225 899 1307 953 auch in anderer Beziehung, gab, wird Nachahmer finden
1326 934 3251 1006 wußt, daß Kraus geprügelt werden gelehnt, bis die anderen Blätter Berichte haben
225 945 1311 995 Aber das Köstlichste war doch das Publikum. Juden, sowei¬
1342 968 1509 1029 sollte.
2531 983 3255 1037 Dr. Baumgarten: Ist Ihnen eri¬
225 976 1307 1029 das Auge reichte, das ganze Café Glattauer war erschienen
1422 983 2413 1052 Es wird nunmehr eine Reihe von Bediensteten de
217 1021 1303 1071 die süßen Vorstadtmädel“ des Arthur Schnitzler, da
2439 1002 3255 1071 Recension in Ihrem Blatte über das „Dreie
1334 1040 2416 1094 „Café Imperial“ einvernommen. Dieselben geben überein
221 1060 1311 1109 zwischen dicke Literaturjüdinnen, und als Perte der Wanzen
2485 1056 3251 1124 Bauer: Nein, ich kann das nicht ausw.
1334 1082 2416 1128 stimmend an, daß im Ganzen mit Herrn Friedmann
2439 1094 3251 1151 Dr. Baumgarten: Nun, im „Extrabl
221 1101 1311 1147 Otto Frischauer, mitten drin dirigirend und
1334 1121 2420 1170 fünf Herren bei der That anwesend waren. Ein Marquan¬
2443 1136 3247 1189 Werk soll der Erstling eines Anfängers sein
221 1140 1303 1185 überall hineinredend. Wer die sogenannte Wiener Lit¬
1326 1159 2428 1208 deponirt mit voller Bestimmtheit, er habe gehört, wie Herrn
217 1178 1311 1223 ratur von ihrer abstoßendsten Seite kennen lernen
2447 1174 3255 1227 solche Bühnenkenntnis und Routine, daß man
1330 1197 3251 1265 Schick zugerufen wurde, er möge sich nicht hineinmischen, erfahrenen Autors halten kann. — Bau
217 1216 1311 1265 wollte, der hätte gestern im Gerichtssaale dazu Gelegenhei¬
1330 1239 2416 1284 Dieser Zeuge, Marqueur Reznik, erklärt, gesehen
2443 1246 3262 1303 Friedmann nicht protegirt, obzwar dies von
221 1258 1307 1307 gehabt. Und wenn der öffentliche Ankläger in seinem Schluß
1330 1281 3259 1342 zu haben, daß Adler, der dies bis jetzt immer in wurde. Ich habe von Seite des Herrn Kraus
210 1296 1311 1338 antrage darauf verwies, daß Angeklagte die Schuldbänke
221 1311 3255 1391 zieren, die berufen sind, über die höchsten Güter der Menschheit Abrede stellte, bei der Schlägerei unmittelbar in der Nähe stand. Angriffe zu erdulden gehabt und habe stillge
1422 1357 2420 1403 Der Zahlkellner Alois Polzenbauer vom „Cas¬
2443 1368 3259 1422 erste Nummer der „Fackel war einzig mein
210 1372 1311 1418 zu wachen, so nahm sich dies angesichts dieser Versammlung
1334 1380 3262 1460 Glattauer“, Louis genannt, und Zahlmarqueur der sogenannten widmet und ich ward gleichsam an allen Stre
217 1418 2413 1479 als die bitterste, jemals geübte Ironie aus. Es wäre wahr¬ Dichterecke", bestätigt, daß Adler beauftragt wurde
2439 1444 3255 1498 tirt. Einzig und allein sind diese Angriffe er
217 1444 1311 1498 haftig traurig um unser Wien bestellt, wenn diese Literaten
1323 1471 3243 1536 Kraus im Fiaker zu suchen, und daß Abends telephonirt Geschäft zu machen. (Diese Worte haben
213 1486 1303 1532 unsere moderne Entwicklung im geistigen Wien darstellen
1323 1505 2416 1555 wurde, Kraus sei im „Imperial“. Auf die Frage des
2443 1524 3259 1585 rufe im Auditorium zur Folge.) Bauer (lau
221 1524 1296 1570 sollten. Das waren keine „deutschen Dichter und Schriftsteller
1326 1547 2428 1593 Richters, ob er gehört habe, daß Friedmann von
2451 1559 3266 1616 hole, einzig um ein Geschäft zu machen. (Er¬
213 1563 1315 1616 das war eine Clique, gegen die immer und
1326 1585 2416 1631 anderen Herren gewarnt wurde, verneint dies der Zeuge
2443 1605 3262 1654 — Auf die Frage Dr. Neu das sagt Bau
213 1601 2428 1700 immer anzukämpfen wir als unsere Die Verhandlung wird hierauf bis halb 4 Uhr Nachmittags
210 1635 1162 1692 heiligste Pflicht ansehen werden!
2443 1631 3262 1688 Friedmann nicht in die Litera
1330 1666 1471 1726 vertagt.
305 1681 1079 1726 Die Verhandlung nahm folgenden Verlauf
2443 1677 3240 1726 führt. (Heiterkeit.) — Staatsanwa
1418 1677 2424 1746 Nach Wiederaufnahme derselben stellt Dr. Baum¬
316 1711 1311 1761 Stürmische Heiterkeit erweckte wiederholt die Aussage des
2439 1719 3247 1780 mann: Wie können Sie dann zu Fränk
1326 1719 2416 1791 garten folgenden Antrag: Ueber mein Befragen hat heut
213 1742 1300 1799 einvernommenen Zahlkellners vom ehemaligen Griensteid
2439 1753 3259 1810 Bauer wartet schon auf das Resultat“. — F
1326 1784 3209 1833 Herr Leo Hirschfeld verneint, Dr. Wertheimer Ich habe Fränkel Manches
217 1795 3266 1906 Heinrich Friedl. Derselbe gibt an, Friedmann sei am Tage des Attentates aufgefordert zu haben, mitzugehen, nicht wahr war, weil ich was
213 1837 2897 1925 an dem Tage sehr aufgeregt in das Café Glattauer weil Kraus geprügelt wurde und ihm „Feigling" zugerufen kehrt mit Kraus.
210 1864 1303 1921 gekommen und habe gesagt: Heinrich, ich bin heut
1323 1894 2424 1940 habe, als Wertheimer ablehnte. Herr Dr. Wert¬
236 1909 1303 1955 sehr aufgeregt. (Stürmische Heiterkeit.) — Richter
2531 1887 3240 1982 Dr. Baumgarten (zu Bauer)
1323 1928 2416 1982 heimer hat sich nun zur Zeugenschaft angeboten und is
213 1948 1296 1993 Kennen Sie die fünf Herren hier? — Zeuge: Dem Name
2443 1944 3243 2009 Sie später doch den Bericht aufgenommen,
213 1970 2416 2024 nach nicht, denn die Persönlichkeiten gehören nicht zu meinem hier. — Der staatsanwaltschaftliche Functionär spricht sich da
1334 1989 3259 2081 gegen aus, weil Leo Hirschfeld nicht unter Anklagemann schrieb: — Bauer: Ich bitte, n
210 2024 777 2077 Rayon. (Neuerliche Heiterkeit.)
800 2028 1311 2085 — Richter: Haben Sie
2432 2031 3171 2085 auch einen Bericht über einen Mord.
1326 2047 2237 2123 stehe. Der Richter lehnt auch den Beweisantrag ab.
210 2066 1311 2119 nichts von einer Verabredung gegen den Herrn Kraus
2439 2077 3259 2123 garten: Ja, aber doch nicht von
1422 2085 2420 2146 Moriz Baumfeld (1), Chefredacteur der „Neuen
225 2104 1231 2153 gehört, die in Ihrem Kaffeehause abgehalten wurde
2439 2111 3259 2161 (Stürmische Heiterkeit.) Damit war die Vernehn
221 2111 1303 2188 Zeuge (zögernd): Ja, daß es sich um die „Fackel" handelt
1326 2130 3266 2203 Montagszeitung", wird von Dörmann als Alibizeuge dessen theatralische Haltung während seiner Be¬
1326 2172 2409 2230 geführt. Derselbe sagt in einer Weise aus, daß er mehrmal
221 2176 1303 2222 hab' ich gewußt; ich sagte auch noch, man sollte es den
2439 2191 3255 2245 komischesten Eindruck machte, beendigt und
1326 2211 2413 2264 laute Heiterkeitsausbrüche hervorruft. Während die An¬
210 2218 1303 2283 Herrn Kraus sagen. Aber diese fünf Herren waren es nicht
2432 2233 3022 2291 Hermann Bahr einvernommen.
1326 2252 2420 2302 geklagten behaupten, sie hätten Dörmann beim Mozart¬
213 2252 648 2321 die sich besprochen haber
2527 2245 3266 2329 Derselbe, 35 Jahre alt, zu Linz geboren, et
313 2272 2409 2336 Von großer Wichtigkeit ist die Aussage des Schriftstellers Denkmal getroffen, als derselbe von Hietzing kam, worauf e
2432 2291 3262 2355 los Herausgeber der „Zeit", gibt an, er sein
1326 2332 2409 2378 mit ihnen in's Café gegangen sei, behauptet Baumfeld
213 2325 1303 2382 Fritz Schick, 41 Jahre alt, katholisch, welcher mit Krau
2432 2348 3259 2397 beleidigung mit 25 fl. und wegen ein
1326 2371 2397 2424 Dörmann sei um diese Zeit aus dem „Café Glattaue¬
221 2374 1303 2420 plauderte, als der Angriff erfolgte. Er sei, so erzählt de
2439 2386 3259 2439 Briefes, an Kraus gerichtet, zu 5 fl. v.
210 2401 1521 2462 Zeuge, im „Imperial“ gesessen, als Kraus zu ihm kam gekommen.
2527 2420 3270 2474 Richter: Sie sollen, Herr Zeuge, de
1422 2416 2409 2496 Der Jude Felix Salzmann (Schriftstellername Feli¬
221 2451 1303 2500 und sich zu ihm setzte. Plötzlich schaute Jemand zur Thür
2432 2439 3266 2519 Friedmann gerathen haben, Herrn Kr.
1323 2458 2413 2538 Salten) gibt an, er sei bereits vorbestraft. Er hab¬
221 2493 1303 2542 herein und Kraus rief: Das ist eine Griensteidl
2435 2500 3217 2550 wort auf seinen Artikel zu prügeln? —
1323 2527 2409 2573 nämlich einmal den heutigen Privatbetheiligten geohrfeig
221 2523 812 2595 Gestalt! (Lebhafte Heiterkeit.)
2435 2542 3251 2595 Gegentheil ist wahr. Ich habe, als Fried
320 2542 1307 2615 Fünfundzwanzig Minuten später öffneten mehrere Herren
1326 2565 3228 2634 (Stürmische Heiterkeit.) Zeuge gibt an, daß Kraus stets verzweifelt zu mir kam, gesagt: Hier gibt
210 2603 1296 2653 die Thüre und schritten direct auf Kraus zu. Im nächste
1326 2607 3255 2691 einen Schlagring bei sich trage und er Kraus in Hietzing als ein neues Stückschreiben u
1326 2641 2226 2698 gesehen habe, und zwar gegen halb 12 Uhr Nachts
217 2641 1303 2691 Moment spielte sich die schon mehrmals geschilderte Scene ab
2428 2656 3281 2706 Stück besser zu machen. (Heiterke
1422 2668 2409 2748 Dr. Baumgarten stellt neuerdings den Antrag
225 2683 1300 2729 Er (Zeuge habe seinen Schlagring gezogen, und Fried
2435 2698 3255 2763 hier persönlich immer auf dem Sta
210 2721 1296 2771 mann einen Schlag versetzt, doch habe ihn Herr Hand
1326 2702 3259 2786 Dr. Wertheimer einzuvernehmen, da dieser über den ritterlichen Satisfaction. An der war
210 2759 1303 2809 zurückgehalten mit den Worten: „Mischen Sie sich
1323 2756 3266 2839 Aufenthalt Dörmann's aussagen könne. Der Antrag wird zu denken. Friedmann erwiderte, au
213 2797 1296 2847 nicht hinein, es geht Sie nichts an." Der Zeug
1323 2797 3266 2870 diesmal zugelassen. Dr. Wertheimer (!) sagt aus, er denkeich nicht (Heiterkeit), ich muß in
1326 2836 2409 2889 habe gegen 12 Uhr Nachts Dörmann und Hirsch
213 2839 1300 2889 bleibt gegenüber allen Fragen der Vertheidigung bestimm
2428 2855 3247 2904 antwortete ihm: Lieber Friedmann, sei
210 2877 1300 2935 dabei, daß sich im Moment der That mehr Herren um der
1330 2877 3205 2931 feld in einer Ecke des Kaffeehauses sitzen gesehen. Auf der ein einzigesmal originel
210 2916 1132 2969 Tisch gruppirt hatten als die Angeklagten behaupten
1326 2912 3266 2980 Straße sagte ihm dann einer derselben: Jetzt wird Leben. Man wird einfach sagen, Sie ha
313 2942 1300 3003 Staatsanwaltschaftlicher Functionär
1323 2950 3259 3019 Kraus — geprügelt! Zeuge gibt jedoch zu, daß nachgemacht. Bedenken Sie doch auch, welche
221 2973 3266 3049 Sie sagen also, ohne die Herren Handl, Stößler und möglicherweise Dörmann erst nach ihm in's Kaffeehaus Sie diesem Menschen machen. Friedmann
213 3034 1300 3083 Kahane waren mindestens drei Personen anwesend? -
1323 3038 3262 3106 gekommen sei. Ueber Befragen des Dr. Baumgarten nicht besänftigen. Ich stellte ihm vor, daß ich
1323 3068 2409 3114 deponirt derselbe, daß Dörmann und Hirschfeld
221 3064 1292 3125 Zeuge: Ja. — Dr. Neuda (zum Zeugen): Hier sitzen für
2432 3087 3236 3133 zwei Menschen in Wien, von Ehrenfeld
1323 3106 2405 3156 ihm mittheilten, Kraus sei im „Imperial“. Dr. Baum
210 3118 1300 3160 anständige Menschen, die behaupten, es seien nur zwei Herren
2432 3129 3259 3194 schaft“ und von Kraus angegriffen wu
221 3152 1303 3198 außer Friedmann dabei gewesen. Sie behaupten mit
1319 3152 3129 3221 garten constatirt, dies sei deshalb wichtig, weil daraus Carrière gemacht habe. Es war umsonst
217 3186 2409 3236 Friedmann seien es fünf bis sechs gewesen, so wie Sie es hervorgehe, daß Dörmann genau von aller
2515 3175 3255 3251 Dr. Baumgarten: Herr Richter,
1326 3224 2409 3278 Einzelheiten des Attentates unter
210 3232 1300 3274 in's „Neue Wiener Taglatt" gegeben haben. — Zeuge (ent
2428 3232 3262 3301 eine Frage an Herrn Bahr zu gestatten, w
1319 3259 1631 3320 richtet war.
210 3270 1296 3323 rüstet): Ich bitte mich nicht zu verdächtigen. I.
2428 3278 3266 3346 Begabung des Oskar Friedmann
217 3304 1300 3358 habe gar nichts in's „Tagblatt" gegeben. Ich habe nur gesagt
1422 3278 2409 3365 Es wird hierauf noch der Marqueur Werner von
2428 3316 3198 3384 Gerichtshof läßt diese Frage jedoch nicht zu.
210 3327 2401 3396 und das halte ich aufrecht, es standen fünf bis sechs Personen „Imperial“ vernommen, welcher bestätigt, daß sich Adle
2515 3346 3259 3407 Nunmehr wird Kraus als Privath
213 3384 3251 3449 bei dem Vorfall um mich herum. — Staatsanwalt, später entfernt habe als Friedmann. Er sagte, ich wußte vernommen. Derselbe ist 25 Jahre alt, mosa
221 3426 2096 3472 schaftlicher Functionär: Kamen mit Friedmann gar nicht, daß Adler dabei betheiligt war
2428 3430 3262 3483 Böhmen, geboren, antwortet auf die Frage, ob
210 3464 1296 3514 also mehr Personen herein, als gesagt wird? — Zeuge: Ja
1425 3464 3243 3522 Zeuge Felix Gerson, Oberingenieur, gibt an, er sei der Angeklagten verwandt sei, mit „Glück
210 3506 3259 3560 mindestens vier. — Staatsanwaltschaftlicher Func¬ erst auf den Schauplatz des Kampfes gekommen, als schon die nein". Er erzählt dann den Hergang
221 3541 2066 3586 tionär: Ich erbitte mir nunmehr die Beeidigung dieses „Autoren der Scene“ weggegangen waren
2428 3552 3243 3598 falles. Plötzlich sei in das Café, wo er
213 3579 945 3644 Zeugen. Der Zeuge wird sodann beeidet.
1414 3552 3262 3640 Dr. Baumgarten verlangte nun die Einver- im Gespräche stand, ein Rudel, eine Rotte vo
316 3590 3266 3670 Der nächste Zeuge, Versicherungsbeamter Gold- nahme eines Zeugen, welcher darüber aussagen soll, daß Griensteidlherkunft, an der Spitze Friedmann
217 3636 1300 3705 schmidt (!), der sich zur Zeit der That im Café „Imperial
1323 3663 3262 3708 Friedmann, als er seinerzeit für eine Broschüre über Letztere warf ihn auf's Sopha, gröhlte dabei et
210 3697 3274 3746 befand, schildert ebenfalls die Scene, kann sich aber nicht die Abschaffung der Censur mit einem Brief von Hermann articulirte Laute aus und mißhandelte ihn. Ehe
210 3731 1300 3785 erinnern, wie viele Personen eingedrungen seien. Er wollt
1326 3735 3259 3788 Bahr die Druckkosten bezahlen sollte, dem Drucker erklärt Zeit und Ort klar werden konnte, war das R
225 3773 3270 3823 Polizei holen, wurde aber von Stößler zurückgehalten mit hatte: „Mit mir können Sie gar nichts schwunden. Kraus gab an, vier Tage betti
210 3807 2405 3861 den Worten: „Friedmann geht selbst zur Polizei, machen, ich bin noch nicht großjährig." (Be¬
2428 3823 3251 3884 zu sein. — Staatsanw.: Sie geben zu,
213 3853 1303 3914 Lesen Sie die „Fackel“, wenn Sie wissen wollen
1326 3857 3270 3903 wegung!) Dr. Neuda sprach sich dagegen aus, und der daß Sie Herrn Friedmann angegriffen
213 3887 789 3956 um was es sich handelt.
1323 3891 3262 3941 Gerichtshof lehnte die Zeugen Pechmüller und Frisch Kraus: Nein, das gebe ich nicht zu. Ich hal
309 3903 1475 3983 Der Musiker Schönberger hörte an dem kritischen auch ab¬
2413 3929 3266 3979 typischen Fall Kraus die Wiener Theaterverlotte
217 3956 1300 4017 Tage im „Café Glattauer" zu, wie auf der Seite der
1422 3941 3266 4028 Es wurde nun zur Einvernahme der letzten Serie von luderung gegeißelt. — Dr. Neuda: Ihr Arti¬
217 4006 1300 4059 „Louis die Angeklagten das Attentat besprachen. Er sagt
1326 3987 1654 4074 Zeugen geschritten.
2420 4013 3243 4059 einer Notiz aus dem Amtsblatt der „Wiener
210 4048 1311 4116 das ganze Kaffeehaus war in Aufregung. Adler wurde beauf¬
1410 4021 3266 4112 Ein gewisser Fränkl, evangelisch, soll darüber aus sagen da, daß Friedmann wegen gerich
