<?xml version="1.0" encoding="UTF-8" standalone="yes"?>
<PcGts xmlns="http://schema.primaresearch.org/PAGE/gts/pagecontent/2013-07-15" xmlns:xsi="http://www.w3.org/2001/XMLSchema-instance" xsi:schemaLocation="http://schema.primaresearch.org/PAGE/gts/pagecontent/2013-07-15 http://schema.primaresearch.org/PAGE/gts/pagecontent/2013-07-15/pagecontent.xsd">
    <Metadata>
        <Creator>prov=READ-COOP:name=PyLaia@TranskribusPlatform:version=2.12.1:model_id=39995:lm=provided:date=29_03_2024_17:56</Creator>
        <Created>2019-10-07T20:40:01.838+02:00</Created>
        <LastChange>2024-03-29T17:56:09.560+01:00</LastChange>
        <TranskribusMetadata docId="224465" pageId="9580931" pageNr="171" tsid="156506658" status="IN_PROGRESS" userId="40391" imgUrl="https://files.transkribus.eu/Get?id=FZGJIFEULNBDFBTTWTCTDQYX&amp;fileType=view" xmlUrl="https://files.transkribus.eu/Get?id=AZXSWZEQFERXFNLLCOVKFCEV" imageId="6208805"/>
    </Metadata>
    <Page imageFilename="224465_0171.jpeg" imageWidth="3344" imageHeight="4384">
        <ReadingOrder>
            <OrderedGroup id="ro_1712662347317" caption="Regions reading order">
                <RegionRefIndexed index="0" regionRef="tr_1"/>
                <RegionRefIndexed index="1" regionRef="tr_2"/>
                <RegionRefIndexed index="2" regionRef="tr_3"/>
                <RegionRefIndexed index="3" regionRef="tr_4"/>
            </OrderedGroup>
        </ReadingOrder>
        <TextRegion orientation="0.0" id="tr_1" custom="readingOrder {index:0;}">
            <Coords points="182,162 182,318 316,318 316,162"/>
            <TextLine id="tr_1_tl_1" custom="readingOrder {index:0;}">
                <Coords points="177,286 191,292 211,285 218,290 254,289 283,275 294,285 314,282 313,234 294,234 260,210 243,205 227,211 209,199 195,205 175,201"/>
                <Baseline points="182,262 208,262 235,262 262,262 289,264 316,268"/>
                <TextEquiv>
                    <Unicode>13.</Unicode>
                </TextEquiv>
            </TextLine>
            <TextEquiv>
                <Unicode></Unicode>
            </TextEquiv>
        </TextRegion>
        <TextRegion orientation="0.0" id="tr_2" custom="readingOrder {index:1;}">
            <Coords points="385,166 385,336 1048,336 1048,166"/>
            <TextLine id="tr_2_tl_1" custom="readingOrder {index:0;}">
                <Coords points="380,307 509,287 914,313 1046,298 1045,226 930,211 881,235 713,198 530,227 378,200"/>
                <Baseline points="385,268 418,266 451,266 484,268 517,268 550,266 583,266 617,269 650,273 683,272 716,272 749,274 782,271 815,271 849,270 882,268 915,271 948,271 981,275 1014,283 1048,286"/>
                <TextEquiv>
                    <Unicode>nous</Unicode>
                </TextEquiv>
            </TextLine>
            <TextEquiv>
                <Unicode></Unicode>
            </TextEquiv>
        </TextRegion>
        <TextRegion orientation="0.0" id="tr_3" custom="readingOrder {index:2;}">
            <Coords points="1033,245 1033,3732 1753,3732 1753,245"/>
            <TextLine id="tr_3_tl_1" custom="readingOrder {index:0;}">
                <Coords points="1234,288 1290,274 1512,311 1557,308 1596,281 1671,288 1703,273 1703,220 1590,194 1508,226 1477,212 1421,247 1333,210 1285,226 1234,206"/>
                <Baseline points="1239,268 1264,268 1290,268 1316,268 1342,269 1368,271 1394,271 1420,271 1446,271 1472,272 1497,273 1523,274 1549,274 1575,272 1601,271 1627,271 1653,270 1679,269 1705,268"/>
                <TextEquiv>
                    <Unicode>box 44/10</Unicode>
                </TextEquiv>
            </TextLine>
            <TextLine id="tr_3_tl_2" custom="readingOrder {index:1;}">
                <Coords points="1064,972 1340,986 1496,954 1570,983 1676,976 1675,888 1063,884"/>
                <Baseline points="1069,964 1099,960 1129,958 1160,958 1190,960 1221,963 1251,967 1282,965 1312,965 1343,967 1373,965 1403,963 1434,961 1464,961 1495,963 1525,965 1556,967 1586,969 1617,970 1647,970 1678,967"/>
                <TextEquiv>
                    <Unicode>Wien 4.</Unicode>
                </TextEquiv>
            </TextLine>
            <TextLine id="tr_3_tl_3" custom="readingOrder {index:2;}">
                <Coords points="1058,1032 1748,1031 1728,972 1596,1002 1473,970 1397,998 1305,972 1058,973"/>
                <Baseline points="1063,1018 1097,1017 1131,1016 1166,1018 1200,1018 1234,1017 1269,1015 1303,1015 1337,1017 1372,1018 1406,1018 1440,1018 1475,1018 1509,1016 1543,1015 1578,1015 1612,1015 1646,1015 1681,1015 1715,1015 1750,1015"/>
                <TextEquiv>
                    <Unicode>Franz Servaes, „Wien“. Briefe</Unicode>
                </TextEquiv>
            </TextLine>
            <TextLine id="tr_3_tl_4" custom="readingOrder {index:3;}">
                <Coords points="1061,1071 1742,1084 1722,1027 1061,1032"/>
                <Baseline points="1066,1069 1099,1066 1133,1067 1167,1069 1201,1069 1235,1067 1269,1066 1303,1066 1337,1069 1371,1069 1405,1069 1438,1069 1472,1069 1506,1069 1540,1069 1574,1069 1608,1069 1642,1067 1676,1066 1710,1066 1744,1066"/>
                <TextEquiv>
                    <Unicode>an eine Freundin in Berlin, Buch¬</Unicode>
                </TextEquiv>
            </TextLine>
            <TextLine id="tr_3_tl_5" custom="readingOrder {index:4;}">
                <Coords points="1079,1221 1751,1224 1751,1185 1676,1170 1079,1168"/>
                <Baseline points="1084,1212 1117,1210 1150,1209 1184,1209 1217,1209 1251,1211 1284,1213 1318,1214 1351,1212 1385,1212 1418,1212 1451,1213 1485,1215 1518,1215 1552,1215 1585,1215 1619,1215 1652,1215 1686,1215 1719,1214 1753,1212"/>
                <TextEquiv>
                    <Unicode>schmuck von Hermine Heller=Oster¬</Unicode>
                </TextEquiv>
            </TextLine>
            <TextLine id="tr_3_tl_6" custom="readingOrder {index:5;}">
                <Coords points="1076,1272 1751,1276 1751,1224 1582,1243 1076,1223"/>
                <Baseline points="1081,1263 1114,1258 1148,1257 1181,1258 1215,1260 1249,1262 1282,1263 1316,1263 1349,1263 1383,1263 1417,1265 1450,1266 1484,1266 1517,1266 1551,1266 1585,1266 1618,1266 1652,1266 1685,1266 1719,1265 1753,1263"/>
                <TextEquiv>
                    <Unicode>setzer (Leipzig, Klinkhardt &amp; Vier¬</Unicode>
                </TextEquiv>
            </TextLine>
            <TextLine id="tr_3_tl_7" custom="readingOrder {index:6;}">
                <Coords points="1065,1318 1085,1319 1093,1311 1099,1315 1106,1311 1131,1324 1152,1323 1158,1317 1173,1323 1198,1320 1209,1315 1208,1274 1197,1274 1186,1265 1150,1279 1064,1278"/>
                <Baseline points="1069,1308 1097,1308 1125,1308 1153,1308 1181,1310 1209,1311"/>
                <TextEquiv>
                    <Unicode>mann).</Unicode>
                </TextEquiv>
            </TextLine>
            <TextLine id="tr_3_tl_8" custom="readingOrder {index:7;}">
                <Coords points="1100,1389 1155,1363 1528,1365 1605,1386 1749,1368 1748,1324 1649,1315 1526,1340 1436,1315 1099,1319"/>
                <Baseline points="1104,1361 1136,1357 1168,1358 1200,1361 1233,1358 1265,1358 1297,1358 1330,1358 1362,1360 1394,1361 1427,1361 1459,1361 1491,1363 1523,1364 1556,1364 1588,1364 1620,1364 1653,1364 1685,1364 1717,1364 1750,1364"/>
                <TextEquiv>
                    <Unicode>Es ist eine anmutige und wahr¬</Unicode>
                </TextEquiv>
            </TextLine>
            <TextLine id="tr_3_tl_9" custom="readingOrder {index:8;}">
                <Coords points="1076,1413 1730,1436 1735,1378 1549,1383 1520,1404 1336,1364 1273,1396 1157,1364 1075,1384"/>
                <Baseline points="1081,1397 1113,1401 1146,1404 1179,1407 1212,1409 1245,1409 1278,1410 1310,1412 1343,1412 1376,1412 1409,1412 1442,1412 1475,1417 1508,1418 1540,1417 1573,1415 1606,1415 1639,1415 1672,1415 1705,1415 1738,1415"/>
                <TextEquiv>
                    <Unicode>haftige Ergänzung zum Ba¬</Unicode>
                </TextEquiv>
            </TextLine>
            <TextLine id="tr_3_tl_10" custom="readingOrder {index:9;}">
                <Coords points="1067,1462 1739,1481 1739,1436 1461,1418 1401,1444 1319,1413 1181,1433 1066,1415"/>
                <Baseline points="1072,1457 1105,1457 1138,1457 1172,1458 1205,1460 1239,1458 1272,1458 1306,1460 1339,1460 1373,1460 1406,1461 1439,1463 1473,1463 1506,1463 1540,1463 1573,1463 1607,1463 1640,1463 1674,1464 1707,1467 1741,1469"/>
                <TextEquiv>
                    <Unicode>deker, die hier ein Rheinländer,</Unicode>
                </TextEquiv>
            </TextLine>
            <TextLine id="tr_3_tl_11" custom="readingOrder {index:10;}">
                <Coords points="1064,1514 1745,1521 1745,1483 1648,1492 1598,1470 1479,1491 1447,1470 1064,1468"/>
                <Baseline points="1069,1505 1102,1505 1136,1507 1170,1508 1204,1508 1238,1508 1272,1510 1306,1510 1340,1508 1374,1510 1408,1509 1441,1508 1475,1508 1509,1510 1543,1511 1577,1512 1611,1514 1645,1514 1679,1514 1713,1514 1747,1514"/>
                <TextEquiv>
                    <Unicode>der lange Jahre in Berlin ver¬</Unicode>
                </TextEquiv>
            </TextLine>
            <TextLine id="tr_3_tl_12" custom="readingOrder {index:11;}">
                <Coords points="1068,1567 1742,1575 1741,1529 1704,1521 1067,1514"/>
                <Baseline points="1072,1555 1105,1555 1139,1555 1172,1555 1206,1555 1240,1557 1273,1558 1307,1558 1340,1558 1374,1558 1408,1558 1441,1559 1475,1561 1508,1561 1542,1561 1576,1561 1609,1561 1643,1563 1676,1564 1710,1565 1744,1567"/>
                <TextEquiv>
                    <Unicode>bracht hat, über die österreichische</Unicode>
                </TextEquiv>
            </TextLine>
            <TextLine id="tr_3_tl_13" custom="readingOrder {index:12;}">
                <Coords points="1064,1617 1739,1622 1721,1571 1064,1563"/>
                <Baseline points="1069,1606 1102,1604 1136,1605 1169,1606 1203,1606 1237,1606 1270,1606 1304,1606 1337,1606 1371,1608 1405,1609 1438,1609 1472,1609 1505,1611 1539,1610 1573,1610 1606,1612 1640,1612 1673,1612 1707,1611 1741,1609"/>
                <TextEquiv>
                    <Unicode>Hauptstadt beibringt. Und dies drei¬</Unicode>
                </TextEquiv>
            </TextLine>
            <TextLine id="tr_3_tl_14" custom="readingOrder {index:13;}">
                <Coords points="1064,1664 1739,1672 1738,1631 1645,1616 1606,1640 1556,1618 1064,1629"/>
                <Baseline points="1069,1654 1102,1654 1136,1654 1169,1654 1203,1654 1237,1656 1270,1657 1304,1657 1337,1657 1371,1657 1405,1659 1438,1660 1472,1660 1505,1660 1539,1660 1573,1659 1606,1657 1640,1659 1673,1661 1707,1664 1741,1666"/>
                <TextEquiv>
                    <Unicode>eckige Verhältnis hat sein Gutes.</Unicode>
                </TextEquiv>
            </TextLine>
            <TextLine id="tr_3_tl_15" custom="readingOrder {index:14;}">
                <Coords points="1061,1709 1654,1730 1742,1719 1742,1672 1394,1665 1336,1690 1263,1663 1060,1663"/>
                <Baseline points="1066,1702 1099,1702 1133,1702 1167,1702 1201,1702 1235,1704 1269,1705 1303,1706 1337,1708 1371,1708 1405,1708 1438,1708 1472,1708 1506,1708 1540,1708 1574,1709 1608,1711 1642,1711 1676,1711 1710,1711 1744,1714"/>
                <TextEquiv>
                    <Unicode>Der Berliner gab die Sachlichkeit</Unicode>
                </TextEquiv>
            </TextLine>
            <TextLine id="tr_3_tl_16" custom="readingOrder {index:15;}">
                <Coords points="1067,1763 1739,1768 1724,1720 1649,1739 1433,1710 1389,1736 1067,1711"/>
                <Baseline points="1072,1750 1105,1752 1138,1753 1172,1753 1205,1753 1239,1753 1272,1754 1306,1755 1339,1755 1373,1755 1406,1755 1439,1755 1473,1755 1506,1755 1540,1756 1573,1758 1607,1758 1640,1758 1674,1758 1707,1759 1741,1764"/>
                <TextEquiv>
                    <Unicode>her, der Kölner die Wärme, der</Unicode>
                </TextEquiv>
            </TextLine>
            <TextLine id="tr_3_tl_17" custom="readingOrder {index:16;}">
                <Coords points="1068,1812 1742,1822 1741,1774 1718,1769 1067,1764"/>
                <Baseline points="1072,1800 1105,1800 1139,1800 1172,1801 1206,1803 1240,1801 1273,1800 1307,1801 1340,1803 1374,1803 1408,1803 1441,1804 1475,1806 1508,1806 1542,1806 1576,1807 1609,1809 1643,1809 1676,1809 1710,1810 1744,1812"/>
                <TextEquiv>
                    <Unicode>Wiener die hübsche Form. Nicht</Unicode>
                </TextEquiv>
            </TextLine>
            <TextLine id="tr_3_tl_18" custom="readingOrder {index:17;}">
                <Coords points="1058,1861 1620,1859 1702,1879 1737,1868 1736,1818 1431,1811 1367,1834 1057,1813"/>
                <Baseline points="1063,1851 1096,1851 1130,1851 1164,1851 1198,1851 1231,1853 1265,1854 1299,1854 1333,1854 1366,1854 1400,1854 1434,1854 1468,1854 1501,1856 1535,1857 1569,1857 1603,1857 1636,1857 1670,1859 1704,1860 1738,1860"/>
                <TextEquiv>
                    <Unicode>mit der Keule Kürnbergers trifft</Unicode>
                </TextEquiv>
            </TextLine>
            <TextLine id="tr_3_tl_19" custom="readingOrder {index:18;}">
                <Coords points="1052,1903 1739,1917 1739,1883 1622,1860 1565,1882 1495,1866 1469,1891 1297,1858 1219,1891 1163,1857 1125,1886 1052,1873"/>
                <Baseline points="1057,1899 1091,1899 1125,1899 1159,1900 1193,1902 1228,1904 1262,1903 1296,1902 1330,1902 1364,1902 1399,1902 1433,1903 1467,1905 1501,1905 1535,1905 1570,1905 1604,1906 1638,1908 1672,1908 1706,1908 1741,1908"/>
                <TextEquiv>
                    <Unicode>er die Schwächen der Rassen¬</Unicode>
                </TextEquiv>
            </TextLine>
            <TextLine id="tr_3_tl_20" custom="readingOrder {index:19;}">
                <Coords points="1052,1966 1739,1972 1738,1914 1478,1937 1445,1912 1375,1930 1288,1912 1252,1936 1051,1902"/>
                <Baseline points="1057,1950 1091,1950 1125,1950 1159,1950 1193,1950 1228,1950 1262,1950 1296,1951 1330,1953 1364,1953 1399,1953 1433,1953 1467,1953 1501,1956 1535,1956 1570,1956 1604,1957 1638,1959 1672,1959 1706,1960 1741,1962"/>
                <TextEquiv>
                    <Unicode>mischung, aber auch er trifft sie;</Unicode>
                </TextEquiv>
            </TextLine>
            <TextLine id="tr_3_tl_21" custom="readingOrder {index:20;}">
                <Coords points="1055,2003 1703,2026 1730,2014 1729,1969 1054,1965"/>
                <Baseline points="1060,2000 1093,1998 1127,1997 1160,1998 1194,2000 1228,2000 1261,2000 1295,2000 1328,2000 1362,2000 1396,2002 1429,2003 1463,2003 1496,2003 1530,2003 1564,2003 1597,2003 1631,2005 1664,2006 1698,2007 1732,2009"/>
                <TextEquiv>
                    <Unicode>nicht mit der liebkosenden Hand Hugo</Unicode>
                </TextEquiv>
            </TextLine>
            <TextLine id="tr_3_tl_22" custom="readingOrder {index:21;}">
                <Coords points="1061,2063 1733,2064 1732,2017 1060,2008"/>
                <Baseline points="1066,2048 1099,2048 1132,2048 1166,2049 1199,2051 1233,2051 1266,2051 1300,2051 1333,2051 1367,2051 1400,2051 1433,2051 1467,2051 1500,2051 1534,2052 1567,2054 1601,2054 1634,2056 1668,2057 1701,2057 1735,2057"/>
                <TextEquiv>
                    <Unicode>Wittmanns streichelt er die liebens¬</Unicode>
                </TextEquiv>
            </TextLine>
            <TextLine id="tr_3_tl_23" custom="readingOrder {index:22;}">
                <Coords points="1056,2108 1258,2101 1358,2132 1398,2109 1479,2132 1730,2115 1729,2080 1693,2063 1647,2098 1559,2064 1324,2059 1252,2088 1055,2061"/>
                <Baseline points="1060,2099 1093,2099 1127,2099 1160,2099 1194,2099 1228,2099 1261,2100 1295,2102 1328,2102 1362,2102 1396,2102 1429,2102 1463,2102 1496,2104 1530,2105 1564,2105 1597,2105 1631,2105 1664,2105 1698,2106 1732,2108"/>
                <TextEquiv>
                    <Unicode>würdigen Oberflächlichkeiten der</Unicode>
                </TextEquiv>
            </TextLine>
            <TextLine id="tr_3_tl_24" custom="readingOrder {index:23;}">
                <Coords points="1058,2160 1733,2163 1732,2129 1628,2115 1481,2134 1408,2111 1358,2132 1057,2107"/>
                <Baseline points="1063,2147 1096,2147 1130,2147 1163,2148 1197,2150 1231,2150 1264,2150 1298,2150 1331,2150 1365,2150 1399,2152 1432,2153 1466,2153 1499,2153 1533,2154 1567,2155 1600,2153 1634,2155 1667,2157 1701,2158 1735,2153"/>
                <TextEquiv>
                    <Unicode>Wiener Frau, aber auch er ge¬</Unicode>
                </TextEquiv>
            </TextLine>
            <TextLine id="tr_3_tl_25" custom="readingOrder {index:24;}">
                <Coords points="1052,2202 1736,2211 1736,2164 1052,2158"/>
                <Baseline points="1057,2197 1091,2197 1125,2197 1159,2197 1193,2197 1227,2197 1261,2199 1295,2200 1329,2200 1363,2200 1397,2200 1431,2201 1465,2203 1499,2203 1533,2203 1567,2203 1601,2203 1635,2203 1669,2203 1703,2204 1738,2206"/>
                <TextEquiv>
                    <Unicode>winnt ihr ästhetische Reize ab. Wie</Unicode>
                </TextEquiv>
            </TextLine>
            <TextLine id="tr_3_tl_26" custom="readingOrder {index:25;}">
                <Coords points="1061,2260 1733,2278 1732,2227 1678,2216 1555,2212 1526,2234 1456,2212 1060,2207"/>
                <Baseline points="1066,2251 1099,2249 1132,2248 1166,2248 1199,2248 1233,2248 1266,2248 1300,2248 1333,2248 1367,2248 1400,2249 1433,2251 1467,2251 1500,2251 1534,2252 1567,2254 1601,2254 1634,2254 1668,2254 1701,2254 1735,2254"/>
                <TextEquiv>
                    <Unicode>sein stellt er die beiden Aufgaben</Unicode>
                </TextEquiv>
            </TextLine>
            <TextLine id="tr_3_tl_27" custom="readingOrder {index:26;}">
                <Coords points="1055,2309 1730,2320 1736,2278 1321,2253 1277,2288 1194,2254 1054,2260"/>
                <Baseline points="1060,2302 1093,2298 1127,2296 1161,2296 1195,2296 1229,2298 1263,2299 1297,2298 1331,2296 1365,2298 1399,2299 1432,2299 1466,2299 1500,2301 1534,2302 1568,2302 1602,2302 1636,2302 1670,2304 1704,2306 1738,2308"/>
                <TextEquiv>
                    <Unicode>gegenüber: Berlin will werden,</Unicode>
                </TextEquiv>
            </TextLine>
            <TextLine id="tr_3_tl_28" custom="readingOrder {index:27;}">
                <Coords points="1061,2349 1227,2369 1543,2349 1731,2374 1730,2319 1698,2311 1541,2328 1492,2307 1226,2308 1181,2336 1061,2308"/>
                <Baseline points="1066,2344 1099,2344 1132,2345 1165,2347 1199,2347 1232,2347 1265,2347 1299,2348 1332,2350 1365,2350 1399,2350 1432,2350 1465,2350 1498,2350 1532,2348 1565,2353 1598,2353 1632,2353 1665,2353 1698,2353 1732,2353"/>
                <TextEquiv>
                    <Unicode>Wien soll bleiben! Mancher</Unicode>
                </TextEquiv>
            </TextLine>
            <TextLine id="tr_3_tl_29" custom="readingOrder {index:28;}">
                <Coords points="1058,2401 1677,2420 1733,2410 1733,2373 1057,2354"/>
                <Baseline points="1063,2395 1096,2395 1130,2397 1163,2397 1197,2395 1231,2395 1264,2395 1298,2396 1331,2398 1365,2398 1399,2398 1432,2398 1466,2398 1499,2400 1533,2400 1567,2399 1600,2401 1634,2401 1667,2402 1701,2404 1735,2404"/>
                <TextEquiv>
                    <Unicode>Tropfen Wermut perlt in dem</Unicode>
                </TextEquiv>
            </TextLine>
            <TextLine id="tr_3_tl_30" custom="readingOrder {index:29;}">
                <Coords points="1055,2458 1736,2463 1729,2410 1561,2429 1054,2403"/>
                <Baseline points="1060,2448 1093,2446 1127,2445 1161,2445 1195,2445 1229,2445 1263,2445 1297,2445 1331,2445 1365,2447 1399,2448 1432,2448 1466,2448 1500,2448 1534,2448 1568,2449 1602,2451 1636,2448 1670,2450 1704,2451 1738,2454"/>
                <TextEquiv>
                    <Unicode>zweiten Lebensbecher, aber Servaes</Unicode>
                </TextEquiv>
            </TextLine>
            <TextLine id="tr_3_tl_31" custom="readingOrder {index:30;}">
                <Coords points="1046,2509 1727,2515 1719,2460 1045,2456"/>
                <Baseline points="1051,2499 1084,2497 1118,2496 1152,2496 1186,2496 1220,2496 1254,2496 1288,2496 1322,2496 1356,2496 1390,2496 1423,2497 1457,2499 1491,2499 1525,2499 1559,2499 1593,2499 1627,2502 1661,2502 1695,2503 1729,2505"/>
                <TextEquiv>
                    <Unicode>zeigt eben, wie köstlich das ist,</Unicode>
                </TextEquiv>
            </TextLine>
            <TextLine id="tr_3_tl_32" custom="readingOrder {index:31;}">
                <Coords points="1050,2556 1730,2554 1715,2512 1618,2524 1555,2499 1465,2521 1049,2510"/>
                <Baseline points="1054,2544 1087,2544 1121,2544 1155,2544 1189,2544 1223,2544 1257,2544 1291,2544 1325,2544 1359,2546 1393,2547 1426,2547 1460,2547 1494,2547 1528,2549 1562,2550 1596,2550 1630,2550 1664,2550 1698,2551 1732,2553"/>
                <TextEquiv>
                    <Unicode>was erhalten bleiben soll. Und</Unicode>
                </TextEquiv>
            </TextLine>
            <TextLine id="tr_3_tl_33" custom="readingOrder {index:32;}">
                <Coords points="1049,2606 1646,2602 1696,2621 1724,2613 1724,2570 1048,2555"/>
                <Baseline points="1054,2598 1087,2596 1121,2593 1154,2593 1188,2595 1222,2595 1255,2595 1289,2595 1322,2595 1356,2597 1390,2598 1423,2598 1457,2598 1490,2598 1524,2600 1558,2600 1591,2598 1625,2598 1658,2599 1692,2601 1726,2601"/>
                <TextEquiv>
                    <Unicode>ganz ohne Einschränkung gilt dieser</Unicode>
                </TextEquiv>
            </TextLine>
            <TextLine id="tr_3_tl_34" custom="readingOrder {index:33;}">
                <Coords points="1047,2647 1704,2661 1727,2656 1726,2613 1046,2605"/>
                <Baseline points="1051,2639 1084,2641 1118,2642 1152,2642 1186,2642 1220,2642 1254,2642 1288,2643 1322,2645 1356,2645 1390,2645 1423,2645 1457,2645 1491,2645 1525,2645 1559,2646 1593,2648 1627,2648 1661,2648 1695,2649 1729,2648"/>
                <TextEquiv>
                    <Unicode>Konservativismus nicht. Denn wenn</Unicode>
                </TextEquiv>
            </TextLine>
            <TextLine id="tr_3_tl_35" custom="readingOrder {index:34;}">
                <Coords points="1049,2706 1611,2698 1724,2718 1724,2655 1169,2670 1048,2648"/>
                <Baseline points="1054,2690 1087,2690 1121,2692 1154,2693 1188,2693 1222,2693 1255,2693 1289,2693 1322,2693 1356,2693 1390,2695 1423,2696 1457,2696 1490,2696 1524,2696 1558,2696 1591,2696 1625,2696 1658,2697 1692,2699 1726,2699"/>
                <TextEquiv>
                    <Unicode>auch etwa Hofmannsthals Kunst</Unicode>
                </TextEquiv>
            </TextLine>
            <TextLine id="tr_3_tl_36" custom="readingOrder {index:35;}">
                <Coords points="1043,2766 1194,2742 1259,2763 1730,2760 1729,2716 1663,2703 1515,2729 1413,2699 1205,2722 1042,2706"/>
                <Baseline points="1048,2744 1082,2742 1116,2741 1150,2741 1184,2741 1219,2741 1253,2741 1287,2741 1321,2741 1355,2744 1390,2744 1424,2744 1458,2744 1492,2747 1526,2747 1561,2747 1595,2747 1629,2747 1663,2747 1697,2747 1732,2747"/>
                <TextEquiv>
                    <Unicode>bedingt und abgeleitet, aus Ver¬</Unicode>
                </TextEquiv>
            </TextLine>
            <TextLine id="tr_3_tl_37" custom="readingOrder {index:36;}">
                <Coords points="1040,2811 1724,2807 1723,2768 1606,2774 1564,2752 1039,2763"/>
                <Baseline points="1045,2792 1079,2792 1113,2792 1147,2792 1181,2792 1215,2792 1249,2792 1283,2792 1317,2792 1351,2792 1385,2792 1419,2793 1453,2795 1487,2795 1521,2795 1555,2796 1589,2798 1623,2795 1657,2797 1691,2798 1726,2795"/>
                <TextEquiv>
                    <Unicode>gangenheiten auferbaut ist, wenn</Unicode>
                </TextEquiv>
            </TextLine>
            <TextLine id="tr_3_tl_38" custom="readingOrder {index:37;}">
                <Coords points="1043,2855 1477,2842 1723,2862 1722,2805 1043,2800"/>
                <Baseline points="1048,2840 1081,2840 1115,2840 1149,2840 1183,2840 1216,2840 1250,2840 1284,2840 1318,2840 1351,2840 1385,2840 1419,2840 1453,2840 1486,2842 1520,2843 1554,2843 1588,2843 1621,2843 1655,2845 1689,2846 1723,2846"/>
                <TextEquiv>
                    <Unicode>auch Schnitzlers Werk der energisch</Unicode>
                </TextEquiv>
            </TextLine>
            <TextLine id="tr_3_tl_39" custom="readingOrder {index:38;}">
                <Coords points="1040,2914 1088,2891 1724,2902 1724,2862 1674,2852 1040,2850"/>
                <Baseline points="1045,2887 1079,2887 1113,2887 1147,2887 1181,2887 1215,2887 1249,2889 1283,2889 1317,2887 1351,2890 1385,2888 1419,2888 1453,2890 1487,2893 1521,2891 1555,2891 1589,2893 1623,2893 1657,2893 1691,2894 1726,2896"/>
                <TextEquiv>
                    <Unicode>vorwärtsweisenden Kraft entbehrt</Unicode>
                </TextEquiv>
            </TextLine>
            <TextLine id="tr_3_tl_40" custom="readingOrder {index:39;}">
                <Coords points="1046,2943 1300,2939 1364,2962 1489,2942 1577,2963 1694,2957 1718,2917 1194,2893 1129,2914 1090,2891 1045,2910"/>
                <Baseline points="1051,2935 1084,2935 1117,2935 1151,2936 1184,2938 1218,2938 1251,2938 1285,2938 1318,2938 1352,2940 1385,2940 1418,2938 1452,2938 1485,2940 1519,2941 1552,2942 1586,2944 1619,2944 1653,2944 1686,2944 1720,2944"/>
                <TextEquiv>
                    <Unicode>und Klimts höchster Vorzug der</Unicode>
                </TextEquiv>
            </TextLine>
            <TextLine id="tr_3_tl_41" custom="readingOrder {index:40;}">
                <Coords points="1043,2991 1698,3010 1722,3004 1722,2962 1042,2945"/>
                <Baseline points="1048,2986 1081,2986 1115,2986 1149,2986 1183,2986 1216,2986 1250,2988 1284,2989 1318,2989 1351,2989 1385,2989 1419,2989 1453,2989 1486,2989 1520,2989 1554,2990 1588,2992 1621,2992 1655,2992 1689,2993 1723,2995"/>
                <TextEquiv>
                    <Unicode>Geschmack ist, so gibt's doch noch</Unicode>
                </TextEquiv>
            </TextLine>
            <TextLine id="tr_3_tl_42" custom="readingOrder {index:41;}">
                <Coords points="1043,3046 1722,3061 1722,3021 1643,2999 1043,3008"/>
                <Baseline points="1048,3037 1081,3035 1115,3034 1149,3035 1183,3037 1216,3037 1250,3037 1284,3037 1318,3037 1351,3037 1385,3037 1419,3037 1453,3037 1486,3039 1520,3040 1554,3040 1588,3040 1621,3040 1655,3042 1689,3043 1723,3040"/>
                <TextEquiv>
                    <Unicode>einen Charakter wie Karl Schön¬</Unicode>
                </TextEquiv>
            </TextLine>
            <TextLine id="tr_3_tl_43" custom="readingOrder {index:42;}">
                <Coords points="1043,3098 1715,3109 1706,3055 1043,3048"/>
                <Baseline points="1048,3084 1081,3084 1114,3085 1148,3086 1181,3084 1215,3084 1248,3084 1282,3085 1315,3087 1349,3085 1382,3084 1415,3085 1449,3087 1482,3087 1516,3087 1549,3087 1583,3087 1616,3089 1650,3090 1683,3090 1717,3090"/>
                <TextEquiv>
                    <Unicode>herr, den nur die Gegenwart küm¬</Unicode>
                </TextEquiv>
            </TextLine>
            <TextLine id="tr_3_tl_44" custom="readingOrder {index:43;}">
                <Coords points="1037,3139 1716,3149 1716,3108 1626,3096 1037,3109"/>
                <Baseline points="1042,3135 1075,3133 1109,3132 1143,3133 1177,3135 1210,3133 1244,3134 1278,3135 1312,3135 1345,3135 1379,3135 1413,3135 1447,3135 1480,3137 1514,3138 1548,3138 1582,3138 1615,3140 1649,3141 1683,3140 1717,3138"/>
                <TextEquiv>
                    <Unicode>mert und der mit der Anerbittlich¬</Unicode>
                </TextEquiv>
            </TextLine>
            <TextLine id="tr_3_tl_45" custom="readingOrder {index:44;}">
                <Coords points="1037,3193 1719,3205 1718,3151 1037,3146"/>
                <Baseline points="1042,3180 1075,3182 1109,3183 1143,3183 1177,3183 1211,3183 1245,3183 1279,3184 1313,3186 1347,3186 1381,3186 1414,3186 1448,3186 1482,3186 1516,3186 1550,3187 1584,3189 1618,3189 1652,3191 1686,3192 1720,3192"/>
                <TextEquiv>
                    <Unicode>keit des Naturgeschöpfes, das sich</Unicode>
                </TextEquiv>
            </TextLine>
            <TextLine id="tr_3_tl_46" custom="readingOrder {index:45;}">
                <Coords points="1032,3239 1718,3241 1694,3202 1031,3201"/>
                <Baseline points="1036,3231 1070,3231 1104,3233 1138,3234 1172,3234 1207,3232 1241,3233 1275,3234 1309,3234 1343,3237 1378,3235 1412,3234 1446,3234 1480,3237 1514,3237 1549,3237 1583,3237 1617,3237 1651,3237 1685,3238 1720,3237"/>
                <TextEquiv>
                    <Unicode>an Jours und Feuilletons niemals</Unicode>
                </TextEquiv>
            </TextLine>
            <TextLine id="tr_3_tl_47" custom="readingOrder {index:46;}">
                <Coords points="1034,3305 1222,3283 1709,3307 1717,3253 1033,3254"/>
                <Baseline points="1039,3282 1073,3282 1107,3282 1141,3282 1175,3282 1209,3282 1243,3282 1277,3283 1311,3285 1345,3285 1379,3285 1413,3285 1447,3285 1481,3285 1515,3285 1549,3286 1583,3288 1617,3288 1651,3288 1685,3290 1720,3296"/>
                <TextEquiv>
                    <Unicode>verlieren kann, seinen eigenen Weg</Unicode>
                </TextEquiv>
            </TextLine>
            <TextLine id="tr_3_tl_48" custom="readingOrder {index:47;}">
                <Coords points="1040,3339 1262,3332 1308,3352 1411,3332 1575,3364 1712,3353 1712,3307 1625,3298 1592,3323 1483,3292 1039,3299"/>
                <Baseline points="1045,3329 1078,3329 1111,3330 1145,3332 1178,3332 1212,3332 1245,3332 1279,3332 1312,3332 1346,3332 1379,3332 1412,3332 1446,3332 1479,3334 1513,3335 1546,3336 1580,3338 1613,3338 1647,3338 1680,3339 1714,3341"/>
                <TextEquiv>
                    <Unicode>und seine eigene Nahrung sucht.</Unicode>
                </TextEquiv>
            </TextLine>
            <TextLine id="tr_3_tl_49" custom="readingOrder {index:48;}">
                <Coords points="1034,3389 1714,3402 1697,3348 1616,3365 1262,3332 1034,3346"/>
                <Baseline points="1039,3380 1072,3380 1106,3380 1140,3380 1174,3380 1207,3380 1241,3380 1275,3380 1309,3380 1342,3382 1376,3383 1410,3383 1444,3383 1477,3383 1511,3385 1545,3386 1579,3386 1612,3386 1646,3386 1680,3387 1714,3389"/>
                <TextEquiv>
                    <Unicode>Servaes wird ihm gerecht; er hebt</Unicode>
                </TextEquiv>
            </TextLine>
            <TextLine id="tr_3_tl_50" custom="readingOrder {index:49;}">
                <Coords points="1037,3439 1712,3457 1695,3395 1037,3389"/>
                <Baseline points="1042,3431 1075,3429 1109,3430 1142,3431 1176,3431 1210,3431 1243,3431 1277,3431 1310,3431 1344,3431 1378,3431 1411,3431 1445,3431 1478,3433 1512,3434 1546,3434 1579,3434 1613,3436 1646,3437 1680,3438 1714,3443"/>
                <TextEquiv>
                    <Unicode>ihn unter die vier Repräsentanten,</Unicode>
                </TextEquiv>
            </TextLine>
            <TextLine id="tr_3_tl_51" custom="readingOrder {index:50;}">
                <Coords points="1034,3487 1715,3499 1715,3457 1648,3442 1173,3462 1034,3438"/>
                <Baseline points="1039,3479 1072,3479 1106,3479 1140,3479 1174,3479 1208,3479 1242,3479 1276,3480 1310,3482 1344,3482 1378,3482 1411,3482 1445,3482 1479,3482 1513,3484 1547,3484 1581,3483 1615,3487 1649,3486 1683,3487 1717,3488"/>
                <TextEquiv>
                    <Unicode>die er nennt, empor, und seine</Unicode>
                </TextEquiv>
            </TextLine>
            <TextLine id="tr_3_tl_52" custom="readingOrder {index:51;}">
                <Coords points="1037,3541 1713,3552 1691,3492 1037,3490"/>
                <Baseline points="1042,3529 1075,3527 1109,3526 1142,3527 1176,3529 1210,3529 1243,3529 1277,3529 1310,3529 1344,3531 1378,3532 1411,3532 1445,3532 1478,3532 1512,3532 1546,3533 1579,3535 1613,3533 1646,3533 1680,3535 1714,3535"/>
                <TextEquiv>
                    <Unicode>Würdigung hat hier einen bewun¬</Unicode>
                </TextEquiv>
            </TextLine>
            <TextLine id="tr_3_tl_53" custom="readingOrder {index:52;}">
                <Coords points="1028,3586 1434,3585 1434,3559 1357,3539 1332,3554 1230,3539 1196,3554 1127,3540 1072,3550 1053,3532 1028,3543"/>
                <Baseline points="1033,3577 1058,3577 1083,3577 1108,3577 1133,3577 1158,3577 1184,3578 1209,3580 1234,3580 1259,3580 1284,3580 1310,3580 1335,3580 1360,3580 1385,3580 1410,3580 1436,3580"/>
                <TextEquiv>
                    <Unicode>dernden Herzenston.</Unicode>
                </TextEquiv>
            </TextLine>
            <TextLine id="tr_3_tl_54" custom="readingOrder {index:53;}">
                <Coords points="1082,3641 1596,3635 1692,3660 1718,3652 1718,3603 1467,3582 1428,3603 1299,3585 1170,3605 1081,3586"/>
                <Baseline points="1087,3628 1118,3628 1150,3629 1181,3631 1213,3631 1245,3631 1276,3631 1308,3631 1340,3631 1371,3631 1403,3631 1435,3633 1466,3634 1498,3634 1530,3634 1561,3634 1593,3634 1625,3634 1656,3636 1688,3637 1720,3640"/>
                <TextEquiv>
                    <Unicode>Als ich wieder einmal einige</Unicode>
                </TextEquiv>
            </TextLine>
            <TextLine id="tr_3_tl_55" custom="readingOrder {index:54;}">
                <Coords points="1052,3716 1422,3733 1491,3721 1491,3685 1471,3682 1052,3682"/>
                <Baseline points="1057,3718 1082,3718 1108,3718 1133,3718 1159,3718 1185,3718 1210,3718 1236,3718 1262,3718 1287,3718 1313,3718 1339,3720 1364,3721 1390,3719 1416,3718 1441,3718 1467,3717 1493,3715"/>
                <TextEquiv>
                    <Unicode>1. September heft 1908</Unicode>
                </TextEquiv>
            </TextLine>
            <TextEquiv>
                <Unicode></Unicode>
            </TextEquiv>
        </TextRegion>
        <TextRegion orientation="0.0" id="tr_4" custom="readingOrder {index:3;}">
            <Coords points="1794,1193 1794,2429 2493,2429 2493,1193"/>
            <TextLine id="tr_4_tl_1" custom="readingOrder {index:0;}">
                <Coords points="1804,1229 2492,1237 2491,1178 2237,1207 2084,1172 1804,1176"/>
                <Baseline points="1809,1215 1843,1217 1877,1216 1911,1216 1945,1218 1980,1218 2014,1220 2048,1221 2082,1221 2116,1221 2151,1221 2185,1222 2219,1224 2253,1224 2287,1224 2322,1224 2356,1224 2390,1224 2424,1224 2458,1225 2493,1224"/>
                <TextEquiv>
                    <Unicode>Tage in Berlin war, empfand ich</Unicode>
                </TextEquiv>
            </TextLine>
            <TextLine id="tr_4_tl_2" custom="readingOrder {index:1;}">
                <Coords points="1804,1275 2482,1289 2488,1243 1803,1229"/>
                <Baseline points="1809,1266 1843,1266 1877,1266 1911,1267 1945,1269 1979,1269 2013,1269 2047,1269 2081,1269 2115,1271 2149,1272 2183,1272 2217,1272 2251,1272 2285,1272 2319,1273 2353,1275 2387,1275 2421,1275 2455,1275 2490,1272"/>
                <TextEquiv>
                    <Unicode>das Pflichtbewußtsein, das alle Ge¬</Unicode>
                </TextEquiv>
            </TextLine>
            <TextLine id="tr_4_tl_3" custom="readingOrder {index:2;}">
                <Coords points="1814,1332 2491,1332 2490,1292 2442,1281 2300,1301 2246,1278 1813,1278"/>
                <Baseline points="1818,1316 1851,1316 1885,1316 1919,1316 1953,1316 1986,1318 2020,1319 2054,1319 2088,1319 2121,1319 2155,1319 2189,1319 2223,1319 2256,1321 2290,1322 2324,1322 2358,1322 2391,1322 2425,1324 2459,1325 2493,1322"/>
                <TextEquiv>
                    <Unicode>schäftshäuser und Straßen erfüllt, so</Unicode>
                </TextEquiv>
            </TextLine>
            <TextLine id="tr_4_tl_4" custom="readingOrder {index:3;}">
                <Coords points="1807,1383 2491,1385 2491,1349 2447,1337 1807,1331"/>
                <Baseline points="1812,1367 1846,1367 1880,1367 1914,1367 1948,1367 1982,1367 2016,1367 2050,1368 2084,1370 2118,1370 2152,1370 2186,1370 2220,1370 2254,1370 2288,1370 2322,1371 2356,1373 2390,1373 2424,1373 2458,1372 2493,1370"/>
                <TextEquiv>
                    <Unicode>wohlig, daß mir Kant in Erinne¬</Unicode>
                </TextEquiv>
            </TextLine>
            <TextLine id="tr_4_tl_5" custom="readingOrder {index:4;}">
                <Coords points="1810,1426 2328,1439 2354,1421 2458,1442 2489,1433 2488,1386 2240,1401 2109,1376 2032,1402 1953,1375 1908,1404 1809,1380"/>
                <Baseline points="1815,1415 1848,1415 1882,1416 1916,1418 1950,1418 1983,1418 2017,1418 2051,1418 2085,1418 2118,1418 2152,1418 2186,1419 2220,1421 2253,1421 2287,1421 2321,1421 2355,1421 2388,1423 2422,1422 2456,1422 2490,1424"/>
                <TextEquiv>
                    <Unicode>rung kam und ich gerne etwas</Unicode>
                </TextEquiv>
            </TextLine>
            <TextLine id="tr_4_tl_6" custom="readingOrder {index:5;}">
                <Coords points="1807,1478 2487,1491 2486,1433 1807,1427"/>
                <Baseline points="1812,1466 1845,1464 1879,1464 1913,1466 1947,1466 1980,1466 2014,1466 2048,1466 2082,1466 2115,1468 2149,1469 2183,1469 2217,1469 2250,1469 2284,1471 2318,1471 2352,1469 2385,1471 2419,1472 2453,1472 2487,1472"/>
                <TextEquiv>
                    <Unicode>über die Asthetik der Pflicht nieder¬</Unicode>
                </TextEquiv>
            </TextLine>
            <TextLine id="tr_4_tl_7" custom="readingOrder {index:6;}">
                <Coords points="1807,1527 2483,1539 2482,1494 2439,1481 2312,1500 2181,1475 2133,1498 2059,1477 1807,1489"/>
                <Baseline points="1812,1517 1845,1517 1879,1516 1912,1514 1946,1514 1980,1516 2013,1517 2047,1517 2080,1517 2114,1517 2148,1517 2181,1518 2215,1520 2248,1520 2282,1520 2316,1520 2349,1520 2383,1522 2416,1523 2450,1523 2484,1523"/>
                <TextEquiv>
                    <Unicode>geschrieben hätte. Davon mag der</Unicode>
                </TextEquiv>
            </TextLine>
            <TextLine id="tr_4_tl_8" custom="readingOrder {index:7;}">
                <Coords points="1807,1571 2421,1590 2486,1585 2486,1540 2368,1557 2336,1534 1806,1527"/>
                <Baseline points="1812,1561 1845,1561 1879,1561 1913,1561 1947,1561 1980,1563 2014,1566 2048,1566 2082,1564 2115,1564 2149,1566 2183,1568 2217,1570 2250,1570 2284,1570 2318,1569 2352,1567 2385,1569 2419,1570 2453,1571 2487,1570"/>
                <TextEquiv>
                    <Unicode>Wiener nichts wissen, und wenn</Unicode>
                </TextEquiv>
            </TextLine>
            <TextLine id="tr_4_tl_9" custom="readingOrder {index:8;}">
                <Coords points="1798,1622 2480,1638 2479,1585 1798,1587"/>
                <Baseline points="1803,1612 1836,1612 1870,1613 1904,1615 1938,1615 1972,1615 2006,1615 2040,1615 2074,1615 2108,1615 2142,1617 2175,1618 2209,1618 2243,1618 2277,1620 2311,1621 2345,1621 2379,1621 2413,1621 2447,1621 2481,1621"/>
                <TextEquiv>
                    <Unicode>er dann und wann in die Nach¬</Unicode>
                </TextEquiv>
            </TextLine>
            <TextLine id="tr_4_tl_10" custom="readingOrder {index:9;}">
                <Coords points="1798,1677 2165,1667 2397,1691 2482,1673 2481,1635 1797,1624"/>
                <Baseline points="1803,1663 1837,1663 1871,1663 1905,1663 1939,1663 1973,1665 2007,1664 2041,1663 2075,1663 2109,1665 2143,1666 2177,1666 2211,1666 2245,1669 2279,1669 2313,1669 2347,1669 2381,1672 2415,1672 2449,1671 2484,1672"/>
                <TextEquiv>
                    <Unicode>hut der modernen Entwicklung ge¬</Unicode>
                </TextEquiv>
            </TextLine>
            <TextLine id="tr_4_tl_11" custom="readingOrder {index:10;}">
                <Coords points="1798,1729 1939,1714 2358,1741 2479,1729 2478,1684 1797,1685"/>
                <Baseline points="1803,1714 1836,1714 1870,1714 1904,1713 1938,1711 1972,1713 2006,1714 2040,1715 2074,1717 2108,1715 2142,1716 2175,1717 2209,1717 2243,1717 2277,1717 2311,1718 2345,1720 2379,1720 2413,1720 2447,1720 2481,1717"/>
                <TextEquiv>
                    <Unicode>rät, so liegt das wohl an der Ab¬</Unicode>
                </TextEquiv>
            </TextLine>
            <TextLine id="tr_4_tl_12" custom="readingOrder {index:11;}">
                <Coords points="1798,1771 2409,1785 2479,1773 2478,1728 1797,1729"/>
                <Baseline points="1803,1761 1836,1761 1870,1761 1904,1762 1938,1764 1972,1764 2006,1764 2040,1764 2074,1764 2108,1764 2142,1764 2175,1765 2209,1767 2243,1767 2277,1767 2311,1767 2345,1767 2379,1767 2413,1769 2447,1770 2481,1767"/>
                <TextEquiv>
                    <Unicode>neigung gegen das nüchterne Ziel¬</Unicode>
                </TextEquiv>
            </TextLine>
            <TextLine id="tr_4_tl_13" custom="readingOrder {index:12;}">
                <Coords points="1795,1817 2480,1828 2479,1790 2447,1780 1795,1772"/>
                <Baseline points="1800,1806 1834,1808 1868,1811 1902,1811 1936,1809 1970,1811 2004,1812 2038,1812 2072,1812 2106,1814 2140,1815 2174,1815 2208,1815 2242,1818 2276,1818 2310,1818 2344,1818 2378,1818 2412,1818 2446,1819 2481,1824"/>
                <TextEquiv>
                    <Unicode>bewußtsein. Noch in keinem Buche</Unicode>
                </TextEquiv>
            </TextLine>
            <TextLine id="tr_4_tl_14" custom="readingOrder {index:13;}">
                <Coords points="1801,1871 2476,1884 2463,1832 1800,1823"/>
                <Baseline points="1806,1860 1839,1858 1873,1858 1906,1860 1940,1860 1974,1862 2007,1863 2041,1863 2074,1863 2108,1863 2142,1863 2175,1863 2209,1863 2242,1865 2276,1866 2310,1866 2343,1866 2377,1866 2410,1867 2444,1870 2478,1875"/>
                <TextEquiv>
                    <Unicode>ist es gelungen, die Seele Wiens,</Unicode>
                </TextEquiv>
            </TextLine>
            <TextLine id="tr_4_tl_15" custom="readingOrder {index:14;}">
                <Coords points="1792,1921 2473,1935 2472,1885 2421,1876 1791,1868"/>
                <Baseline points="1797,1908 1830,1908 1864,1908 1898,1908 1932,1908 1966,1908 2000,1910 2034,1911 2068,1911 2102,1913 2136,1914 2169,1914 2203,1914 2237,1914 2271,1914 2305,1915 2339,1917 2373,1917 2407,1919 2441,1920 2475,1920"/>
                <TextEquiv>
                    <Unicode>des Wieners und des Österreichers</Unicode>
                </TextEquiv>
            </TextLine>
            <TextLine id="tr_4_tl_16" custom="readingOrder {index:15;}">
                <Coords points="1795,1966 2476,1980 2453,1930 1794,1923"/>
                <Baseline points="1800,1959 1833,1959 1867,1959 1901,1959 1935,1959 1969,1959 2003,1961 2037,1962 2071,1962 2105,1962 2139,1962 2172,1963 2206,1965 2240,1965 2274,1967 2308,1968 2342,1968 2376,1968 2410,1968 2444,1968 2478,1971"/>
                <TextEquiv>
                    <Unicode>mit ihrer Lust an Hemmungen und</Unicode>
                </TextEquiv>
            </TextLine>
            <TextLine id="tr_4_tl_17" custom="readingOrder {index:16;}">
                <Coords points="1798,2014 2411,2035 2473,2029 2473,1982 2295,1998 2264,1976 2055,1990 1938,1970 1894,1989 1797,1964"/>
                <Baseline points="1803,2009 1836,2007 1870,2006 1903,2007 1937,2009 1971,2009 2004,2009 2038,2009 2071,2009 2105,2009 2139,2010 2172,2012 2206,2012 2239,2014 2273,2015 2307,2015 2340,2015 2374,2015 2407,2016 2441,2018 2475,2018"/>
                <TextEquiv>
                    <Unicode>ihrer Unlust am Kampfe so ohne</Unicode>
                </TextEquiv>
            </TextLine>
            <TextLine id="tr_4_tl_18" custom="readingOrder {index:17;}">
                <Coords points="1801,2061 2449,2081 2476,2075 2475,2028 1800,2020"/>
                <Baseline points="1806,2057 1839,2057 1873,2057 1906,2057 1940,2057 1974,2059 2007,2060 2041,2060 2074,2060 2108,2060 2142,2060 2175,2061 2209,2063 2242,2063 2276,2064 2310,2066 2343,2066 2377,2066 2410,2066 2444,2067 2478,2069"/>
                <TextEquiv>
                    <Unicode>Voreingenommenheit abzuschildern</Unicode>
                </TextEquiv>
            </TextLine>
            <TextLine id="tr_4_tl_19" custom="readingOrder {index:18;}">
                <Coords points="1789,2111 2476,2123 2475,2088 2405,2075 1789,2071"/>
                <Baseline points="1794,2105 1828,2105 1862,2105 1896,2106 1930,2108 1965,2108 1999,2108 2033,2109 2067,2111 2101,2111 2136,2111 2170,2111 2204,2111 2238,2111 2272,2111 2307,2112 2341,2114 2375,2114 2409,2116 2443,2117 2478,2120"/>
                <TextEquiv>
                    <Unicode>wie hier. Aber nirgends wird dem</Unicode>
                </TextEquiv>
            </TextLine>
            <TextLine id="tr_4_tl_20" custom="readingOrder {index:19;}">
                <Coords points="1792,2161 2469,2186 2478,2137 1791,2121"/>
                <Baseline points="1797,2156 1831,2154 1865,2153 1899,2154 1933,2156 1968,2156 2002,2158 2036,2159 2070,2159 2104,2159 2139,2161 2173,2162 2207,2162 2241,2162 2275,2164 2310,2164 2344,2163 2378,2165 2412,2167 2446,2171 2481,2174"/>
                <TextEquiv>
                    <Unicode>Norddeutschen der Mund so wässerig</Unicode>
                </TextEquiv>
            </TextLine>
            <TextLine id="tr_4_tl_21" custom="readingOrder {index:20;}">
                <Coords points="1789,2221 2077,2207 2457,2233 2469,2183 1788,2176"/>
                <Baseline points="1794,2206 1827,2204 1861,2204 1895,2206 1929,2206 1963,2206 1997,2206 2031,2206 2065,2206 2099,2208 2133,2209 2166,2209 2200,2209 2234,2211 2268,2212 2302,2213 2336,2215 2370,2215 2404,2215 2438,2217 2472,2218"/>
                <TextEquiv>
                    <Unicode>gemacht nach Wiens Schönheiten,</Unicode>
                </TextEquiv>
            </TextLine>
            <TextLine id="tr_4_tl_22" custom="readingOrder {index:21;}">
                <Coords points="1795,2264 2431,2283 2474,2272 2474,2235 1794,2224"/>
                <Baseline points="1800,2254 1833,2254 1867,2254 1901,2254 1935,2254 1968,2254 2002,2256 2036,2257 2070,2257 2103,2257 2137,2259 2171,2260 2205,2260 2238,2262 2272,2263 2306,2263 2340,2263 2373,2265 2407,2266 2441,2268 2475,2272"/>
                <TextEquiv>
                    <Unicode>und ich denke, die Brücke müsse</Unicode>
                </TextEquiv>
            </TextLine>
            <TextLine id="tr_4_tl_23" custom="readingOrder {index:22;}">
                <Coords points="1793,2311 2424,2326 2467,2322 2466,2280 1792,2273"/>
                <Baseline points="1797,2302 1830,2304 1864,2305 1897,2305 1931,2305 1965,2305 1998,2306 2032,2308 2065,2308 2099,2308 2133,2308 2166,2309 2200,2311 2233,2311 2267,2311 2301,2312 2334,2314 2368,2314 2401,2314 2435,2315 2469,2317"/>
                <TextEquiv>
                    <Unicode>nun geschlagen sein, die den Ver¬</Unicode>
                </TextEquiv>
            </TextLine>
            <TextLine id="tr_4_tl_24" custom="readingOrder {index:23;}">
                <Coords points="1790,2364 2336,2383 2470,2374 2469,2329 1788,2313"/>
                <Baseline points="1794,2356 1827,2354 1861,2353 1895,2353 1929,2353 1963,2355 1997,2356 2031,2357 2065,2359 2099,2359 2133,2359 2166,2359 2200,2359 2234,2361 2268,2362 2302,2363 2336,2365 2370,2365 2404,2365 2438,2365 2472,2368"/>
                <TextEquiv>
                    <Unicode>liner voll guter Erwartung zu uns</Unicode>
                </TextEquiv>
            </TextLine>
            <TextLine id="tr_4_tl_25" custom="readingOrder {index:24;}">
                <Coords points="1789,2426 1985,2417 2047,2440 2278,2413 2321,2441 2358,2419 2471,2444 2469,2377 2446,2372 2278,2394 2166,2369 2105,2396 2048,2365 1788,2363"/>
                <Baseline points="1794,2407 1827,2405 1861,2404 1895,2405 1929,2407 1963,2407 1997,2409 2031,2410 2065,2410 2099,2412 2133,2412 2166,2412 2200,2412 2234,2412 2268,2412 2302,2413 2336,2415 2370,2418 2404,2416 2438,2416 2472,2415"/>
                <TextEquiv>
                    <Unicode>herübergeleitet. Ferd. Gregori</Unicode>
                </TextEquiv>
            </TextLine>
            <TextEquiv>
                <Unicode></Unicode>
            </TextEquiv>
        </TextRegion>
    </Page>
</PcGts>
