3344 4352
191 203 364 294 13.
1238 193 1723 301 b 44/10
394 196 1070 313 s
963 898 1056 984 766
960 995 2324 1061 es wird indirekt dem Denken eine höhere Macht als bisher eingeräumt,
967 1053 2331 1121 da es dann die Fähigkeit hat, unter den „gegebenen Empfindungen
967 1105 1951 1163 auszuwählen, was seinen eigenen Zwecken entspricht.
1077 1140 2327 1217 Kurz, Kant landet in Widersprüchen und Dualismus. Seine Ge¬
967 1196 2327 1270 dankenentwicklung zeigt ihm überall ein Zweifaches, das sich nicht anders
970 1249 2334 1317 löst, als indem er das eine dem andern mit Schärfe zu unterwerfen
963 1299 2333 1357 versucht. Aber vergeblich; es bleibt ein Zwiespalt. Kant leugnet nicht
963 1348 2333 1401 die Einheit der Welt, nicht die Einheit des Menschen, nicht die Einheit
963 1394 2222 1452 des Denkens, nicht die Einheit des Handelns, aber er postuliert -
970 1441 2333 1515 ziehungsweise beweist — einen inneren Widerspruch in diesen. Ein
975 1510 2329 1566 Höheres und ein Niederes steckt darin; das Höhere ist aber immer das,
963 1545 2333 1601 was sich nicht dem Denken, sondern der Intuition erschließt. So zerfällt
970 1594 2334 1651 die Welt in die höhere Welt der Dinge-an-sich und in die niedere Welt
972 1641 2333 1702 der Erscheinung. Das menschliche Geisteswesen in die höhere praktische
979 1692 2336 1760 Vernunft und die niedere theoretische Vernunft; die theoretische Vernunft
970 1742 2334 1807 wieder in die höhere Vernunft der Vernunftideen und die niedere des
970 1790 2338 1862 bloßen Verstandes; und in der praktischen Vernunft siegt das freie „Ich
972 1842 2329 1907 muß über das niedere, unfreie „Ich möchte", die moralische Selbst¬
979 1895 2338 1961 überwindung über die niedere unmoralische Natürlichkeit. Trotzdem aber
979 1939 2334 2002 verzichtet Kant nicht auf die Annahme einer All=Einheit. Aber da er
979 1986 2343 2047 den anscheinenden Widerspruch von Zeitlichkeit und Ewigkeit, von endlich
975 2040 2341 2109 und unendlich, von frei und bedingt, kurz, die Zweiheit von Ich und
979 2093 2336 2151 a priori ohne nähere Untersuchung ihres inneren Verhältnisses als „trans¬
975 2138 2340 2200 zendentale Apperzeption" an die Spitze seines Systems gestelt hat, so
975 2186 2348 2242 kann er nur in gelegentlichen Bemerkungen von der Möglichkeit und
981 2233 2345 2301 Wahrscheinlichkeit einer höheren Einheit, in der sich alle Widersprüche
981 2292 1254 2366 lösen, sprechen.
1870 2282 2308 2378 Marie Joachimi=Dege.
946 2431 2352 2531 Hugo von Hofmannsthal, Artur Schnitzler, Karl
1040 2496 1341 2580 Schönherr.
1098 2546 2350 2643 Das prächtige Buch über Wien und die Wiener, aus dem wir heute einen
975 2620 2354 2690 Abschnitt zitieren, wurde in der „Wage“ bereits angezeigt.") Es ist damals die
981 2672 2359 2734 charakteristische und sympathische Art hervorgehoben worden, mit der der Autor, ein
984 2723 2345 2791 geübter Kenner und seiner Beobachter der deutschen Kultur, von der Seele Wiens,
981 2767 2350 2834 von der Geschichte und dem Aufbau der Stadt spricht, von der Rasse, dem Talent,
984 2816 2350 2879 dem Charakter, den Wiener Frauen, kurz von allem, was der Kaiserstadt und ihren
986 2865 2354 2926 Bewohnern spezifisch eigentümlich ist. Einen intimen Reiz verleiht dem Buch der
984 2914 2357 2975 Umstand, daß der Verfasser, ein gebürtiger reichsdeutscher, der aber, wie vielen
981 2965 2350 3031 bekannt, seit Jahren den kunstkritischen Schriftstellerberuf in Wien ausübt, seinen
986 3014 2350 3077 Schilderungen die Briefform gab und eine Berliner Dame als Adressatin erwählte.
981 3066 2361 3136 Dadurch erhält diese Studie einen pikanten Beigeschmack und — aus begreiflicher
989 3108 2359 3177 Galanterie gegen die Empfängerin der vierzehn Briefe — das Gepräge, als ob hier
986 3158 2359 3233 alles vom Cichtspunkte Berlins aus betrachtet worden sei. Dem Briefe „Vier
981 3212 2359 3271 Repräsentanten" entnehmen wir bloß des Autors Ausführungen über die drei Wiener
979 3259 2357 3329 typischen Literaten von Hofmannsthal, Schnitzler und Schönherr. Der in dem Briefe
2198 3312 2313 3368 D. R.
981 3313 1769 3399 bezeichnete vierte Repräsentant ist Gustav Klimt.
1107 3366 2357 3443 *) Siehe „Die Wage“ Nr. 25, vom 20. Juni 1908, Bücherschau: „Wien,
986 3434 2359 3506 Briefe an eine Freundin in Berlin.“ Von Franz Servaes. Leipzig, Klinkhardt
981 3483 1245 3550 & Biermann.
