3344 4352
1514 369 2227 474 Schweizer Illustrierte Zeitung
1186 626 1871 717 zierte ferner „Die magische Laterne" und
1925 658 2614 723 gemeine Beachtung fanden. Auch der
1186 708 1875 767 „Adams Hochzeitsfeier". Seine Jobsiade
1929 715 2614 782 vielgenannte Frank Thieß ist Arzt, ebenso
1193 760 1875 810 nahm Wilhelm Busch als Vorlage für
1927 760 2609 815 wie A. de Nora, der den „Madonnen¬
1186 808 1871 873 seine eigene Humoreske gleichen Namens,
1927 815 2614 869 zyklus „Das lockende Blut" und „Das
1184 860 1879 919 „Kinderlieder“ von unvergänglichem
1931 860 2614 917 Ende der Marquise“ geschrieben hat.
1191 908 1875 960 Scharm hat uns der Arzt Löwenstein
1931 917 2620 967 Der Elfässer Albert Schweitzer ist nicht
1191 949 1875 1017 gegeben. Seinen Kollegen Max Ring
1925 965 2614 1034 nur ein hervorragender Arzt und Musi¬
1188 1008 1873 1067 kannte seinerzeit ganz Berlin. Er schrieb
1925 1010 2614 1082 ker, sondern ein ebenso hervorragender
1191 1058 1862 1119 verschiedene Lustspiele, die zahllose Auf¬
1923 1062 2605 1110 Autor, dem im Jahre 1929 der Goethe¬
1186 1108 1868 1169 führungen erlebten, und entzückte die Be¬
1925 1114 2611 1171 Preis zuerkannt wurde. Gegenwärtig
1186 1160 1868 1210 wohner der Spreestadt durch seine lau¬
1923 1156 2605 1221 lenkt der Berliner Nervenarzt Alfred
1191 1208 1862 1286 nigen „Stadtgeschichten“. Im 17. Jahr¬
1916 1208 2609 1297 Döblin durch seinen Roman „Berlin¬
593 1425 1084 1499 Dr. O. Hinrichsen, Herisau,
2839 1447 3072 1514 Dr. J. Jörge
489 1486 1149 1536 als Dramatiker unter dem Namen Otto
2666 1490 3098 1558 Chefarzt an der kant. In
491 1534 1151 1575 Hinnerk bekannt, hat sich als Dichter im
2661 1542 3144 1590 Chur, ist durch seine feinsinnige
482 1562 1149 1621 ganzen deutschen Sprachgebiet einen Namen
2755 1582 3144 1649 ten im Valserdialekt beka
754 1603 886 1651 gemacht.
2666 1714 3241 1794 Alexanderplatz das allgemeine
2670 1777 3235 1842 teresse auf sich. Den Stoff zu die
478 1812 1160 1884 hundert lebte in Hamburg der Arzt Paul
2668 1836 3226 1899 Buch hat er aus seinem täglichen
474 1875 1162 1927 Fleming, von dem sich einige geistliche
2670 1881 3235 1940 leben, aus seiner Umgebung geschön
471 1927 1158 1975 Lieder bis auf unsere Tage lebendig er¬
2661 1934 3235 1990 In diesem prachtvollen Epos er¬
480 1975 1162 2038 halten haben. Wie Flemming gehörte auch
2661 1983 3213 2044 das Getöse der Millionenstadt,
480 2025 1162 2083 Angelus Silesius der sog. „Schlesischen
2661 2038 3231 2101 in der Melodie eines Stadtteils
478 2075 1162 2131 Dichterschule" an. Der Name ist ein
2661 2081 3231 2142 nimmt man zugleich die tosende
478 2120 1162 2179 Pseudonym; der Dichter hieß Johann
2666 2133 3224 2194 lodie unseres Zeitalters. Der
474 2177 1167 2227 Scheffler. Er trat später zur katholischen
2661 2190 3235 2240 Reinhart Goering debutierte vor
474 2225 1162 2279 Kirche über und wurde zum kaiserlichen
2661 2240 3235 2288 gen Jahren mit dem vielgenann
478 2277 1164 2340 Hofmedikus ernannt. Durch eine Samm¬
2666 2285 3235 2340 Drama „Seeschlacht". Julius Le
471 2327 1164 2394 lung zweiteiliger Sprüche, die er unter
2666 2338 3237 2388 ist nicht nur Arzt und Geigenbar
471 2372 1156 2435 dem Titel „Der Cherubinische Wanders¬
2661 2381 3235 2453 sondern auch der Autor der Rom
474 2425 1158 2479 mann" publizierte, stellte er sich an die
2666 2440 3231 2490 „Zwei und der liebe Gott“ und „
474 2474 1158 2531 Spitze der schlesischen Dichterschule. Ei¬
2666 2485 3224 2537 Lächeln des Herrn von Golut
467 2520 1160 2585 nige seiner Gedichte wurden durch Peter
2661 2524 3239 2587 Golubicki". Der Berliner Zahna
471 2574 1149 2629 Cornelius vertont. Unter den Mediziner¬
2666 2587 3231 2635 und Dichter Otto Knabe kam neu
471 2622 1158 2683 dichtern unserer Tage ragte Karl L.
2661 2633 3220 2687 bei einem Flugzeugunglück ums
478 2668 1149 2731 Schleich hervor. Neben eigentlichen Dich¬
2666 2677 3233 2740 ben. Als Filmdichter und Filmsch
469 2720 1154 2785 tungen hat Schleich viele populärwissen¬
2668 2729 3235 2785 spieler erwarb sich Dr. Wolf, Za
471 2772 1154 2824 schaftliche Schriften ediert. Seine „Ewi¬
2670 2783 3233 2839 arzt in Berlin, einen geachteten
471 2824 1164 2872 gen Alltäglichkeiten bewegen sich in den
2668 2826 3224 2892 men. Wie wenige wissen, daß sich
474 2870 1167 2929 Grenzgebieten menschlicher Erkenntnis,
2670 2879 3226 2942 ter dem Dichter-Pseudonym Al
474 2922 1158 2981 wo auch der exakte Forscher sich nur noch
2670 2933 3172 2994 Erich kein geringerer als der
474 2972 1162 3022 von der Intuition leiten lassen kann. In
2670 2976 3178 3046 burger Geheime Medizinalrat
471 3018 1158 3083 der „Weisheit der Freude hat er all
1225 3013 2603 3087 Der Zürcher Nervenarzt Dr. Charlot Straßer mit seiner Gattin. Charlot Straßer
2668 3028 3220 3081 Hoche verbirgt! Arzt ist auch der
1349 3070 2459 3128 ist der bedeutendste unter den heutigen Arzt Dichtern der Schweiz.
467 3065 1160 3126 denen ein Brevier gegeben, die an die
2668 3078 3233 3148 rühmte Dichter Hans Carossa,
478 3118 1154 3176 Heiligkeit des Lebens glauben und an
2668 3120 3233 3189 die deutsche Prosa einige unvergä
471 3170 1149 3224 eine ewige geistige Jugend alles streben¬
2670 3178 3233 3231 liche Meisterwerke verdankt. In
471 3204 1851 3274 den Menschentums. Die Maxime gipfelt in dem Wort: „Der Sinn des Lebens
1910 3217 3233 3287 Buch „Eine Kindheit" hat er die dunkeln Aengste und Verzückungen einer Kind
474 3267 1847 3333 wäre ein Unsinn, wenn es nicht auf Freude gestellt wäre. Gewaltige Verbreitung
1918 3276 3233 3341 seele, die noch in ungebrochener Liebe zur Natur und zu Gott lebt, dichter
480 3315 1847 3372 fanden des Dichter=Arztes „Lebenserinnerungen" (1850 bis 1919), die unter
1914 3328 3239 3387 gestaltet. Tiefergreifend hat Carossa zur Darstellung gebracht, wie ein werden
474 3372 1842 3430 dem Titel „Besonnte Vergangenheit“ erschienen und mit hinreißender Frische ge¬
1910 3378 3233 3435 Mensch die Herrschaft über die Dinge der umgebenden Welt erringt. A
474 3415 1851 3478 schrieben sind. Ein Dichter von unendlichem Feinsinn war der Prager Arzt Hugo
1914 3428 3233 3487 seine „Verwandlungen einer Jugend“ werden die Wandlungen des literaris
471 3472 1853 3530 Salus. Seine Novellen sind Meisterwerke der erzählenden Kunst. Der berühmte
1903 3474 3233 3535 Geschmacks und der Zeit überdauern. Der Arzt Volkmann-Leander ist der V
474 3515 1844 3580 Schriftsteller Artur Schnitzler ist Frauenarzt in Wien. Auch Schönherr, der Auto¬
1914 3526 3233 3591 fasser der „Träumereien an französischen Kaminen", der Märchen „Vom unsi¬
474 3563 1836 3626 des vielgespielten Dramas „Der Weibsteufel“ und der Novellen „Die erste Beicht
1914 3580 2955 3632 baren Königreich" und „Kleiner Geschichten und Gedichte".
2996 3578 3233 3639 Frankreich be¬
474 3622 1847 3678 usw. ist von Beruf Arzt. Mediziner ist ferner der beliebte Schriftsteller Ludwig
1907 3628 3235 3685 in Georges Duhamel einen berühmten Dichter=Arzt. Duhamel richtete in sei¬
471 3667 1851 3726 Finckh, der den „Rosendoktor“, „Rapunzel" usw. geschrieben hat. Augenarzt ist
1903 3680 3233 3735 Gedichten „Compagnons Appelle sozialen Gehaltes an die einzelnen mitkämpf
474 3721 1851 3776 der bekannte Autor Helmut Unger, dessen Romane „Passagiere", „Helfer der
1903 3724 3233 3778 den Menschen. Weltbekannt wurde er durch den Roman eines Militärarztes
465 3771 1853 3826 Menschheit" ebenso wie die Komödien „Mammon", „Die Insel der Assen“ und
1903 3776 3233 3858 Martyrs. Im « Mercure de France publizierte er « La possession du monde ».
474 3817 1842 3904 die Bühnenspiele „Mutterlegende", „Liebesaffären“ und „Legende vom Tod“ all¬
1901 3817 2229 3900 zeichnend für seine
2920 3828 3226 3902 (Fortsetzung auf Seite
