3392 4352
216 246 1090 391 13. Miscellaneous
1269 264 1753 387 bo 44/10
2344 1302 3304 1414 Felix Salten, der Ueberlegene, will aber, daß das U
398 1295 2315 1436 Der Kampf gegen die Vorurteile des Standes kunft und sein Meter zu täuschen vermöchte. Daß ein
2337 1369 3308 1455 mögliche mit Ueberlegung und unter einem Regen von
305 1366 2315 1496 und der Geburt ist nicht neu auf der Bühne. Felix blühender Kellner mehr Saft hat als ein verkümmerter,
2337 1418 3293 1511 Aphorismen angedroht werde. Der Arzt rührt kei
309 1462 2318 1541 Salten gibt ihm, von Beaumarchais bis Schnitzler, am Stamme verdorrter Aristokrat, braucht nicht be¬
309 1474 3297 1596 Fulda und Karlweis, alles Dagewesene unterstreichend, wiesen zu werden. Der dramatisierten Anekdote und Hand, um dem Schwächeren, der gewiß nicht schieß
2344 1533 3304 1608 wird, die Schußwaffe zu entreißen. Alle ander
1332 1559 2315 1634 ihrer Wendung zum Verbrecherstück half Herr Kramer
309 1582 1310 1641 die gröbste Form. Ein Kellner muß es sein. Drüben in
1321 1570 3301 1682 durch besonnene, nach keiner Richtung exzedierende oder Möglichkeiten vernünftiger Lösung schneidet der Auf¬
309 1630 1299 1697 Amerika, am anderen Ufer der gesellschaftlichen Aus
2348 1634 3286 1719 der seinen Willen haben möchte, eigensinnig ab. Das
1325 1656 2322 1734 parodierende Darstellung. Sein Josef Wessely ging auf
316 1678 1302 1749 gleichung, erhebt sich der Wiener Kellner Jose
313 1675 3290 1801 Wessely auf Grund gefälschter Papiere eigenmächtig und wurde geknickt wie eine Blüte des Menschen nur ärgerlich und durchaus nicht dramatisch. Tech
2348 1727 3271 1812 als Selbstzweck, also nicht mehr als Geschicklichkeit
1336 1756 2318 1842 geschlechtes. Die Gräfin, deren Schicksal tragisch wäre
316 1779 1317 1849 in den gräflichen Stand. In Paris verlangt der ver¬
316 1779 3297 1902 meintliche Graf Eingang in eine ebenso unvorsichtige wenn es in dem Stücke Logik und Konsequenz gäbe, ist Wenn nun die beiden Widersacher einander wo
2348 1820 3297 1924 konservierte Worte des Hasses ins Gesicht speien, blei¬
1336 1872 2322 1942 zu einer öden Passivität mit zwei sachten Ausbrüchen
313 1898 1306 1954 wie herabgekommene aristokratische Familie und erhäl
2348 1879 3301 1972 wir innerlich kühl. Manchen wird übel dabei.
1336 1916 2322 1983 verurteilt. Lili Marberg ließ in ihrer vornehmen
316 1935 1306 2006 die nichtsahnende Comtesse zur Gemahlin. Ihren
2356 1935 3297 2028 Zeiger der Uhr rückt vor — in zwei Minuten soll
1336 1969 2326 2043 Mäßigung nicht merken, wie schwer es einer Künstlerin
320 1991 1314 2058 Vetter, dem Grafen Aristides, hatte die Comtesse den
2348 1983 3290 2080 tödliche Schuß knallen. Die Nerven sind gespannt.
1336 2017 2326 2091 wird, ihre Schauspielerinstinkte zu Gunsten der Gesamt¬
320 2039 1321 2106 Hochstapler, in dem die liebenswürdigste Wiener
2352 2032 3301 2129 geladene Schußwaffe auf der Bühne bringt das Gen¬
1340 2073 2330 2147 wirkung zu unterdrücken. Sie dete die zärtlichste
320 2103 1317 2158 Kellnerseele steckt, vorgezogen. Aristides kocht Nache,
2359 2088 3297 2188 stets in Unordnung. Man könnte den billigen Effekt
324 2114 2207 2218 stellt Nachforschungen an, entlart den Grafen des Kunst an die Charakterisierung der Farblosigkeit.
2348 2147 3282 2236 noch billiger haben. Ein Autor setze einen Mann
1425 2169 2326 2244 Herr Kramer gab mit Herrn Weisse dem
327 2199 1317 2263 Servierbretts und übergibt ihn der Polizei. Die
2356 2196 3271 2285 einen Baum, und ein zweiter, der den Mann haßt,
1351 2214 2333 2300 zweiten Einakter, welcher „Der Ernst des Lebens" heißt
331 2244 1314 2315 Satire läuft in eine Kriminalgeschichte aus, die dadurch
2352 2244 3290 2344 unten langsam den Stamm durch. So könnte man
1343 2266 2330 2344 und nur ein Orpheumtrick ist, immerhin einige Wahr¬
320 2303 1321 2363 eine gewisse Spannung erzeugt, daß die Zuschauer,
1351 2300 3290 2404 scheinlichkeit. In der sterilen Zeit des dramatischen an Dichtkunst, Regie und Studium erspart wer¬
324 2356 1325 2419 während der entlarte Kellner sich mit albernen
2348 2341 3278 2437 Der Schuß fällt nicht oder der Baum stürzt nicht.
1347 2378 2330 2445 Schaffens geschieht es immer häufiger, daß die Schau¬
324 2400 1317 2467 Tiraden verteidigt, in jedem Augenblick den Eintrit
2359 2396 3282 2482 Drohung geht großmütig durch die Mitte ab. Der M
320 2426 2330 2512 des Kriminalbeamten erwarten. Technik? Dramatische spieler den Schein der Wahrheit über die Unmöglich¬
2359 2467 2873 2564 hat seine Lektion. Nun also!
327 2478 2333 2583 Technik? Nein, wahre Technik müßte sich in der natur¬ keiten einer Dichtung breiten. Wer glaubt an den Arzt,
2452 2486 3275 2590 Die tiefe Psychologie, die Arthur Schnitzler
1343 2538 2333 2601 der seinem Schwager auf den Tag genau den nahen Tod
335 2556 1321 2627 gemäßen, mit künstlerischen Mitteln durchgeführten
2363 2556 3286 2646 Menschen holt, welche vor dem sicheren Tode sie
1351 2575 2333 2657 voraussagt, einzig, weil ihn dessen optimistische Welt¬
324 2612 1321 2672 Bearbeitung eines künstlerischen Stoffes zeigen; sie
2363 2623 3286 2694 hat Felix Salten zusammengerafft — das Beste
1343 2627 2333 2702 anschauung und dessen quietistische Lebensführung mit
324 2653 1317 2724 müßte schon die dramatischen Voraussetzungen, die in
2720 2664 3297 2769 und in den Lauf eines Revolt
2356 2687 2683 2754 dabei verloren -
1351 2687 2337 2757 Mißgunst erfüllen? Weder auf Aerzte im allgemeinen
327 2713 1321 2787 dem Saltenschen Einakter gar windig sind, und nich
2363 2724 3219 2802 geschoben. Was Schnitzler, der Denker,
1347 2731 2341 2810 noch auf Aerzte, die einmal verknöcherte Hofmeister
320 2761 1317 2832 erst den Schlußeffekt bestimmen. Die Schlager, die der
2363 2754 3293 2862 Melancholie, seinem innersten Wesen entringt, führt
1347 2780 2337 2854 waren, noch weniger auf das allgemein Menschliche läß¬
324 2813 1317 2884 Geburtsadel treffen, finden in dem Premièrenpublikum
2367 2824 3260 2895 gesunde, robuste Salten einfach rings um den
1355 2839 2344 2914 sich dieser höllische Vorgang anwenden. Wer glaubt
327 2869 1328 2932 das so gern Konvent spielt, kräftigen Widerhall und
2374 2869 3267 2970 pazieren — mit der immer schönen Aussich
1347 2880 2341 2955 auch, daß der zum Tode bestimmte Optimist sofort alle
324 2914 1325 2984 mit nimmermüden Händen applaudieren dieselben
2370 2932 3271 3010 Hudermann ... Weit besser gelang ihm die
324 2940 2344 3048 Damen, die am nächsten Tage in Ergebenheit versinken, Lebenshoffnung ausgibt, dem Urteil des Hassers, das
2374 2970 3275 3059 häufung und Verdickung älterer Schwankideen,
1347 2977 2333 3066 auch ein Fehlurteil sein könnte, voll vertraut? We
335 3018 1325 3089 wenn eine kleine Gräfin sie der Teilnahme an
2367 3033 3249 3104 dem Einakter „Auferstehung" aufleben. Der
335 3033 2344 3148 Würschenverkaufe in einem aristokratischen Bazarzelte glaubt, daß der Todgeweihte gleich alle Brücken des
2370 3066 3282 3171 geglaubte und Totgewünschte platzt wieder fröhlich
1351 3089 2344 3163 Lebens hinter sich abreißen und wirklich den Arzt, den
327 3118 1328 3204 würdigt. Die dramatische Rechnung stimmt ganz und
2367 3126 3282 3200 Leben hinein. Um sechs Uhr, an der Pforte des T
1355 3144 2341 3219 Mann seiner geliebten Schwester, wie einen Hund nieder¬
339 3174 1325 3252 gar nicht. Revolutionär Salten müßte einen Kellne
335 3178 3282 3331 zeigen, der wahrhaft adelige Naturen über seine Herrschießen werde? Arrmann könnte das möglich machen, hatte er sich noch rasch mit einer ehemaligen Gelie¬
