3344 4352
287 232 1158 361 13. Miscellaneous
1332 262 1824 369 box 44/10
804 861 2435 1064 Neues von Büchertisch
1308 1027 1950 1136 Von Carl Busse
799 1119 2446 1189 occescere crece ecce crece ecce crecette
804 1171 2440 1246 Karl Adolph, Töchter (Wien, Deutsch=österreichischer Verlag) — Walter von
804 1207 1771 1269 Molo, Die Freiheit (Berlin, Schuster & Löffler)
1802 1226 2442 1279 — Georg Wasner, Eine Ber¬
804 1246 2433 1318 linerin (Berlin, E. Fleischel & Co.) — Julius Havemann, Schönheit (Leipzig,
806 1289 2437 1359 G. K. Sarasin) — Marie von Bunsen, Im Ruderboot durch Deutschland
804 1330 2437 1404 (Berlin, S. Fischer) — Lulu von Strauß und Torney, Aus der Chronik nie¬
996 1371 2230 1441 derdeutscher Städte (Stuttgart, Franckhsche Verlagshandlung)
804 1417 1562 1511 -
949 1511 2435 1585 Als Theodore Roosevelt einst gefragt durchaus wider Byron wären. Dabei käme
994 1556 1607 1603 wurde, was für Bücher ein Staats¬
1638 1564 2427 1622 zwar ein schiefes literarisches Urteil heraus,
988 1601 1597 1642 mann lesen sollte, gab er zur Ant¬
1632 1613 2431 1665 aber es beruhte doch auf einem gesunden
902 1640 1599 1679 wort: Gedichte, Romane, Novel¬
1630 1642 2433 1701 Instinkt. Und man mag gar nicht daran
791 1654 1519 1722 len. Denn — sagte er —
1624 1679 2433 1738 denken, was Leute ihrer Art zur modernen
793 1701 1597 1759 Staatsmann muß vor allem die menschliche
1630 1720 2253 1781 deutschen Dichtung sagen würden.
795 1740 1591 1808 Natur und die Bedürfnisse der Menschenseele
1679 1749 2427 1818 Ein Wiener Roman hat mich auf diese
799 1771 2429 1857 kennen, beides jedoch findet er bei den großen Gedanken gebracht. Er ist künstlerisch nicht
793 1822 2427 1896 Dichtern und Romanschreibern so richtig wie bedeutend, er fällt hier und da ins Platte,
797 1865 1263 1911 nirgends sonst dargestellt.
1628 1880 2429 1933 er wird in der Literaturgeschichte nicht fort¬
836 1906 1589 1952 übe, diese Antwort wird sich niemand
1615 1909 2425 1970 leben. Aber wenn etwa ein österreichischer
791 1947 2427 2017 wundern, der sich ein wenig in der Geschichte Staatsmann da wäre, dem ich etwas zum
789 1984 2423 2052 umgetan hat. Nicht nur die größten Staats= Lesen aussuchen sollte, so würde ich ihm
787 2023 1597 2075 männer aller Zeiten, sondern auch die be¬
1624 2032 2421 2083 trotz alledem nicht die Werke der Herren
779 2044 1589 2114 deutendsten Feldherren und Forscher der
1619 2070 2421 2134 Hofmannsthal und Schnitzler in die Hand
793 2095 1585 2150 Welt, kurz die führenden Geister auf allen
1617 2107 2425 2167 drücken, sondern eben diesen Roman. Denn
787 2138 1595 2189 Gebieten haben von je ein Verhältnis zur
1622 2150 2421 2208 zwar entbehrt er aller ästhetischen Finessen,
793 2171 1585 2224 Dichtung gehabt. Wo es fehlt, kann man
1622 2196 2421 2247 aller verzwickten Psychologie, aller kostbaren
795 2212 2417 2290 fast mit Sicherheit darauf schließen, daß dem und geistreichen Worte, aber er hat einen so
781 2255 1591 2300 betreffenden Geist überhaupt eine letzte Eigen¬
1619 2267 2419 2323 echten Lebensgehalt, daß er dadurch die
791 2288 2415 2358 schaft zu umfassender Größe mangelte, daß Mängel der Form ausgleicht und uns be¬
785 2337 1585 2386 er irgendwie das Subalterne, das speziell
1622 2345 2415 2392 reichert entläßt. Der Mann, der ihn ge¬
781 2372 1585 2421 Fachliche seines Berufes nicht ganz über¬
1617 2380 2417 2435 schrieben hat, kennt vielleicht die Gesetze der
781 2405 1046 2458 wunden hatte.
1624 2419 2415 2474 Ästhetik nicht, aber er kennt das Volk von
830 2446 2415 2511 Aber umgekehrt sieht man von hier aus Wien. Er ist vielleicht kein besonderer Dich¬
781 2489 1583 2546 auch deutlich, welche Aufgaben der Dichtung
1611 2493 2413 2556 ter, den man um ein Autogramm bitten,
781 2532 1585 2571 gestellt sind, und daß sie sich selbst des höch¬
1615 2538 2417 2604 aber er ist ein Mensch, zu dem man hingehn
781 2569 2370 2628 sten Ruhmes beraubt, wenn sie sich artistisch und dem man die Hand schütteln möchte.
785 2610 1574 2655 oder sonstwie literarisch=fachlich verengt
1656 2604 2415 2669 Sein Name ist Karl Adolph. Sein
777 2638 2409 2706 Ich glaube, es war Goethe, der einmal ge= Roman heißt „Töchter", doch er hieße
779 2679 1578 2731 sagt hat, er möchte nur etwas schreiben, was
1615 2694 2409 2747 wohl noch besser „Töchter des Volkes". Er
781 2720 1578 2788 auch Menschen, die ein großes Leben geführt
1613 2731 2407 2788 spielt in einem Wien, das wir kaum kennen,
771 2759 2411 2827 hätten, mit Gewinn und Interesse lesen das uns die Literatur der letzten zwanzig
777 2794 1576 2854 könnten. Damit ist nicht etwa alles Idyllische,
1617 2806 2409 2860 Jahre fast völlig unterschlagen hat. Das Wien
769 2837 2403 2907 Kleine und Enge verurteilt — soweit es treu der Dichtung ist heut das Wien Schnitzlers,
787 2878 1525 2927 gespiegelt ist, hat es sein natürliches Recht
1607 2884 2403 2948 das überkultivierte, geistreich=untätige, jüdisch¬
785 2919 1572 2968 sondern nur alles bloß Manierierte, auf
1607 2923 2403 2983 durchsetzte, oder es ist das Wien von Rudolf
779 2956 1566 2999 schiefer Geistreichigkeit, subjektiver Willkür oder
1609 2964 2407 3020 Hans Bartsch, das romantische, musikdurch¬
773 2997 1572 3042 reinem Asthetizismus Beruhende. Was die
1599 3001 2403 3057 klungene. Hier wie da ist es jedenfalls die
769 3038 1574 3083 großen Männer der Tat und des Gedankens
1601 3040 2401 3100 Phäakenstadt, in der man liebt, mit zärtlichen
771 3077 1564 3124 von der Dichtung begehren, das ist natürlichen
1605 3079 2403 3128 Empfindungen herumgeht, ausgesuchte Ge¬
773 3106 1570 3155 Lebensgehalt, ist echte Realität, die stets Teil¬
1603 3116 2403 3177 fühlchen konserviert und alles andre tut, bloß
771 3151 1564 3206 nahme erweckt. Für die fachliche Schleif¬
1599 3163 2396 3212 nicht arbeitet. Man hat als Norddeutscher
769 3190 1568 3239 arbeit oder für die kapriziösen Bocksprünge
1603 3200 2396 3247 ein bißchen Sehnsucht und ein bißchen Ver¬
771 3229 1570 3276 eines Sonderlings haben sie kein Interesse.
1599 3239 2417 3290 achtung dafür. Doch nun kommt dieser Karl
820 3266 1562 3319 Gewiß kann es dabei geschehn, daß sie
1603 3272 2396 3329 Adolph und reißt uns in jenes Wien, das für
763 3290 1564 3356 einen genialen, aber subjektiv verengten
1599 3313 2396 3374 kostbare psychologische Feinheiten ebensowenig
773 3339 1566 3395 Dichter - eben weil er nur Selbstbilder
1603 3354 2374 3401 Sinn hat wie für innige Schwärmerei -
773 3382 1570 3428 gibt — verachten und einen minder be¬
1597 3391 2396 3446 in das Wien, das arbeiten muß, wenn es
758 3419 2398 3489 deutenden, der aber ein breites Weltbild nicht hungern will, in das Wien der kleinen
769 3458 1562 3512 gibt, erschätzen. Man kann sich vorstellen,
1599 3469 2401 3522 Leute, der Hausmeister und Fiaker, der Sau¬
769 3497 1568 3551 daß Bismarck, Roosevelt und ähnliche Tat¬
1599 3505 2398 3563 stecher und Fleischhacker, der Näherinnen und
758 3534 1566 3610 menschen mit Begeisterung für Scott, aber
1593 3551 2396 3606 Dienstmädchen, ja noch tiefer — tiefer, in
