3344 4320
196 230 323 328 13
386 228 1055 354 Miscellaneous
1242 239 1714 346 box 44/10
792 1271 3109 1354 ward beherrscht von engbrüstigem Epigonenthum theils ebenso die schlauen Speculanten Franzos und Sacher¬
107 1311 709 1380 errscht er wie Wenige, viel¬
795 1340 1945 1395 Schillerscher, theils Goethescher Observanz. Ersteres
1974 1346 3115 1409 Masoch. Letzterer, wohl sicher halbslavischen Geblüts, sog
109 1354 703 1423 ger Faust läßt er seine waffen¬
795 1383 1933 1441 schwelgte im Jambendrama und pathetisch-sentimentalen
1971 1397 3112 1449 aus der arischen Beimischung eine düstere, schwermüthige
109 1415 706 1484 Anzen und zwingt selbst Wider¬
792 1435 1945 1501 Professorenroman, der von der Historie nur das Kleid
1977 1444 3106 1498 Kraft, bewies aber bald in traurigster Versumpfung, wozu
124 1458 706 1518 ungestümen Radaus. Ist der
787 1475 1936 1541 borgte, und kommt für die wahre Geschichte der Literatur
1971 1492 3109 1556 die geile Erotik jüdischer Poesieauffassung unwandelbar
109 1510 706 1570 an sich die Augen und lacht
781 1536 1936 1599 ebensowenig in Betracht, wie die Tendenzschriftstellerei
1982 1539 3109 1596 führt. Der echte Germane Anzengruber aber rettete den
109 1553 703 1631 Plendwerk. Von Charakteristik
789 1582 1930 1639 der Gutzkow, Spielhagen und ihrer Ableger. Letzteres
1965 1590 3115 1645 Wirklichkeitsnaturalismus vor Versimpelung und Por¬
109 1596 703 1671 cken, ob sie nun die Karo¬
784 1625 1936 1697 aber, das Goetheisirende Künstlerthum, das mit dem
1965 1639 3106 1700 nographie, indem er mit keuscher Strenge seine ernsten,
127 1645 703 1720 beschwören oder an unseren
787 1677 1936 1737 wahren Goethe blutwenig gemein hat, pflegte die psycho¬
1965 1688 3115 1752 milden Volksbilder versittlichte. Auch ihn zu über¬
124 1709 700 1772 Hohenzollern=Verherrlichung
792 1729 1933 1786 logische Erzählung mit viel Feinheit und poetischem
1979 1732 3103 1789 schätzen, wie das heute Mode ward, soll man sich hüten,
115 1737 692 1821 sätze. Wo Dietrich Quizon
792 1775 1936 1835 Schmelz, ohne jedoch irgendwie die Sphäre höherer Poesie
1965 1783 3109 1844 denn der große Stil, selbst im Verismus, ist das noch
112 1804 689 1861 ill, da sagt er „Quatschkopf
784 1830 1933 1887 auch nur zu streifen. Von der Selbstgefälligkeit dieser
1968 1835 3106 1896 nicht, an die großen Russen ragt er nicht hinan, und
115 1853 694 1922 sen, der Mensch selbst bleibt
784 1870 1933 1928 alten Herren, die sich später über den Größenwahn der
1982 1876 3118 1939 selbst Dostojewskis „Raskolnikow" ist doch noch lange kein
115 1893 694 1959 se zuvor. Im „König Hein¬
792 1925 1933 1982 „Jüngsten" weidlich entrüsteteten, kann man sich heute
1965 1930 3103 1985 „Macbeth“. Wohl aber wird man Anzengrubers unver¬
109 1948 700 2014 wenigsten unzulänglichen Er¬
789 1974 1930 2037 keinen Begriff mehr machen. Die jüdische Eitelkeit Auer¬
1965 1985 3109 2037 gänglichem Gedächtniß mit Ehrfurcht gerecht werden, wenn
109 1994 706 2054 neisters, verausgabt sich alle
789 2020 1930 2074 bachs wurde sprichwörtlich, sehr mit Unrecht, denn der
1965 2031 3103 2092 man sein „Viertes Gebot, trotz unbeholfener Technik
109 2051 689 2115 in Acten, in „Heinrichs Ge¬
787 2072 1936 2132 wahnsinnige Dünkel eines Freytag, Heyse, Scheffel,
1965 2077 3100 2132 und mehrfach bedenklich papierener Sprache, mit Suder¬
109 2083 686 2161 Karlowe, dem einzigen echt¬
789 2115 1939 2178 Keller äußerte sich nur minder naiv. Die pöbelhafte Grob¬
1965 2121 3106 2181 manns zweifellos nachempfundener „Ehre" vergleicht:
216 2132 694 2207 nach einer Novelle von
789 2164 1933 2230 heit Gottfried Kellers nar nur ein Ausfluß seines tollen
1959 2172 3112 2230 dort der reine naive Dichter, hier der geleckte elegante
121 2184 689 2250 entscheidende Schluß völlig:
787 2216 1936 2276 Selbstgefühls. Wie sollte er auch nicht, wenn man ihn,
1968 2221 3103 2276 Barde jüdischer Salons, der kokette Tendenzraisonneur.
115 2239 689 2302 chdacht, innerlich miterlebt.
787 2256 1936 2319 den hausbacken langweiligen Stilfeiler, ohneweiters zum
1959 2265 3100 2331 Wenn also Oesterreich in jener Epoche, auch in der Lyrik,
112 2288 694 2342 ßerlich gesehen. Wildenbruch
801 2311 3106 2380 „Shakespeare der Novelle ernannte, wohl die frechste wo im Gegensatz zur Gelbeigelein= und Butzenscheiben¬
109 2331 689 2391 ihren Literatur mit Haut und
787 2360 1930 2423 Blasphemie, zu der sich tiquenmarotte verstiegen hat.
1959 2371 3109 2417 verselei Stefan Milow u. a. das Erbe Lenaus ver¬
112 2380 689 2449 ht ein Körnchen Echtes oder
789 2406 1755 2461 Ganz gewiß werden einzelne „Meisterwerke
1809 2417 3109 2481 dieser walteten, Deutschland eher voranschritt, so muß man
104 2440 689 2498 ren. An einer Entwicklung
778 2455 1933 2515 „Meister" ein Leckerbissen für Feinschmecker bleiben. Aber
1968 2463 3097 2527 freilich gestehen, daß es der nun folgenden Doppel¬
109 2484 700 2541 nig Antheil, wie alle älteren
784 2507 1928 2567 gerade wenn man diese Sachen gebürend werthet, lernt
1962 2515 3106 2579 epoche 1885 bis 1900 keine wesentliche Bereicherung
118 2521 686 2610 den oder Schillerisch nach¬
778 2559 1936 2616 man abschätzen, daß nie und nirgendwo eine neue Note hier
1965 2561 3103 2613 schenkte. Denn Hermann Bahr als „literarischer Revo¬
778 2610 1933 2659 anklang, daß sie sämmtlich nur ein Füllsel in einer an
1959 2610 3109 2680 lutionär“ und nachheriger „Olympier“ ist doch wirklich
109 2599 689 2694 her etwas Eigenart i den
798 2648 1933 2717 sich bedeutungslosen Epoche bedeuten. Nun wohl, mag
1962 2657 3103 2711 nur eine komische Figur. Seinen Esprit und seine ur¬
112 2665 692 2737 llenen braven Antis niten
787 2700 1930 2760 Localchauvinismus die erotische Glut und den denkeri¬
1971 2705 3109 2766 sprüngliche Stürmerei in allen Ehren, hat er doch so
109 2720 686 2780 se lyrische Natur zwar jeder
792 2740 1928 2803 schen Schwung Hamerlings überschätzt haben, er vertrat
1965 2760 3106 2812 manche „große Sünde auf dem Gewissen, daß man auch
112 2763 683 2835 se und der daher als an¬
784 2795 1930 2864 doch allein noch den großen Stil. Das gleiche gilt
1959 2803 3109 2870 die „wider den heiligen Geist darunter vermuthen darf.
104 2809 683 2881 lodramen hervorbrachte, dem
784 2847 1933 2904 von F. v. Saar. Und auch im „Realistischen" ging Oester¬
1959 2850 3103 2916 Und die angebliche Wiener Besonderheit der Schnitzler,
112 2870 680 2933 le nach gedanklicher Richtung
781 2890 1928 2959 reich voran, obschon bezeichnenderweise Juden oder Juden¬
1953 2896 3103 2956 Hofmannsthal und Genossen wucherte doch nur aus dem
112 2913 680 2988 s Streben nach historischer
781 2933 1933 3005 stämmlinge zuerst diese Pfade einschlugen, die dem ger¬
1959 2948 3109 3008 Berliner Samen empor, den das auserwählte Volk so
104 2965 677 3028 Wendung zum Besseren gab
778 2976 2305 3063 manischen Naturell sonst so wenig behagen. Der kraft¬
109 3014 677 3080 reich kund, dem allzu be¬
781 3043 1951 3120 meiernde Hopfen (Halbösterreicher erregte Hoffnungen,
109 3057 683 3158 de 1860 bis 1880 nämlich
