3344 4352
151 208 325 302 13.
355 211 1026 317 s
1204 215 1691 313 box 44/10
721 1242 2102 1325 (Monat Mai) schuldig war. Im September wurde der Generalen,
1925 1355 3102 1426 kenschheit in allem Niedergang des Lebens. Diese junge Renate
64 1362 1894 1430 da, in dichter langer Reihe, er Lebenden; und der Lebende denkt auch im Schmerz nur an sich
1925 1426 3102 1472 Fuchs bricht ein Verlöbniß mit einem Herzog, um einem jungen
736 1415 1894 1487 und das Leben erobert all sein Empfinden ach! so übereilt
113 1419 706 1487 er flattert auf und findet müh¬
1925 1460 3098 1513 Mann ihrer Wahl in Freiheit zu folgen; der kirchlichen Sanktion
736 1464 1694 1540 wieder zurück. — Es ist das eine ichsüchtige Kunst.
121 1472 706 1525 sich aus all dem Staub und
819 1506 3102 1562 Die Stimmung ist alles. Ich brauche nicht zu sagen, welche des Bundes widersetzt sie sich; sie macht die trübsten Erfah¬
83 1517 709 1574 getrübte Luft. Aber wieder zieh
1928 1547 3102 1608 rungen in dieser ihrer freien Ehe, sie kommt in denkbar schlech¬
98 1551 1906 1608 Lärm hinab, er flattert wieder Gefahr darin liegt, die Stimmung zum Selbstzweck zu machen:
736 1593 3102 1649 man merkt die Absicht, und man wird verstimmt. Dieser Jung= teste Gesellschaft, sie tritt in einem Variété der Lebewelt auf, —
91 1604 702 1668 trifft ihn, er ist todt. Das All¬
1932 1634 3102 1694 seelisch bewahrt sie ihre Reinheit. „Ein Mann kann fallen,
87 1642 1898 1698 lich ist nichts, eine Stimmung ist Wiener Literatur ist es auch allzu deutlich ausgeprägt, daß si
1928 1679 2513 1736 eine Frau kann niemals fallen.
79 1683 1898 1740 Der Hinterbliebene", Wiener aus der Reaktion gegen den öden Buchstabendienst eines äußer
2011 1702 3102 1777 All die Gestalten des Romans machen einen seltsam un¬
79 1728 1898 1796 Märchen: Der junge König von lichen Realismus entstanden ist; sie ist aus dem Kontrast geboren
736 1770 3098 1830 Das Gefühl der Enge quält bei diesen Büchern. Doch ist es wahrscheinlichen Eindruck. Man hat ihnen gegenüber das
91 1785 713 1849 ein Lächeln ist ihm abzugewinnen
1925 1811 3102 1864 Gefühl, das man einer herumziehenden Ganklerbande gegenüber
736 1811 1894 1872 wohl nicht in Abrede zu stellen, daß diese Kunstrichtung der
98 1826 706 1894 ein alter, abgebrauchter Feuille
736 1857 3102 1917 Bedürfniß Vieler heut entgegenkommen mag. Nur so erscheint empfindet. Die ganze Art der Existenz und des Empfindens,
83 1857 709 1940 erzählt ihm eine Geschichte
1928 1902 3102 1959 ich wiederhole das Wort, ist unwahrscheinlich. All diese Menschen
732 1906 1902 1959 es mir erklärlich, daß eine Fülle von Büchern entsteht, die all¬
91 1910 709 1966 igsohn, der lieben lernen sollte
94 1947 3102 2008 Herr Papa. Und deshalb schickte gleichmäßig durchaus dasselbe Gepräge tragen; daß sich dies arbeiten auch nicht. Ihr Geschäft ist, immer da zu sein, wo
736 1985 3102 2060 Jung=Wienerthum zu einer literarischen Richtung auswachsen die Handlung des Romans sie benöthigt, um unwahrscheinlichen
83 1996 706 2057 it seinem Hofmeister auf ein ein
87 2030 3106 2098 and im Gartenhäuschen mußte auf konnte. Es erschienen innerhalb ganz kurzer Zeit außer den zu werden. Aber diese eine Renate Fuchs, die glaubt man.
1928 2076 3102 2128 Alle Stimmungen, die über sie kommen, werden einem kund
736 2079 1902 2140 genannten im Wiener Verlage: Felix Dörmann „Warun
113 2087 713 2151 Gräfin als Gärtnerstochter ver¬
1928 2125 3106 2177 Man weiß, was sie empfindet, wenn der junge Mann ihrer
736 2125 1902 2177 der schöne Fritz verstimmt war. Max Messer „Wiener
106 2132 713 2193 winden. Und Pflicht des Hof¬
1921 2162 3106 2215 ersten Wahl spricht, aber ebenso gut, wenn er schweigt. Aus
736 2170 1826 2227 Bummelgeschichten“, Gustav Macay „Novellen
87 2174 713 2234 sohn in der Kunst zu lieben die
1925 2208 3102 2260 lauter Stimmungsmalerei ist diese Charakteristik auferbaut, doch
736 2196 1902 2276 ganz werthlose Produkte diese letztgenannten, aber sie tragen
102 2219 709 2272 Und wie der königliche Herren
1936 2253 3110 2306 sieht man schließlich klar den Menschen vor sich. Die „Ge¬
736 2260 1902 2321 ängstlich genau das oben charakterisirte Gepräge. Und in gewissen
91 2264 709 2317 h Liebe in der Brust des jungen
1925 2294 3102 2355 schichte der jungen Renate Fuchs" ist, als Ganzes genommen,
740 2306 1238 2370 Hinsicht thut es die Masse
72 2306 713 2359 m, zögernd vor sich. Inzwischen
1928 2343 3102 2419 zweifellos ein schlechtes Buch — doch steckt die Kraft zu einem
819 2321 1894 2400 Die kurze, wenige Seiten lange Erzählung ist es, die die
60 2351 709 2419 Gunst der Schönen zu erringen
1928 2381 2642 2460 ungewöhnlich guten vielleicht dahinter.
53 2366 1902 2468 es alten Dichters aber ruft ein jungen Wiener Schriftsteller pflegen. Es entspricht das de
2008 2415 3106 2479 Was mich aber an diesem Wassermannschen Roman am
79 2430 1894 2494 elancholischen Königs von Phan Richtung ihrer Kunst, entspricht wohl auch ihrem eigene
1925 2468 3102 2525 meisten frappirt: er hat die denkbar größte Aehnlichkeit mit einem
79 2476 1894 2544 chen". Denn er selbst war jener Naturell. Ich muß nach München zu einem ihnen innerlich
1925 2517 3102 2585 (erheblich besseren) modernen englischen Roman, und das ist die
736 2513 1902 2589 Nahestehenden hinübergreifen, will ich diese literarische Richtung
94 2528 713 2596 dieser reinen Jugendgeliebten
1951 2562 3110 2611 Evelyn Innes" von George Moose. Alles, was bei
740 2562 1460 2627 in einer größeren Arbeit charakterisiren
98 2570 709 2627 geworden, hat er als kostbarsten
1932 2608 3102 2657 Wassermann noch plumpe Aeußerlichkeit und Brutalität ist, das
823 2596 1906 2672 Jakob Wassermanns Roman „Die Geschichte der
79 2619 709 2683 Fragen. (Raoul Auernheime
75 2645 3110 2710 Zeichen", Wiener Verlag 1900 ungen Renate Fuchs" (Berlin 1900 S. Fischer, Verlag) Alles ist bei Moore ganz innerlich gegeben. Doch besteht eine
789 2694 3106 2747 ein überaus seltsames Buch. Zunächst ist es ganz jugendlich Aehnlichkeit in der psychologischen Fassung des Grundproblems,
117 2698 604 2777 Wiener Schriftsteller ein
1925 2744 3110 2793 eine Gemeinsamkeit in dieser Kunst aus Stimmungen zu
774 2744 1902 2796 giebt sich greisenhaft. Sodann ist es ein wunderbares
125 2747 536 2815 sie in immer neuen
1925 2777 3113 2838 charakterisiren, ein Menschensein in eine Folge widersprechender
770 2781 1898 2857 terquickliches Gemisch wirklich feiner Seelenmalerei und wüste
91 2793 540 2857 schildern, so ein Proble¬
1921 2827 3106 2876 Stimmungen mit einer tiefen, bleibenden Grundmelodie aufzu¬
732 2827 1200 2906 Brutalität der Handlung
91 2834 540 2906 od. Auch hier ist Sch.
1925 2864 3110 2928 lösen. Und ich weiß nicht, ob diese Art nicht vielleicht doch
819 2849 1898 2925 Das Problem dieses Romans ist das altbekannte der se
79 2849 725 2951 Horangegangen. Und zu ist es
1928 2913 2245 2974 eine Zukunft hat.
132 2913 1902 2970 sie zu ergründen suchen: die conde virginité par l'amour. Victor Hugo hat es in „Mario
2004 2936 3102 3011 Von diesem Stimmungsrealismus, von dem ich sprach, ist
83 2932 1902 3019 ebstes stirbt. So Felix Salten Delorme" behandelt, Alexandre Dumas hat es in der „Kamelien¬
736 2996 3102 3057 dame" einem breiteren Publikum zugeführt. Jakob Wassermann es zu ausgesprochenem Lyrismus nur ein Schritt — freilich,
136 3011 713 3076 so Richard Beer=Hofman:
109 3045 3106 3106 Und fast Alle geben sie die be aber giebt ihm, das ist unbestreitbar, tiefere Bedeutung; es ein sehr verhängnißvoller. Ein Stück Romantik hier, die ganze
732 3087 1902 3140 handelt sich bei ihm nicht um ein Wiedererstehen seelische
1928 3091 3113 3140 Romantik dort. Stimmung ist Alles. Ich brauche nur den
91 3091 709 3166 den Tod innerlich mit zu ersehen
91 3132 3117 3230 schen den Sterbenden und den beinheit durch die Liebe, sondern um Bewahrung der Herzens=Namen Hugo von Hofmannsthals zu nennen, um daran zu
