3392 4352
208 232 1067 356 13. Miscellanes
1255 241 1730 349 box 44/10
1815 186 3019 249 Zeiten als ein bedeutsames Zeugnis für die heutige Verschlampung
1812 234 3013 285 der modernen Literatur und Preßverhältnisse erscheinen. Und
1812 276 3020 332 genau in derselben Weise wie die Concordia — man nennt
1818 321 3022 379 sie in Wien spöttisch anzüglich „Concordia“ — beeinflußt
1815 364 3019 422 der „Verein Berliner Presse“ das Schrifttum der deutschen
1812 408 3010 465 Reichshauptstadt. Beide Vereine arbeiten Hand in Hand
1812 447 3011 503 und nur derjenige Schriftsteller, der von ihnen feierlich
1821 493 3017 547 emporgehoben wurde, findet in den Wiener und Berliner
1818 537 3016 599 „Weltblättern liebevolle Unterstützung und Förderung. Auch
1812 576 3019 632 die größeren Provinzstädte werden zu Generalagenturen dieser
1818 625 3019 681 Versicherungsgesellschaft auf Gegenseitigkeit gemacht; namentlich
1821 673 2565 734 durch die „Literarischen Gesellschaften"
1901 704 3022 769 Es versteht sich natürlich von selbst, daß hierzu nur jene
1835 757 3025 811 Literaten kommen, die sich das Wohlgefallen der betreffenden
1821 799 3020 855 Kreise erwerben, d. h. zur Fahne des Manchester=Liberalismus
1824 842 3022 904 schwören, Heinrich Heine für den größten deutschen Charakter
1821 885 3020 942 halten und vor allem gänzlich frei von Anwandlung eines
1833 926 3025 989 selbständigen Urteils über die Juden sind. Der Nachweis
1818 970 3029 1025 der Circumcision ist die eindringlichste Empfehlung, aber er
1821 1013 3034 1074 ist nicht gerade unbedingt erforderlich; man nimmt auch
1821 1066 3031 1119 deutschgeborene Schriftsteller auf, sofern sie hübsch judenfromm
1824 1099 3036 1166 sind, und es wird ihnen für ihr Wohlverhalten von Herrn
1827 1137 3032 1207 Leo Leipziger der schöne Titel „Ehren=Gojim“ kostenlos ver¬
1821 1181 3039 1246 liehen. Ist aber ein Mann der Feder beim Klingel einmal
1821 1234 3039 1299 aufgenommen als würdiges Mitglied, so darf er mit dem
1830 1274 3034 1339 Steinklopferhans von sich sagen: Mir kann nix geschehn!
1833 1321 3031 1381 Es wäre denn, er bekäme Anwandlungen von Abneigung gegen
1836 1372 3034 1433 Jüdisches, was ja in solcher Gesellschaft nicht ausgeschlossen
1824 1406 3031 1469 erscheint. Dann allerdings fliegt er prompt hinaus und wird
1827 1457 3036 1512 als Abtrünniger zeitlebens mit noch viel größerem Hasse ver¬
1833 1506 3036 1563 folgt als jene Arier, die gleich als Judenscheue ins Leben
1827 1536 3040 1600 treten. Sonst aber kann er anstellen, was er will, immer
1827 1588 3029 1644 wieder findet er als Journalist oder Schriftsteller seine Ver¬
1845 1622 3037 1689 sorgung wie z. B. jener einstige Redaktör beim Berliner
1848 1671 3034 1730 in den bekannten Tausch=Prozesse als
1827 1710 3031 1769 bezahlter Polizeispitzel entpuppte und jetzt wohlbestallter
1836 1757 3032 1812 Schriftleiter eines parteilosen Provinzblattes ist. Oder
2729 1797 2816 1856 sich
2923 1798 3040 1867 Wien
1965 1804 2670 1873 Herr von Hofmannsthal, der
1824 1804 1903 1868 wie
2663 1830 2898 1903 Verschließen
2015 1845 2602 1900 unmöglich gemacht hat.
1832 1848 1962 1910 völlig
1830 1876 3037 1944 ihm auch die Pforten des Burgtheaters, so feiert er doch in
1836 1930 3048 1988 Berlin frisch und fröhlich seine Auferstehung! Jetzt vergreift
1833 1986 3039 2030 er sich sogar am Heiligsten der Antike, indem er die Moderni¬
1839 2020 3037 2080 sierung alter Dramenstoffe ungescheut vor aller Welt betreibt
1830 2061 3042 2117 und bei diesem blühenden Geschäft sogar öffentliche Gesell¬
1836 2105 2975 2189 schafter wie Beer=Hofmann, Vollmöller und andere findet:
2068 2155 2734 2214 Wenn erst die Schande wird geboren,
2065 2203 2791 2255 wird sie heimlich zur Welt gebracht ...
2056 2241 2707 2291 wächst sie aber und macht sich groß,
2062 2279 2676 2329 dann geht sie auch bei Tage bloß,
2068 2321 2696 2364 und ist doch nicht schöner geworben.
2065 2359 2596 2403 Je häßlicher wird ihr Gesicht,
2062 2394 2670 2449 je mehr sucht sie des Tages Licht.
1907 2437 3037 2503 Aehnlich liegt der Fall bei Hermann Bahr! Als Student
1827 2488 3040 2541 war er ein eifriger Anhänger Schönerers; er sah aber bald,
1827 2532 3039 2596 daß bei der völkischen Bewegung keine Seide zu spinnen sei,
1836 2576 3032 2629 und so reiste er bald darauf für die damals noch liberale
1836 2619 3037 2675 Wiener „Deutsche Zeitung" in Europa herum, um die vom
1836 2663 3040 2717 Liberalismus anerkannten Größen um ihre Meinung über
1833 2708 3040 2754 den Antisemitismus zu befragen. Diese Rundreise machte
1842 2750 3031 2805 ihn zum besonderen Günstling des österreichischen Klüngels,
1836 2799 3039 2857 der ihm die journalistische Laufbahn zu einer schönen, breiten
1842 2838 3039 2891 Straße ebnete. Aber sein Ehrgeiz strebte weiter, denn er
1836 2881 3037 2938 wollte auch ein anerkannter, aufgeführter Dramatiker werden,
1836 2922 3040 2979 wobei ihm seine Wandlungsfähigkeit vortrefflich zu statten
1839 2969 3043 3025 kam. Vom Symbolismus Maeterlincks bis zum österreichischen
1842 3014 3043 3066 Heimatsstück im Biedermeierkostüm „rang" er sich durch;
1836 3057 3037 3107 immer ängstlich der jeweiligen Mode des Tages folgend,
1830 3099 3036 3163 brachte er die Obstruktion des österreichischen Parlaments ebenso
1839 3142 3040 3204 gut auf die Bühne wie die rote Fahne der russischen Revolution.
1836 3189 3043 3246 Aber mit keinem seiner Dramen hatte er einen wirklichen
1839 3234 3040 3302 Erfolg, da ihm die ursprüngliche Dichterkraft fehlt und sein
1836 3274 3037 3342 ganzes Können über eine gewisse feuilletonistische Begabung
1839 3322 3043 3374 nicht hinausgeht. So stand er endlich in Wien vor
1839 3363 3043 3424 seinem geistigen Bankerott! Jedoch die Clique ließ ihn
1836 3410 3040 3462 nicht fallen, sie hängte ihn den Münchenern an,
1836 3448 3037 3506 und sollte es Herrn Baron von Speidel vielleicht gelingen,
1839 3496 3037 3548 dieses Kuckucksei aus dem warmen Neste des Münchner
1835 3539 3040 3603 Königlichen Schauspielhauses hinauszuwerfen, so wird auch
1839 3580 3046 3637 Hermann Jahr sicher ein angemessenes Asyl finden in dem
1839 3622 3040 3684 großen Rettungshafen des Wiener Klingels für dessen schiff¬
1839 3672 2447 3739 brüchige Mitglieder, in Berlin
1926 3709 3046 3769 Es ist schlimm, daß diese Sippschaft den gesunden Sinn
1836 3759 3037 3813 der Norddeutschen mit weibischer Gefühlsseligkeit und müder
1842 3795 3039 3854 Schlaffheit umnebelt. Aber schlimmer ist es, daß sie durch
1836 3844 3040 3895 das ewige Tam-tam ihrer Reklametrommel die Aufmerksam¬
1839 3885 3040 3944 keit des gutgesinnten Teils der Deutschen so sehr ablenkt
1836 3933 3037 3992 von dem tüchtigen Schaffen und Ringen so vieler ernster
1838 3983 3055 4061 Künstler und Schriftsteller in ihrer eigenen Heimat und im
1833 4021 2252 4104 übrigen Deutschland.
