3392 4352
210 290 331 366 13
398 290 1070 409 Miscellaneous
1254 301 1741 398 box 44/10
878 1151 975 1246 ﻿154
1410 1177 1838 1272 RASSEGNA MODERNA
954 1295 2377 1384 Basterebbe la descrizione di quest ultimo tratto del doloroso calvario per
870 1358 2100 1423 dichiarare lo Schnitzler artista vero, non mistico, non simbolico.
960 1397 2364 1464 Si, egli deve aver assistito più d'una volta alla suprema lotta della vita
874 1449 2357 1527 colla morte, alle fiere proteste della giovinezza contre l'inclutabile per di¬
887 1494 2366 1570 pingere con tale potenza di colorito le angoscie, gli strazi che agitano quel
876 1542 2364 1613 cadavere vivente, il quale nel parossismo d'un folle terrore trova la forz.
874 1590 2366 1661 d'alzarsi, di avvincere la sua compagna e di rammentarle la fatale promessa,
882 1641 2370 1700 mentre con rumor cupo, assordante, il treno corre nella notte. Non è frutto
876 1680 2366 1752 d'imaginazione quel viaggio mostroso, non è parto di fantasia l'ultima cena,
870 1717 2358 1817 la scena selvaggia, macabra, nella camera d'albergo. Maria affranta siede
872 1787 2139 1845 presso al suo letto, egli le circonda il collo quasi a strangolarla:
952 1819 1747 1882 « — Muio, lo sento, ma ti porto con me
1010 1867 2358 1940 No, no, non voglio, capisci, » grida liberandosi la sana e vigorosa fan¬
872 1920 2364 1988 ciulla, e come una pazza scende le scale, attraversa il giardino, s’ avvia alla
870 1955 1034 2022 stazione.
949 2014 2191 2089 Egli intanto è balzato dal letto e brancolando tenta di seguirla.
945 2055 2297 2120 « — Non lasciari, non te ne andare, Maria, non posso morir solo... »
952 2096 2344 2191 Dalla bocca contratta spruzza un filo di sangue et ei ricade pesantemen¬
865 2132 1159 2221 te all'indietro
1559 2273 1667 2364 *
943 2355 2353 2464 Deil ultima raccolta di novelle, che in Germania suscité grande rumore,
867 2437 2349 2526 i due migliori racconti sono senza dubbio il primo : la Moglie del Saggio, da
861 2496 1875 2541 cui s'intitola il volume, e l'ultimo: I morti tacciono.
949 2522 2345 2589 Siano sempre, come si vede, alle porte del cimitero, ma quantunque an¬
863 2578 2351 2643 che in codeste pagine la morte mieta parecchie vittime, il cimitero questa
870 2634 2353 2693 volta sarebbe popolato più specialmente di affetti perduti, di sentimenti spenti,
859 2673 2353 2747 di mesti rimpianti e di ricordi che a lungo andare riescono uggiosi, come, per
863 2716 2344 2788 esempio, accade al protagonista della graziosa fantasia: Fiori, il quale rina¬
861 2770 2344 2842 sce a novella vita quando vede gettati e spersi ai vento i vizzi fiori che lan¬
863 2825 2355 2883 guono da tempo nella coppa di cristallo; i poveri fiori, ossessione incresciosa
856 2855 1254 2933 d'un antico legame.
945 2900 2347 2976 Viceversa nella Moglie del Saggio, un amore che si ridesta dopo dieci anni
863 2950 2351 3034 merce una tragica memoria, muore improvisamente perché la tragedia era
861 3008 2338 3067 stata illusione soltanto, perche nessuna aureola di strazio o di martirio cin¬
863 3063 2344 3125 geva la testina sventatella della supposta vittima d'un marito offes, che
863 3099 2340 3162 l'amante sapeva essere stato testimone del tradimento. Ella no, ella inconscia
856 3142 2344 3225 aveva continuato la sua vita frivola accanto al marito che da saggio sera
856 3197 1786 3242 creduto in dovere di chindere gli occhi a tempo.
937 3235 2342 3315 L'ombra dolorosa che l’amante, fin allora, aveva vista aleggiare intorno
848 3287 2344 3348 all adultera, s’ era dileguata, ma un'altra ne sorgeva ironica, sghignazzante:
857 3324 2342 3408 l'ombra del marito conscio dell' infamia a cui tanto facilmente sera adattato;
852 3380 2342 3445 e quell'amore, fatto di trepidazioni, di dubbi, di rimorsi, d’ansia incessante,
