3392 4320
258 118 1124 243 13. Miscellanos
1303 147 1785 252 box 44/10
1000 771 1096 853 336
1695 802 1915 873 Rundschau.
975 918 1767 994 feuchtfröhliche Dichterkomponist Bruno, der
1820 946 2630 1022 zuletzt rafft sich das Moppchen, ungleich
969 982 1767 1047 bei aller Welt, nicht zum wenigsten auch
1820 999 2629 1070 ihrem willenlosen Abbild bei Otto Ernst,
969 1020 1772 1088 bei den Kellnern, den Kredit eines Pracht¬
1818 1043 2625 1111 doch noch auf: sie will der Werbung eines
969 1070 1763 1127 kers hat, dem niemand auf die Dauer gram
1821 1090 2624 1161 gut bürgerlichen Mannes Gehör schenken,
972 1112 1769 1173 sein kann, der die eine nicht aufhören kann
1817 1141 2620 1202 aber sie sieht doch bald ein, daß Erich
964 1163 1764 1218 zu lieben und der doch von der oder den
1823 1174 2622 1247 Schorscht immer noch ihr einzig Geliebter
963 1210 1762 1272 anderen nicht lassen kann, ist Otto Erich
1817 1219 2620 1274 ist und daß sie keinem anderen mehr an¬
964 1248 1759 1309 mit Haut und Haaren. Wie dieser über¬
1813 1270 2615 1336 gehören kann. Und nun kommt die eigentlich
961 1297 1759 1351 windet auch Bruno erst nach mehrjähriger
1818 1314 2611 1381 tragikomische Wendung, die sich kein echter
955 1331 1762 1402 Liebe die Scheu vor dem Standesamt und
1811 1353 2620 1421 Tragikomiker hätte entgehen lassen. In der
957 1373 1755 1443 heirate, die Geliebte, aber nur unter der
1809 1400 2609 1457 nicht bloß verständlichen, sondern voll¬
957 1423 1759 1490 Bedingung der Wahrhaftigkeit und der
1813 1441 2608 1513 berechtigten Sorge um ihre Zukunft muß das
960 1467 1749 1537 Freiheit, die freilich nur für den Mann
1802 1485 2605 1555 Moppchen dennoch dem Gatten, der Haus
954 1511 1756 1581 Giltigkeit hat, der nun einmal nicht zur
1802 1529 2613 1592 und Besitz der Geliebten zu verschreiben ge¬
951 1549 1749 1622 Treue geboren ist. Er lebt in der Bohème
1811 1579 2607 1645 denkt, die harte Pflicht, die er ihr gegenüber
948 1596 1749 1656 und hat doch Sinn für ein nicht bloß be¬
1805 1619 2600 1691 hat, mit herben Worten zu Gemüt führen,
951 1645 1749 1722 hagliches, sondern sogar glänzendes Heim,
1802 1670 2608 1726 auf die der schon vom Tod Gezeichnete nur
943 1692 1748 1759 in dem er auf die peinlichste Ordnung hält
1796 1718 2605 1770 mehr mit den matten Worten erwidert:
945 1731 1749 1802 und nicht einmal durch eine schief gewickelte
1806 1760 2600 1825 „Das war kein guter Brief." Mit der
937 1791 1746 1845 Kerze in der Arbeit gestört werden will; und
1802 1805 2608 1865 schreienden Dissonanz einer Geldfrage schließt
942 1826 1748 1893 wie die Prachtliebe, so war auch die Lust
1799 1854 2597 1918 also im Leben die Tragikomödie von
946 1874 1748 1937 zu schenken ein Kennzeichen des echten
1791 1886 2599 1961 Moppchen ab. Als Hartleben im Sterben
937 1926 1745 1986 Hartleben, der wie Bruno die Frau und die
1796 1935 2597 2012 lag, hat seine Geliebte sicher bloß auf sein
931 1964 1738 2027 Geliebte mit fein ausgewählten Geschenken
1790 1986 2595 2058 Verlangen das Moppchen herbeitelegraphiert,
933 2010 1736 2073 zu überschütten gewohnt war. Er verlangt
1791 2031 2593 2085 und gewiß wäre sie auch mit Freuden ge¬
933 2050 1734 2113 von ihr alle Opfer und vermag selber gar
1784 2074 2588 2140 kommen — jetzt war es aber zu spät und
933 2093 1734 2160 keines zu bringen. Das erste, was er ihr
1790 2116 2586 2197 dem einen Telegramm folgte auf dem Fuße
934 2144 1734 2208 zumutet, ist, daß sie das Kind aus seiner
1787 2156 2315 2225 das andere nach: „Erich tot.
930 2190 1733 2257 niederen Liebe ins Haus nimmt und deswegen
1867 2207 2581 2273 So die wahre Tragikomödie vom
928 2235 1733 2301 auch mit der ledigen Mutter in Verkehr
1778 2247 2582 2315 Moppchen, wie sie nur das Leben selbst zu
924 2268 1725 2339 tritt. Aber trotz aller Zärtlichkeit und Liebe
1787 2293 2584 2369 schreiben imstande ist. Und der muß kein
934 2314 1723 2388 schlägt bei der Kleinen doch bald die leicht¬
1787 2344 2589 2402 Herz im Leibe haben, der diese mit zuckendem
924 2362 1724 2430 sinnige und unseine Art der Mutter durch,
1778 2385 2581 2458 Herzen und mit blutender Seele geschriebenen
924 2405 1716 2480 die mit ihrem Kinde wuchert, einmal froh
1778 2429 2581 2490 documens humains trotz dem Fuselduft, der
924 2445 1720 2522 ist, daß ihr dessen Versorgung nicht mehr zur
1778 2468 2581 2540 ihnen entströmt, ohne tiefe Ergriffenheit
918 2493 1721 2555 Last fällt und es dann irgend welcher Vor¬
1778 2515 2573 2582 lesen kann. Otto Ernst hat zwar das Leben
922 2539 1720 2598 telle wegen wieder zurückverlangt, bis sie
1775 2564 2573 2633 abzuschreiben versucht, das einzige Tragi¬
921 2585 1720 2655 endlich dem lange vom Zweifel gequälten
1773 2602 2566 2673 komische an seinem Stück aber ist, daß Otto
916 2627 1718 2692 Vater die erlösende Gewißheit gibt, daß das
1766 2648 2577 2720 Ernst es gewagt hat, Otto Erich tragikomisch
912 2676 1710 2738 Kind gar nicht von ihm sei. Und nachdem
1769 2694 2572 2761 zu finden. Denn der Dichter des „Rosen¬
913 2724 1714 2784 er längere Zeit hinter ihrem Rücken mit der
1766 2744 2570 2806 montag war trotz allein ein echter und ein
912 2768 1713 2832 anderen Jugendgeliebten korrespondiert hat,
1766 2782 2570 2861 wirklicher Dichter, dem gegenüber Otto Ernst
909 2800 1712 2875 verlangt er dann weiter von der Frau,
1769 2823 2447 2894 doch nur als ein Oberlehrer erscheint.
915 2846 1707 2921 daß sie sich noch einmal groß zeige, und
1844 2870 2563 2939 Bei ihm geht ja bis zuletzt auch alles
909 2884 1707 2964 Moppchen muß nun nicht bloß zusehen,
1769 2910 2561 2980 so zu wie im Leben und doch hat kein
909 2931 1707 3009 sondern auch zustimmen, daß sich Otto Erich
1763 2966 2558 3023 Hauch des Lebens aus diesen ergreifenden
906 2989 1704 3050 mit dem Ellenkind ein neues Heim, wiederum
1763 3004 2557 3078 Briefblättern in sein Stück herübergeweht.
900 3033 1708 3096 im vornehmsten Stil, die Halkonische Villa
1766 3043 2559 3121 Nur was er aus den Briefen einfach ab=
901 3082 1698 3143 am Gardasee gründet, wie ja auch seinen
1760 3089 2555 3166 schreiben konnte, ist ihm gelungen; durch
907 3117 1706 3186 Doppelgänger Bruno zuletzt die Lust zum
1766 3137 2555 3203 seine eigenen Erfindungen hat er alles nur
900 3154 1704 3233 Bauen anwandelt, die freilich auch anderen
1754 3184 2554 3258 entstellt. Sein Moppchen könnte auch von
894 3209 1692 3274 modernen Dichtern in mehr als einem Sinn=
1754 3224 2553 3294 der Birch=Pfeiffer sein; obwohl sie keine
894 3257 1692 3314 verhängnisvoll geworden ist. Immer noch
1761 3273 2556 3334 arme Näherin, sondern die Tochter eines
901 3299 1698 3365 aber glaubt sein Moppchen an ihn und sein
1758 3313 2551 3379 Gerichtspräsidenten und von verarmten
894 3337 1693 3410 Talent und verbittet sich jedes Mitleid,
1754 3360 2550 3425 Beamtenadel ist, ist sie doch die Gefügigkeit
898 3390 1690 3457 als seine Schöpferkraft, die sie vergebens
1748 3410 2552 3482 und die Willenlosigkeit selbst. Und sein
894 3434 1688 3497 auszurufen versucht hat, unter den Folgen
1758 3446 2547 3514 Bruno legitimiert sich zwar durch eine In¬
888 3477 1691 3542 der Trunksucht zu erlahmen beginnt und
1760 3501 2544 3563 provisation, die von Hartleben sein könnte
891 3519 1686 3593 auch die Limonade, jetzt sein Lieblingsgetränk,
1767 3542 2549 3609 das Lied von der Sense am Baum ist
897 3569 1694 3647 nicht mehr zu helfen vermag. Erst ganz
1744 3588 2543 3647 nämlich das schönste in dem ganzen Stück
