3344 4352
1149 237 1624 314 box 44/10
104 221 965 338 13. Miscellanos
1510 1079 2228 1161 Schweizer Illustrierte Zeitung
288 1095 443 1171 Nr. 14
288 1233 661 1321 Fortsetzung von Seite 477)
2435 1254 3169 1306 er sein glühendes Bekenntnis von dem Glau¬
1366 1251 2363 1311 der seltensten Art schließt Straßer Arztschaft und Dichter¬
2432 1305 3159 1368 wendigkeit zur letzten Wahrheit ab. Und in
298 1305 1288 1368 pazifistische Einstellung sind die Worte «La possession du
1366 1305 2368 1361 tum vollendet zusammen. Zuerst suchte er in seinen Schrif¬
2435 1350 3173 1405 Gedichten (publiziert in den „Weißen Blät¬
291 1356 1296 1410 monde ne se débat pas autour des canons. Auch der Pariser
1373 1360 2368 1412 ten allem Zufälligen Sinn zu geben; aber bald verband
2444 1398 3153 1458 Völker Europas zur Besinnung auf und
294 1408 1291 1460 Arzt Elie Faure betätigt sich als Romanschriftsteller. Neben¬
1373 1405 2367 1462 sich das, was er erlebte, mit dem, was er ahnte, zu dichteri¬
2435 1453 3164 1507 einen Stern der Verheißung ihre wahre
1373 1453 2368 1514 schen Gebilden von großer Eindrucksfähigkeit. Er ließ in sei¬
291 1457 1295 1515 bei widmet er sich einer interessanten Spezialität, nämlich
2432 1495 3174 1569 Augen. Von Straßer erschienen „Das P
294 1507 1296 1570 dem Einbalsamieren von reichen Amerikanern. Das „Ma¬
1373 1509 2368 1569 nen Reisebüchern die Fremde vor uns erstehen - die end¬
2432 1552 3161 1611 hilft?", „Gedichte", „4 neue amerikanische
1373 1554 2367 1617 lose sibirische Steppe, das blühende Japan mit seinen sonder¬
298 1560 1300 1617 terial“ dazu soll ihm sein Bruder, ein berühmter Chirurg,
2432 1604 3174 1657 Löwe Tolstoi, „Die Nervosität eine Zeitre
293 1616 1296 1674 liefern. Auch Jules Romain von der « Nouvelle Revue
1373 1607 2368 1664 bar gewundenen Bäumen und das romantische Südamerika
2432 1654 3176 1708 bekehrte Gespenst" (Ein Märchen, geschri¬
1370 1659 2368 1714 (Straßer durchquerte als junger Arzt alle Kontinente und
298 1657 1300 1721 Française ist seines Zeichens ein Jünger Aeskulaps. Ro¬
2439 1704 3174 1758 3930) usw. Da Journalisten noch neugierig
1373 1708 2367 1761 befuhr alle Meere unserer Erdkugel). Aber er blieb nicht
294 1711 1300 1764 main und Duhamel gehörten der literarischen Gruppe der
2439 1758 3173 1813 Frauen, reizte es mich ganz besonders, in
298 1758 1295 1810 Unanimisten an. Etwa ein Dutzend dieser Männer lebten
1370 1749 2368 1815 bei der bloßen Schilderung der Fremde; er verwandelte sozu¬
2435 1808 3164 1863 bringen, warum Straßer in den letzten Jal
294 1808 1296 1867 wie die Mönche und wohnten zusammen. Sie setzten ihre
1370 1806 2367 1863 sagen die Erde in Menschengestalt und brachte sie uns dann
2439 1853 3164 1915 Gegensatz zu früher — in der literarischen
1363 1855 2367 1915 durch die Eigenschaft seiner suggestiven Kraft nahe. Die
304 1860 1303 1917 Ehre darein, alle Arbeiten gemeinsam und ohne fremde
2432 1900 3174 1967 wenig von sich reden machte. Sollte er etwa
1370 1900 2368 1960 Menschen, die Straßer in der Ferne gefunden hatte, findet
294 1908 1305 1967 Hilfe zu verrichten. So besorgten sie auch die Drucklegung
2432 1952 3174 2009 untreu geworden sein? Das wäre ein uner
1375 1955 2368 2009 der Leser in seiner Darstellung auch. Sie treten zu ihm
298 1960 1300 2020 ihrer Dichtungen in ihrer eigenen Druckerei selbst. — Auch
2440 2004 3174 2061 für das schweizerische Schrifttum der Gegen
1375 2009 2368 2066 heran und blicken ihm ins Auge, bis er ihnen seine Herzens¬
294 2004 1300 2066 unter den Schweizer Dichtern unserer Tage gibt es viele
2435 2054 3178 2112 Leser dürfen sich beruhigen. Straßer hat
1375 2057 2368 2114 türe aufmachen muß und sie zu sich eingehen läßt — als
298 2059 1296 2114 praktizierende Aerzte. Dichter im Nebenamt z. B. ist Dr.
2435 2102 3178 2163 nis seines mehrjährigen Stillschweigens ge¬
1373 2107 2363 2161 ewige Kameraden, Freunde, Brüder. In der Praxis, die
294 2106 1291 2169 Jörger in Chur. Er hat im Valserdialekt (dem Dialekt sei¬
2432 2151 3176 2206 Jahre 1918 hat er in aller Muße an ein
1373 2154 2372 2211 Straßer nach der Rückkehr in die Heimat eröffnete, lernte
298 2153 1303 2223 nes schönen Heimattales) die Geschichte „Archigi Lüt" und
2439 2199 3156 2258 Romanzyklus gearbeitet, der nun endlich
1366 2206 2368 2258 er in die letzten Tiefen der Menschenseele zu blicken. Vielen
294 2209 1300 2265 „Der hellig Garta" publiziert. Ferner in schriftdeutscher
2444 2251 3171 2313 liegt und um dessen Publikation sich ber¬
1373 2258 2367 2310 Verzweifelten wurde er zum starken Führer. Hunderte, die
298 2258 1300 2323 Sprache den Roman „Die letzten Schattenauer" und Reise¬
2432 2303 3136 2357 deutschen Verleger bewerben. „Am 1918
1373 2306 2367 2360 im Leben Schiffbruch gelitten hatten, erhielten durch ihn
294 2306 1300 2365 plaudereien über Aegypten und Palästina. Ein geborener
2439 2347 3173 2407 Werk heißen. Ueber seinen Sinn und Inhalt
1373 2357 2367 2410 neue Kraft und neuen Glauben. Die Mühseligen und Be¬
298 2362 1295 2413 Arzt Dichter ist Dr. O. Hinrichsen, Herisau. Als Drama¬
2435 2405 3174 2462 titel „Chronik des Chaos" einigen Aufschluß
1370 2405 2368 2464 ladenen, die ihn wie einen letzten Rettungsanker gesucht hat¬
294 2410 1296 2464 tiker ist er unter dem Namen „Otto Hinnerk" bekannt. Er
2440 2455 3179 2505 mir ausgeplaudert hat, will ich unsern Leser
1373 2455 2368 2507 ten, gingen einige Wochen oder Monate, nachdem sie mit
294 2457 1300 2524 schrieb die Komödie „Närrische Welt“, die Lustspiele „Graf
2432 2504 3176 2559 drei Teile des Buches heißen: Die Intellektu
1370 2504 2367 2567 seinem leuchtenden, sieghaften Wesen in Berührung gekom¬
294 2512 1291 2562 Ehrenfried", „Der Liebesgarten", „Ehrsam und Genossen
2440 2554 3174 2612 schnittlichen und die Enterbten. Mit dem in
1370 2561 2368 2609 men waren, wieder singend ins Leben hinein, neuen, ver¬
298 2561 1303 2617 usw. Von unsern Liebhaberbühnen wird oft und gern sein
2432 2601 3176 2661 lauf einzelner Schicksale verflechten sich K
1375 2604 2368 2663 heißungsvollen Zielen entgegen. Straßer ist ein lebendiger
294 2612 1306 2668 Einakter « Nomen est omen gespielt. Das Lessingtheater in
2435 2648 3169 2709 gen, Massen- und soziale Bewegungen. D
1375 2658 2372 2709 Beweis dafür, daß ein Dichterarzt als Arzt nicht weniger
304 2661 1298 2721 Berlin brachte seinerzeit Hinnerks „Närrische Welt her¬
2432 2704 3163 2766 kritik und Psychologie ist ein breiter Raum
1370 2703 2368 2766 zu leisten braucht als solche Aerzte, die mit der Muse der
298 2708 1303 2768 aus, die auch in Wien einen schönen Erfolg errang und dann
2439 2751 3174 2815 gehend von der Schieberzeit traurigen Ange¬
1375 2760 2373 2818 Poesie, der allezeit lieblichen, keine vertrauten Beziehungen
294 2758 1305 2822 über die deutschen und schweizerischen Bühnen ging. In
2440 2801 3176 2860 die Handlung in die Geschehnisse des Ge¬
1370 2810 2377 2865 pflegen, sondern daß ein Dichterarzt gerade als Seelenarzt
301 2811 1303 2860 unsern Zeitschriften und Zeitungen findet man hin und wie¬
2447 2850 3173 2912 führt aber dann aus der engeren Umwel
1370 2857 2377 2913 mehr leisten kann als solche Psychiater, denen Kunst und
304 2862 1306 2920 der Gedichte und kleinere Erzählungen von Hinnert. Ein
2439 2910 3176 2970 Verhältnisse in die internationalen Bezieh-
1375 2908 2373 2969 Poesie müßige Tändelei bedeutet. Eine ganze kleine Armee
294 2910 1310 2972 Königsberger Kritiker nannte ihn einmal bezeichnenderweise
2447 2952 3173 3010 sammenhänge hinein, sowie in die Weltansch
1375 2964 2370 3017 gestrandeter Menschen lernte Straßer während des Welt¬
301 2962 1300 3019 „den Dichter des ernsthaften Narrentums". Einen ganz her¬
2439 3009 3164 3061 tes und Dichters, der auf seiner einsamen
1375 3007 2373 3067 krieges in seiner Sprechstunde kennen. Da stellte er sich
298 3016 1308 3062 vorragenden Arzt Dichter und eine Persönlichkeit von un¬
2439 3051 3181 3133 über das Nationale in das gesamte Erden
1375 3061 2373 3119 durch die packende Erzählung „In Völker zerrissen“ in die
309 3062 1306 3119 gewöhnlichem Ausmaß besitzen wir in Dr. med. Charlot
2440 3108 2549 3174 blickt.
1373 3111 2372 3178 vorderste Reihe der Kriegsächter und ankläger. Hier legte
304 3114 1310 3166 Straßer, dem Zürcher Nervenarzt. Als ein Menschenfreund
2465 3228 3168 3383 ich für ein
1701 3233 2413 3383 Nun werde
1841 3419 3183 3521 Zeitlang keine neue
1853 3562 3183 3681 Strumpfe benötigen
1686 3787 2942 3855 Das habe ich der liebenswürdigen Ver¬
1686 3865 2939 3942 käuferin, die mich beim letzten Einkauf be¬
1689 3929 2945 4026 diente, zu verdanken. Meine Strümpfe sind
1694 4006 2939 4088 tatsächlich jetzt noch wie neu. Vergessen Sie
1698 4079 2939 4163 ja nicht, sie immer mit Lux zu wachen, sagte
1701 4144 2942 4220 sie mir Verwenden Sie nie schädliche
