<?xml version="1.0" encoding="UTF-8" standalone="yes"?>
<PcGts xmlns="http://schema.primaresearch.org/PAGE/gts/pagecontent/2013-07-15" xmlns:xsi="http://www.w3.org/2001/XMLSchema-instance" xsi:schemaLocation="http://schema.primaresearch.org/PAGE/gts/pagecontent/2013-07-15 http://schema.primaresearch.org/PAGE/gts/pagecontent/2013-07-15/pagecontent.xsd">
    <Metadata>
        <Creator>prov=READ-COOP:name=PyLaia@TranskribusPlatform:version=2.12.1:model_id=39995:lm=provided:date=29_03_2024_17:56</Creator>
        <Created>2019-10-07T20:40:17.985+02:00</Created>
        <LastChange>2024-03-29T17:56:19.917+01:00</LastChange>
        <TranskribusMetadata docId="224465" pageId="9581299" pageNr="226" tsid="156506739" status="IN_PROGRESS" userId="40391" imgUrl="https://files.transkribus.eu/Get?id=EUEXFJEFFLKQVRWJAJIRKJZQ&amp;fileType=view" xmlUrl="https://files.transkribus.eu/Get?id=UGHMLQLDNIMMRPWJSCRODNNT" imageId="6208919"/>
    </Metadata>
    <Page imageFilename="224465_0226.jpeg" imageWidth="3344" imageHeight="4320">
        <ReadingOrder>
            <OrderedGroup id="ro_1712662352109" caption="Regions reading order">
                <RegionRefIndexed index="0" regionRef="tr_1"/>
                <RegionRefIndexed index="1" regionRef="tr_2"/>
            </OrderedGroup>
        </ReadingOrder>
        <TextRegion orientation="0.0" id="tr_1" custom="readingOrder {index:0;}">
            <Coords points="170,198 170,357 325,357 325,198"/>
            <TextLine id="tr_1_tl_1" custom="readingOrder {index:0;}">
                <Coords points="153,334 178,322 220,325 229,316 280,325 295,313 319,310 316,268 289,274 244,232 232,229 220,241 211,232 193,241 181,235 168,247 150,247"/>
                <Baseline points="170,301 195,299 221,298 247,300 273,302 299,304 325,307"/>
                <TextEquiv>
                    <Unicode>13.</Unicode>
                </TextEquiv>
            </TextLine>
            <TextEquiv>
                <Unicode></Unicode>
            </TextEquiv>
        </TextRegion>
        <TextRegion orientation="0.0" id="tr_2" custom="readingOrder {index:1;}">
            <Coords points="361,274 361,4253 2806,4253 2806,274"/>
            <TextLine id="tr_2_tl_1" custom="readingOrder {index:0;}">
                <Coords points="1197,322 1393,334 1447,331 1471,307 1510,337 1565,310 1679,325 1679,241 1519,250 1438,232 1396,259 1327,241 1197,247"/>
                <Baseline points="1215,304 1241,302 1267,301 1293,301 1319,302 1345,304 1372,304 1398,304 1424,304 1450,304 1476,304 1502,304 1529,304 1555,304 1581,303 1607,302 1633,301 1659,301 1686,304"/>
                <TextEquiv>
                    <Unicode>box 44/10</Unicode>
                </TextEquiv>
            </TextLine>
            <TextLine id="tr_2_tl_2" custom="readingOrder {index:1;}">
                <Coords points="346,337 1020,346 1017,244 857,259 788,232 659,256 343,229"/>
                <Baseline points="361,298 394,302 427,303 460,301 493,301 526,303 559,304 593,305 626,310 659,308 692,307 725,307 758,307 791,307 825,307 858,307 891,310 924,308 957,308 990,310 1024,313"/>
                <TextEquiv>
                    <Unicode>Miscellanes</Unicode>
                </TextEquiv>
            </TextLine>
            <TextLine id="tr_2_tl_3" custom="readingOrder {index:2;}">
                <Coords points="978,611 1008,620 1032,605 1071,620 1086,608 1110,620 1122,608 1194,614 1222,605 1219,511 1026,508 1011,518 975,511"/>
                <Baseline points="994,585 1020,587 1046,589 1072,593 1098,594 1125,594 1151,594 1177,594 1203,592 1230,591"/>
                <TextEquiv>
                    <Unicode>ATIS</Unicode>
                </TextEquiv>
            </TextLine>
            <TextLine id="tr_2_tl_4" custom="readingOrder {index:3;}">
                <Coords points="511,716 1312,704 1312,617 1270,611 511,617"/>
                <Baseline points="528,695 567,694 607,692 646,692 686,692 725,692 765,692 804,690 844,689 883,689 923,689 963,686 1002,686 1042,686 1081,686 1121,686 1160,686 1200,685 1239,683 1279,683 1319,683"/>
                <TextEquiv>
                    <Unicode>„OBSERVER</Unicode>
                </TextEquiv>
            </TextLine>
            <TextLine id="tr_2_tl_5" custom="readingOrder {index:4;}">
                <Coords points="602,761 1267,755 1267,704 602,713"/>
                <Baseline points="617,749 649,749 682,749 715,747 748,746 781,746 814,746 846,746 879,746 912,746 945,746 978,745 1011,743 1044,743 1076,743 1109,743 1142,743 1175,741 1208,740 1241,739 1274,737"/>
                <TextEquiv>
                    <Unicode>1. österr. behördl. konzessioniertes</Unicode>
                </TextEquiv>
            </TextLine>
            <TextLine id="tr_2_tl_6" custom="readingOrder {index:5;}">
                <Coords points="572,815 1297,800 1297,749 833,770 575,749"/>
                <Baseline points="591,800 626,797 662,799 697,799 733,797 769,797 804,797 840,797 876,796 911,795 947,797 983,795 1018,792 1054,792 1090,793 1125,791 1161,791 1197,791 1232,790 1268,787 1304,785"/>
                <TextEquiv>
                    <Unicode>Unternehmen für Zeitungs-Ausschnitte</Unicode>
                </TextEquiv>
            </TextLine>
            <TextLine id="tr_2_tl_7" custom="readingOrder {index:6;}">
                <Coords points="635,882 1047,864 1204,879 1222,876 1225,809 638,812"/>
                <Baseline points="650,862 679,860 708,859 737,859 766,861 795,862 824,862 854,859 883,856 912,856 941,856 970,856 999,856 1028,856 1058,856 1087,856 1116,856 1145,856 1174,856 1203,854 1233,850"/>
                <TextEquiv>
                    <Unicode>WIEN, I., WOLLEILE 11</Unicode>
                </TextEquiv>
            </TextLine>
            <TextLine id="tr_2_tl_8" custom="readingOrder {index:7;}">
                <Coords points="707,915 1158,921 1161,873 1143,870 954,879 873,864 710,879"/>
                <Baseline points="725,913 751,913 777,913 803,913 829,912 855,910 882,908 908,907 934,909 960,910 986,910 1012,909 1039,907 1065,907 1091,907 1117,907 1143,907 1170,907"/>
                <TextEquiv>
                    <Unicode>TELEPHON R-23-0-43</Unicode>
                </TextEquiv>
            </TextLine>
            <TextLine id="tr_2_tl_9" custom="readingOrder {index:8;}">
                <Coords points="518,1056 593,1071 614,1056 674,1059 719,1074 770,1047 876,1071 879,981 830,990 812,975 797,990 761,975 725,999 704,978 674,975 596,1011 521,1005"/>
                <Baseline points="534,1047 560,1047 587,1046 614,1044 641,1046 668,1046 695,1045 721,1044 748,1044 775,1044 802,1044 829,1044 856,1044 883,1044"/>
                <TextEquiv>
                    <Unicode>Ausschnitt aus:</Unicode>
                </TextEquiv>
            </TextLine>
            <TextLine id="tr_2_tl_10" custom="readingOrder {index:9;}">
                <Coords points="1610,1125 2470,1146 2470,1053 2434,1044 2115,1092 1610,1071"/>
                <Baseline points="1627,1125 1669,1125 1712,1125 1754,1122 1797,1124 1839,1125 1882,1125 1924,1125 1967,1127 2009,1126 2052,1125 2094,1125 2137,1125 2179,1126 2222,1129 2264,1131 2307,1132 2349,1134 2392,1131 2434,1131 2477,1134"/>
                <TextEquiv>
                    <Unicode>nes durch gleichzeitigen schwacher</Unicode>
                </TextEquiv>
            </TextLine>
            <TextLine id="tr_2_tl_11" custom="readingOrder {index:10;}">
                <Coords points="1610,1176 2783,1197 2783,1113 2618,1095 2455,1149 1610,1122"/>
                <Baseline points="1627,1173 1685,1171 1743,1173 1801,1170 1859,1173 1918,1173 1976,1173 2034,1173 2092,1171 2150,1173 2209,1176 2267,1176 2325,1178 2383,1176 2441,1180 2500,1182 2558,1182 2616,1182 2674,1183 2732,1185 2791,1188"/>
                <TextEquiv>
                    <Unicode>diesen österreichischen Gruß haben, besteht wohl kein Anlaß,</Unicode>
                </TextEquiv>
            </TextLine>
            <TextLine id="tr_2_tl_12" custom="readingOrder {index:11;}">
                <Coords points="1595,1222 2732,1270 2783,1252 2783,1197 1592,1170"/>
                <Baseline points="1612,1218 1674,1222 1736,1224 1798,1224 1860,1224 1922,1224 1984,1224 2046,1222 2108,1221 2170,1225 2232,1227 2294,1227 2356,1229 2418,1230 2480,1229 2542,1229 2604,1230 2666,1233 2728,1235 2791,1238"/>
                <TextEquiv>
                    <Unicode>est einen neuen zu schaffen, wohl aber könnte dieser Gruß regel¬</Unicode>
                </TextEquiv>
            </TextLine>
            <TextLine id="tr_2_tl_13" custom="readingOrder {index:12;}">
                <Coords points="954,1315 1152,1297 1182,1312 1210,1291 1375,1309 1546,1276 1543,1200 1480,1170 1405,1182 1375,1216 1243,1185 951,1219"/>
                <Baseline points="970,1259 999,1258 1029,1256 1058,1256 1088,1255 1117,1251 1147,1250 1176,1250 1206,1250 1235,1250 1264,1254 1289,1274 1319,1274 1348,1274 1378,1274 1407,1274 1437,1272 1466,1268 1496,1264 1525,1261 1555,1259"/>
                <TextEquiv>
                    <Unicode>Neues Wiener Lei¬</Unicode>
                </TextEquiv>
            </TextLine>
            <TextLine id="tr_2_tl_14" custom="readingOrder {index:13;}">
                <Coords points="1580,1306 1733,1312 1763,1282 1896,1312 1992,1312 2037,1285 2088,1309 2229,1300 2226,1237 2019,1231 1974,1252 1577,1219"/>
                <Baseline points="1594,1268 1626,1270 1658,1271 1690,1271 1722,1274 1754,1274 1786,1274 1818,1274 1850,1274 1882,1274 1915,1274 1947,1274 1979,1272 2011,1272 2043,1274 2075,1274 2107,1274 2139,1275 2171,1277 2203,1277 2236,1277"/>
                <TextEquiv>
                    <Unicode>mäßig und allgemein geübt werden.</Unicode>
                </TextEquiv>
            </TextLine>
            <TextLine id="tr_2_tl_15" custom="readingOrder {index:14;}">
                <Coords points="403,1327 421,1330 430,1324 433,1330 457,1312 463,1318 475,1312 481,1321 511,1324 521,1231 505,1228 493,1234 475,1222 445,1225 436,1213 418,1213"/>
                <Baseline points="426,1298 458,1298 490,1293 522,1289"/>
                <TextEquiv>
                    <Unicode>.</Unicode>
                </TextEquiv>
            </TextLine>
            <TextLine id="tr_2_tl_16" custom="readingOrder {index:15;}">
                <Coords points="469,1456 1468,1459 1468,1345 578,1342 469,1384"/>
                <Baseline points="486,1418 535,1421 585,1424 634,1425 684,1427 733,1427 783,1427 832,1427 882,1430 931,1433 981,1433 1031,1433 1080,1436 1130,1435 1179,1434 1229,1436 1278,1434 1328,1435 1377,1433 1427,1436 1477,1430"/>
                <TextEquiv>
                    <Unicode>Gerhart Hauptmanns</Unicode>
                </TextEquiv>
            </TextLine>
            <TextLine id="tr_2_tl_17" custom="readingOrder {index:16;}">
                <Coords points="1694,1477 2669,1498 2669,1384 2636,1375 1694,1366"/>
                <Baseline points="1710,1468 1758,1468 1806,1465 1854,1466 1902,1468 1950,1468 1998,1468 2046,1470 2094,1471 2142,1471 2191,1471 2239,1471 2287,1474 2335,1474 2383,1474 2431,1474 2479,1474 2527,1474 2575,1474 2623,1474 2672,1477"/>
                <TextEquiv>
                    <Unicode>Bombenattentat eines</Unicode>
                </TextEquiv>
            </TextLine>
            <TextLine id="tr_2_tl_18" custom="readingOrder {index:17;}">
                <Coords points="647,1543 906,1571 1324,1568 1321,1450 647,1453"/>
                <Baseline points="662,1522 695,1522 728,1522 761,1522 794,1522 827,1522 860,1523 894,1525 927,1525 960,1525 993,1526 1026,1528 1059,1531 1092,1531 1126,1531 1159,1531 1192,1531 1225,1531 1258,1532 1291,1534 1325,1531"/>
                <TextEquiv>
                    <Unicode>neuer Roman.</Unicode>
                </TextEquiv>
            </TextLine>
            <TextLine id="tr_2_tl_19" custom="readingOrder {index:18;}">
                <Coords points="1637,1598 2699,1595 2735,1589 2732,1477 2281,1483 2229,1519 2184,1486 1634,1498"/>
                <Baseline points="1653,1567 1707,1563 1762,1562 1816,1564 1871,1567 1925,1567 1980,1567 2034,1567 2089,1567 2143,1567 2198,1567 2252,1568 2307,1572 2361,1571 2416,1570 2470,1573 2525,1573 2579,1573 2634,1573 2688,1573 2743,1576"/>
                <TextEquiv>
                    <Unicode>abgewiesenen Liebhabers.</Unicode>
                </TextEquiv>
            </TextLine>
            <TextLine id="tr_2_tl_20" custom="readingOrder {index:19;}">
                <Coords points="475,1622 578,1592 1495,1619 1492,1534 1357,1543 1312,1583 472,1531"/>
                <Baseline points="489,1585 539,1588 590,1589 641,1591 692,1593 742,1594 793,1594 844,1594 895,1597 945,1599 996,1597 1047,1597 1098,1599 1148,1600 1199,1603 1250,1603 1301,1603 1351,1602 1402,1600 1453,1597 1504,1600"/>
                <TextEquiv>
                    <Unicode>Ein unveröffentlichtes Kapitel aus seinem „Berlin.</Unicode>
                </TextEquiv>
            </TextLine>
            <TextLine id="tr_2_tl_21" custom="readingOrder {index:20;}">
                <Coords points="1595,1691 1763,1649 2780,1682 2777,1607 2714,1589 2118,1613 1592,1577"/>
                <Baseline points="1609,1639 1667,1637 1726,1639 1785,1642 1844,1642 1903,1642 1961,1645 2020,1645 2079,1644 2138,1642 2197,1645 2255,1645 2314,1645 2373,1647 2432,1648 2491,1650 2549,1650 2608,1650 2667,1650 2726,1647 2785,1647"/>
                <TextEquiv>
                    <Unicode>Privattelegramm des „Neuen Wiener Journals".</Unicode>
                </TextEquiv>
            </TextLine>
            <TextLine id="tr_2_tl_22" custom="readingOrder {index:21;}">
                <Coords points="493,1655 1550,1667 1550,1607 1513,1598 1456,1628 493,1607"/>
                <Baseline points="510,1645 562,1645 614,1646 667,1647 719,1649 772,1650 824,1650 876,1653 929,1653 981,1653 1034,1655 1086,1656 1138,1656 1191,1656 1243,1656 1296,1656 1348,1656 1400,1656 1453,1656 1505,1656 1558,1653"/>
                <TextEquiv>
                    <Unicode>Der S.-Fischer-Verlag, der nach wie vor die best¬</Unicode>
                </TextEquiv>
            </TextLine>
            <TextLine id="tr_2_tl_23" custom="readingOrder {index:22;}">
                <Coords points="382,1706 1546,1721 1546,1667 716,1679 382,1628"/>
                <Baseline points="400,1692 457,1695 515,1693 573,1695 631,1695 688,1696 746,1700 804,1701 862,1701 919,1703 977,1704 1035,1704 1093,1705 1150,1707 1208,1707 1266,1707 1324,1707 1381,1707 1439,1706 1497,1704 1555,1701"/>
                <TextEquiv>
                    <Unicode>deutschen Dichter um sich herum versammelt und sozusagen</Unicode>
                </TextEquiv>
            </TextLine>
            <TextLine id="tr_2_tl_24" custom="readingOrder {index:23;}">
                <Coords points="2311,1724 2744,1721 2744,1664 2699,1658 2648,1670 2578,1652 2545,1676 2509,1658 2311,1667"/>
                <Baseline points="2328,1704 2354,1706 2381,1708 2407,1709 2434,1710 2460,1710 2487,1710 2513,1710 2540,1710 2566,1710 2593,1710 2619,1710 2646,1710 2672,1710 2699,1711 2725,1713 2752,1713"/>
                <TextEquiv>
                    <Unicode>Graz, 25. November.</Unicode>
                </TextEquiv>
            </TextLine>
            <TextLine id="tr_2_tl_25" custom="readingOrder {index:24;}">
                <Coords points="376,1763 1546,1775 1516,1712 376,1694"/>
                <Baseline points="394,1743 452,1743 510,1743 568,1746 626,1746 684,1747 742,1749 800,1746 858,1750 916,1750 974,1752 1032,1753 1090,1755 1148,1755 1206,1755 1264,1756 1322,1758 1380,1755 1438,1755 1496,1755 1555,1749"/>
                <TextEquiv>
                    <Unicode>Knotenpunkt europäisch=deutscher Geistigkeit ist, gibt soeben sein</Unicode>
                </TextEquiv>
            </TextLine>
            <TextLine id="tr_2_tl_26" custom="readingOrder {index:25;}">
                <Coords points="1694,1763 2783,1775 2783,1727 2735,1721 1694,1694"/>
                <Baseline points="1710,1752 1764,1748 1818,1747 1872,1749 1926,1751 1980,1752 2034,1752 2088,1752 2142,1754 2196,1755 2250,1755 2304,1756 2358,1758 2412,1758 2466,1758 2520,1758 2574,1758 2628,1758 2682,1758 2736,1761 2791,1761"/>
                <TextEquiv>
                    <Unicode>Heute in den frühen Morgenstunden ereignete sich in Leoben</Unicode>
                </TextEquiv>
            </TextLine>
            <TextLine id="tr_2_tl_27" custom="readingOrder {index:26;}">
                <Coords points="391,1808 1246,1817 1246,1781 388,1754"/>
                <Baseline points="409,1797 451,1794 493,1794 535,1794 577,1796 619,1797 661,1799 703,1800 745,1800 787,1800 829,1800 871,1800 913,1801 955,1803 997,1803 1039,1803 1081,1803 1123,1806 1165,1801 1207,1800 1250,1800"/>
                <TextEquiv>
                    <Unicode>siebenundvierzigsten Almanach heraus —</Unicode>
                </TextEquiv>
            </TextLine>
            <TextLine id="tr_2_tl_28" custom="readingOrder {index:27;}">
                <Coords points="1583,1802 2783,1817 2762,1766 1583,1736"/>
                <Baseline points="1600,1794 1659,1795 1719,1797 1778,1797 1838,1798 1897,1794 1957,1800 2016,1797 2076,1799 2135,1800 2195,1803 2255,1803 2314,1806 2374,1806 2433,1806 2493,1806 2552,1806 2612,1806 2671,1809 2731,1809 2791,1809"/>
                <TextEquiv>
                    <Unicode>ein eigenartiges Verbrechen. Ein abgewiesener Liebhaber machte</Unicode>
                </TextEquiv>
            </TextLine>
            <TextLine id="tr_2_tl_29" custom="readingOrder {index:28;}">
                <Coords points="1297,1832 1327,1835 1339,1823 1387,1811 1414,1820 1423,1811 1468,1820 1495,1805 1534,1805 1534,1784 1498,1769 1480,1778 1465,1766 1420,1763 1402,1769 1372,1763 1363,1772 1345,1760 1297,1766"/>
                <Baseline points="1313,1803 1338,1803 1364,1803 1389,1803 1415,1804 1440,1806 1466,1805 1491,1803 1517,1803 1543,1803"/>
                <TextEquiv>
                    <Unicode>wiederum</Unicode>
                </TextEquiv>
            </TextLine>
            <TextLine id="tr_2_tl_30" custom="readingOrder {index:29;}">
                <Coords points="385,1853 1540,1865 1540,1817 1492,1808 385,1808"/>
                <Baseline points="403,1845 460,1843 517,1843 574,1844 632,1845 689,1848 746,1846 804,1848 861,1849 918,1851 976,1853 1033,1851 1090,1852 1147,1853 1205,1851 1262,1853 1319,1853 1377,1853 1434,1853 1491,1853 1549,1853"/>
                <TextEquiv>
                    <Unicode>Dokument literarischer Charakterfestigkeit und unbeirrbar</Unicode>
                </TextEquiv>
            </TextLine>
            <TextLine id="tr_2_tl_31" custom="readingOrder {index:30;}">
                <Coords points="1583,1853 2479,1889 2783,1880 2783,1820 1580,1802"/>
                <Baseline points="1600,1842 1659,1844 1719,1844 1778,1848 1838,1846 1897,1848 1957,1851 2016,1849 2076,1851 2135,1851 2195,1852 2255,1853 2314,1853 2374,1854 2433,1856 2493,1856 2552,1856 2612,1856 2671,1856 2731,1856 2791,1859"/>
                <TextEquiv>
                    <Unicode>den Versuch, die Frau, von der er abgewiesen worden war, durch</Unicode>
                </TextEquiv>
            </TextLine>
            <TextLine id="tr_2_tl_32" custom="readingOrder {index:31;}">
                <Coords points="1586,1905 1619,1902 1655,1932 1712,1902 2118,1911 2118,1856 1962,1871 1835,1850 1817,1865 1676,1844 1586,1856"/>
                <Baseline points="1603,1892 1629,1892 1655,1892 1681,1892 1707,1892 1733,1892 1759,1893 1785,1895 1811,1895 1837,1894 1864,1892 1890,1893 1916,1895 1942,1895 1968,1895 1994,1895 2020,1895 2046,1895 2072,1896 2098,1898 2125,1898"/>
                <TextEquiv>
                    <Unicode>ein Bombenattentat zu töten.</Unicode>
                </TextEquiv>
            </TextLine>
            <TextLine id="tr_2_tl_33" custom="readingOrder {index:32;}">
                <Coords points="385,1899 1540,1914 1540,1862 385,1850"/>
                <Baseline points="403,1892 460,1892 517,1890 574,1891 631,1892 688,1895 745,1895 803,1895 860,1898 917,1898 974,1898 1031,1901 1088,1901 1145,1901 1203,1901 1260,1901 1317,1901 1374,1901 1431,1901 1488,1901 1546,1904"/>
                <TextEquiv>
                    <Unicode>künstlerischen Willens. Beweis dafür: Es werden bisher</Unicode>
                </TextEquiv>
            </TextLine>
            <TextLine id="tr_2_tl_34" custom="readingOrder {index:33;}">
                <Coords points="385,1947 1540,1962 1501,1902 385,1896"/>
                <Baseline points="403,1940 460,1940 517,1940 574,1940 631,1940 688,1941 745,1943 803,1946 860,1946 917,1947 974,1949 1031,1949 1088,1950 1145,1952 1203,1952 1260,1952 1317,1951 1374,1951 1431,1952 1488,1952 1546,1952"/>
                <TextEquiv>
                    <Unicode>bekannte Werke von Dichtern veröffentlicht, die Weltgeltu</Unicode>
                </TextEquiv>
            </TextLine>
            <TextLine id="tr_2_tl_35" custom="readingOrder {index:34;}">
                <Coords points="1691,1953 2768,1971 2783,1877 2636,1917 1688,1908"/>
                <Baseline points="1707,1946 1761,1943 1815,1943 1869,1943 1923,1945 1978,1943 2032,1944 2086,1946 2140,1948 2194,1949 2249,1949 2303,1949 2357,1951 2411,1952 2465,1952 2520,1955 2574,1954 2628,1952 2682,1952 2736,1952 2791,1952"/>
                <TextEquiv>
                    <Unicode>Hiezu werden folgende Einzelheiten berichtet: In der Mühl¬</Unicode>
                </TextEquiv>
            </TextLine>
            <TextLine id="tr_2_tl_36" custom="readingOrder {index:35;}">
                <Coords points="379,2010 1537,2013 1510,1959 379,1947"/>
                <Baseline points="397,1985 454,1989 511,1991 569,1994 626,1991 684,1992 741,1996 799,1997 856,1995 914,1995 971,1999 1028,1997 1086,2000 1143,2000 1201,2000 1258,1998 1316,2000 1373,2000 1431,2000 1488,2000 1546,2000"/>
                <TextEquiv>
                    <Unicode>haben, umstritten zwar und trotzdem ihrer literarhistorisch</Unicode>
                </TextEquiv>
            </TextLine>
            <TextLine id="tr_2_tl_37" custom="readingOrder {index:36;}">
                <Coords points="1586,2013 2780,2013 2777,1968 2663,1956 1586,1938"/>
                <Baseline points="1603,1994 1662,1991 1721,1991 1780,1991 1839,1991 1898,1991 1957,1994 2016,1994 2075,1996 2134,1997 2194,1997 2253,1997 2312,1997 2371,2000 2430,2000 2489,2000 2548,2003 2607,2003 2666,2003 2725,2003 2785,2003"/>
                <TextEquiv>
                    <Unicode>gasse 23 in Leoben wohnt die verwitwete Wirtschafterin Katharine</Unicode>
                </TextEquiv>
            </TextLine>
            <TextLine id="tr_2_tl_38" custom="readingOrder {index:37;}">
                <Coords points="1595,2049 2780,2064 2744,2010 1595,2010"/>
                <Baseline points="1612,2036 1670,2039 1729,2039 1788,2042 1847,2042 1906,2042 1964,2042 2023,2043 2082,2045 2141,2045 2200,2045 2258,2048 2317,2048 2376,2051 2435,2048 2494,2050 2552,2048 2611,2051 2670,2051 2729,2051 2788,2051"/>
                <TextEquiv>
                    <Unicode>Feiertag. Frau Feiertag, eine sehr hübsche und lebenslustige</Unicode>
                </TextEquiv>
            </TextLine>
            <TextLine id="tr_2_tl_39" custom="readingOrder {index:38;}">
                <Coords points="385,2046 1531,2058 1531,2010 385,2001"/>
                <Baseline points="403,2039 459,2037 516,2039 573,2041 630,2042 687,2042 744,2044 800,2045 857,2045 914,2046 971,2048 1028,2048 1085,2049 1142,2051 1198,2051 1255,2048 1312,2050 1369,2050 1426,2051 1483,2051 1540,2054"/>
                <TextEquiv>
                    <Unicode>Wertbeständigkeit zufolge unantastbar. Es gehört im heuti¬</Unicode>
                </TextEquiv>
            </TextLine>
            <TextLine id="tr_2_tl_40" custom="readingOrder {index:39;}">
                <Coords points="1592,2100 2777,2109 2777,2064 2560,2049 1592,2058"/>
                <Baseline points="1609,2083 1667,2086 1726,2086 1785,2089 1844,2089 1903,2089 1961,2089 2020,2089 2079,2092 2138,2095 2197,2092 2255,2095 2314,2095 2373,2095 2432,2098 2491,2098 2549,2098 2608,2098 2667,2098 2726,2098 2785,2098"/>
                <TextEquiv>
                    <Unicode>Frau, die öfters Unterhaltungen besuchte, hatte zahlreiche Bekannte</Unicode>
                </TextEquiv>
            </TextLine>
            <TextLine id="tr_2_tl_41" custom="readingOrder {index:40;}">
                <Coords points="388,2103 1531,2109 1531,2058 388,2049"/>
                <Baseline points="406,2086 462,2088 519,2088 576,2089 632,2089 689,2092 746,2092 802,2092 859,2095 916,2095 973,2095 1029,2095 1086,2098 1143,2098 1199,2098 1256,2098 1313,2098 1369,2098 1426,2098 1483,2098 1540,2101"/>
                <TextEquiv>
                    <Unicode>Deutschland Mut dazu, eine solche Autorenliste zu veröffentlich</Unicode>
                </TextEquiv>
            </TextLine>
            <TextLine id="tr_2_tl_42" custom="readingOrder {index:41;}">
                <Coords points="1586,2139 2777,2160 2759,2106 1586,2100"/>
                <Baseline points="1603,2128 1662,2132 1721,2136 1780,2137 1839,2137 1898,2137 1957,2140 2016,2138 2075,2140 2134,2143 2194,2141 2253,2143 2312,2143 2371,2143 2430,2146 2489,2146 2548,2146 2607,2146 2666,2146 2725,2146 2785,2143"/>
                <TextEquiv>
                    <Unicode>und darunter mehrere Verehrer. Besonders einer von diesen ver¬</Unicode>
                </TextEquiv>
            </TextLine>
            <TextLine id="tr_2_tl_43" custom="readingOrder {index:42;}">
                <Coords points="385,2148 1450,2181 1540,2157 1540,2115 382,2100"/>
                <Baseline points="403,2134 460,2135 517,2137 574,2137 631,2140 688,2140 745,2140 803,2143 860,2142 917,2141 974,2148 1031,2143 1088,2149 1145,2147 1203,2149 1260,2149 1317,2148 1374,2146 1431,2149 1488,2149 1546,2149"/>
                <TextEquiv>
                    <Unicode>wie sie der brave Berliner Verlag seinen Lesern jetzt präsentie</Unicode>
                </TextEquiv>
            </TextLine>
            <TextLine id="tr_2_tl_44" custom="readingOrder {index:43;}">
                <Coords points="385,2196 569,2214 626,2196 710,2217 818,2187 873,2211 909,2205 909,2145 827,2160 385,2148"/>
                <Baseline points="403,2185 428,2185 454,2185 479,2185 505,2185 531,2185 556,2185 582,2185 608,2187 633,2188 659,2190 685,2190 710,2188 736,2189 762,2191 787,2189 813,2188 839,2190 864,2191 890,2191 916,2191"/>
                <TextEquiv>
                    <Unicode>Hofmannsthal, Jakob Wa</Unicode>
                </TextEquiv>
            </TextLine>
            <TextLine id="tr_2_tl_45" custom="readingOrder {index:44;}">
                <Coords points="1595,2193 2783,2208 2783,2157 2729,2151 1595,2142"/>
                <Baseline points="1612,2179 1674,2182 1736,2184 1798,2185 1860,2186 1922,2188 1984,2188 2046,2188 2108,2191 2170,2191 2232,2194 2294,2192 2356,2194 2418,2194 2480,2194 2542,2194 2604,2197 2666,2196 2728,2197 2791,2197"/>
                <TextEquiv>
                    <Unicode>folgte die Frau mit Liebesanträgen, wurde aber stets abgewiesen.</Unicode>
                </TextEquiv>
            </TextLine>
            <TextLine id="tr_2_tl_46" custom="readingOrder {index:45;}">
                <Coords points="987,2205 1525,2208 1522,2157 1471,2157 1453,2178 1366,2151 1345,2166 1288,2154 1255,2175 1164,2151 984,2166"/>
                <Baseline points="1003,2194 1029,2194 1055,2194 1082,2194 1108,2195 1135,2197 1161,2195 1187,2194 1214,2196 1240,2197 1267,2197 1293,2197 1319,2197 1346,2197 1372,2197 1399,2197 1425,2198 1451,2200 1478,2200 1504,2199 1531,2197"/>
                <TextEquiv>
                    <Unicode>ann, René Schickele, M.</Unicode>
                </TextEquiv>
            </TextLine>
            <TextLine id="tr_2_tl_47" custom="readingOrder {index:46;}">
                <Coords points="385,2242 557,2260 584,2239 719,2239 761,2266 845,2269 915,2242 915,2214 812,2184 791,2205 728,2199 710,2217 644,2196 575,2214 385,2199"/>
                <Baseline points="403,2236 430,2234 457,2234 484,2235 512,2236 539,2236 566,2236 594,2236 621,2236 648,2237 676,2239 703,2239 730,2238 758,2236 785,2238 812,2239 840,2239 867,2239 894,2239 922,2236"/>
                <TextEquiv>
                    <Unicode>Heimann, Artur Schnitzler</Unicode>
                </TextEquiv>
            </TextLine>
            <TextLine id="tr_2_tl_48" custom="readingOrder {index:47;}">
                <Coords points="1589,2239 2762,2260 2777,2208 1586,2196"/>
                <Baseline points="1606,2227 1665,2230 1724,2232 1783,2233 1842,2234 1901,2234 1960,2236 2019,2236 2078,2238 2137,2239 2197,2239 2256,2241 2315,2239 2374,2242 2433,2242 2492,2242 2551,2245 2610,2245 2669,2245 2728,2245 2788,2242"/>
                <TextEquiv>
                    <Unicode>Dieser Mann, dessen Name mit Rücksicht auf die behördliche Unter¬</Unicode>
                </TextEquiv>
            </TextLine>
            <TextLine id="tr_2_tl_49" custom="readingOrder {index:48;}">
                <Coords points="960,2260 1405,2266 1453,2251 1528,2266 1525,2208 1438,2196 1411,2217 1273,2214 1243,2196 1170,2217 1110,2193 1083,2217 957,2208"/>
                <Baseline points="976,2242 1004,2242 1032,2243 1060,2245 1088,2245 1116,2245 1144,2245 1172,2246 1200,2248 1228,2246 1256,2245 1284,2245 1312,2247 1340,2248 1368,2248 1396,2248 1424,2248 1452,2246 1480,2246 1508,2248 1537,2248"/>
                <TextEquiv>
                    <Unicode>diesen gegenüber Thomas Ma</Unicode>
                </TextEquiv>
            </TextLine>
            <TextLine id="tr_2_tl_50" custom="readingOrder {index:49;}">
                <Coords points="1595,2290 2705,2311 2795,2305 2792,2245 1592,2239"/>
                <Baseline points="1612,2274 1671,2278 1730,2280 1790,2283 1849,2283 1909,2285 1968,2286 2027,2283 2087,2285 2146,2286 2206,2287 2265,2289 2324,2286 2384,2289 2443,2291 2503,2292 2562,2293 2621,2295 2681,2292 2740,2293 2800,2295"/>
                <TextEquiv>
                    <Unicode>suchung noch nicht genannt wird, scheint den Plan gefaßt zu haben,</Unicode>
                </TextEquiv>
            </TextLine>
            <TextLine id="tr_2_tl_51" custom="readingOrder {index:50;}">
                <Coords points="382,2293 1528,2311 1528,2266 1453,2251 382,2242"/>
                <Baseline points="400,2280 456,2283 513,2283 570,2283 627,2286 684,2285 741,2285 797,2289 854,2289 911,2289 968,2289 1025,2292 1082,2293 1139,2295 1195,2293 1252,2295 1309,2295 1366,2295 1423,2295 1480,2295 1537,2298"/>
                <TextEquiv>
                    <Unicode>Richard Dehner, Gerhart Hauptmann und Richard Billing</Unicode>
                </TextEquiv>
            </TextLine>
            <TextLine id="tr_2_tl_52" custom="readingOrder {index:51;}">
                <Coords points="1598,2338 2786,2353 2786,2311 2732,2299 1598,2290"/>
                <Baseline points="1615,2328 1677,2328 1739,2330 1801,2334 1863,2331 1925,2334 1987,2334 2049,2336 2111,2337 2173,2337 2235,2337 2297,2337 2359,2337 2421,2337 2483,2338 2545,2338 2607,2340 2669,2340 2731,2340 2794,2343"/>
                <TextEquiv>
                    <Unicode>sich an der Frau Feiertag zu rächen. Ob er sie nur erschrecken wollte</Unicode>
                </TextEquiv>
            </TextLine>
            <TextLine id="tr_2_tl_53" custom="readingOrder {index:52;}">
                <Coords points="388,2338 1559,2362 1559,2314 1396,2296 388,2293"/>
                <Baseline points="406,2331 464,2331 522,2333 580,2334 638,2334 696,2335 754,2337 812,2340 870,2339 928,2343 986,2340 1044,2340 1102,2342 1160,2340 1218,2343 1276,2343 1334,2345 1392,2346 1450,2344 1508,2346 1567,2346"/>
                <TextEquiv>
                    <Unicode>Vielleicht wird erst in fünfzig oder in hundert Jahren</Unicode>
                </TextEquiv>
            </TextLine>
            <TextLine id="tr_2_tl_54" custom="readingOrder {index:53;}">
                <Coords points="2248,2380 2296,2374 2329,2392 2347,2377 2389,2389 2428,2374 2449,2392 2548,2377 2578,2395 2630,2377 2687,2380 2687,2356 2654,2347 2350,2356 2248,2344"/>
                <Baseline points="2265,2370 2290,2373 2315,2376 2340,2374 2366,2373 2391,2371 2416,2371 2442,2372 2467,2373 2492,2373 2517,2376 2543,2379 2568,2377 2593,2375 2619,2374 2644,2374 2669,2376 2695,2376"/>
                <TextEquiv>
                    <Unicode>nia</Unicode>
                </TextEquiv>
            </TextLine>
            <TextLine id="tr_2_tl_55" custom="readingOrder {index:54;}">
                <Coords points="376,2389 1580,2407 1580,2365 1522,2347 376,2341"/>
                <Baseline points="394,2382 453,2380 513,2384 573,2382 632,2384 692,2384 752,2385 811,2386 871,2388 931,2391 991,2390 1050,2390 1110,2391 1170,2391 1229,2391 1289,2391 1349,2392 1408,2394 1468,2394 1528,2392 1588,2394"/>
                <TextEquiv>
                    <Unicode>Kulturhistoriker ermessen können, wie schwer es gewesen sein</Unicode>
                </TextEquiv>
            </TextLine>
            <TextLine id="tr_2_tl_56" custom="readingOrder {index:55;}">
                <Coords points="1607,2398 2792,2428 2792,2353 2753,2347 2569,2386 1607,2335"/>
                <Baseline points="1624,2388 1682,2391 1741,2391 1799,2391 1858,2391 1917,2391 1975,2392 2034,2392 2093,2397 2151,2395 2210,2397 2269,2400 2327,2399 2386,2403 2445,2403 2503,2403 2562,2404 2621,2404 2679,2406 2738,2404 2797,2406"/>
                <TextEquiv>
                    <Unicode>sich nur noch Gestein und Kniehölz findet. Hier spiegelt de¬</Unicode>
                </TextEquiv>
            </TextLine>
            <TextLine id="tr_2_tl_57" custom="readingOrder {index:56;}">
                <Coords points="379,2437 1574,2461 1571,2404 1510,2398 379,2392"/>
                <Baseline points="397,2427 456,2430 515,2432 574,2433 633,2431 692,2433 751,2433 810,2436 869,2438 928,2439 988,2439 1047,2439 1106,2439 1165,2442 1224,2442 1283,2440 1342,2442 1401,2442 1460,2442 1519,2442 1579,2445"/>
                <TextEquiv>
                    <Unicode>muß, scheinbar so heterogene, in ihrer psychischen Leistungsfähig</Unicode>
                </TextEquiv>
            </TextLine>
            <TextLine id="tr_2_tl_58" custom="readingOrder {index:57;}">
                <Coords points="1604,2443 2792,2461 2756,2413 1604,2401"/>
                <Baseline points="1621,2433 1683,2437 1745,2439 1807,2439 1869,2440 1931,2442 1993,2442 2055,2444 2117,2445 2179,2445 2241,2448 2303,2448 2365,2448 2427,2448 2489,2451 2551,2453 2613,2454 2675,2454 2737,2454 2800,2454"/>
                <TextEquiv>
                    <Unicode>Vollmond ein unter dem Hauche des Südsturmes erschauernde</Unicode>
                </TextEquiv>
            </TextLine>
            <TextLine id="tr_2_tl_59" custom="readingOrder {index:58;}">
                <Coords points="385,2494 1216,2494 1342,2548 1787,2488 2792,2512 2792,2464 2305,2446 385,2440"/>
                <Baseline points="403,2471 522,2474 642,2476 762,2480 882,2482 1002,2481 1122,2486 1241,2489 1361,2487 1481,2492 1601,2488 1721,2486 1841,2489 1961,2490 2080,2490 2200,2495 2320,2497 2440,2498 2560,2501 2680,2501 2800,2501"/>
                <TextEquiv>
                    <Unicode>keit gleichwohl eben öfte auf einen Punkt zu kon= schwarzer Teich, der eine mächtig schattende Kraterwand</Unicode>
                </TextEquiv>
            </TextLine>
            <TextLine id="tr_2_tl_60" custom="readingOrder {index:59;}">
                <Coords points="385,2566 599,2527 1176,2557 1246,2545 1246,2497 382,2485"/>
                <Baseline points="403,2525 445,2525 488,2525 530,2525 573,2527 615,2528 658,2528 700,2528 743,2528 785,2528 828,2528 870,2528 913,2528 955,2529 998,2531 1040,2532 1083,2535 1125,2537 1168,2534 1210,2537 1253,2537"/>
                <TextEquiv>
                    <Unicode>zentrieren. Dem S.-Fischer=Verlag gelang es.</Unicode>
                </TextEquiv>
            </TextLine>
            <TextLine id="tr_2_tl_61" custom="readingOrder {index:60;}">
                <Coords points="1604,2545 2299,2594 2792,2560 2792,2512 1604,2500"/>
                <Baseline points="1621,2534 1683,2534 1745,2534 1807,2534 1869,2534 1931,2537 1993,2538 2055,2540 2117,2540 2179,2543 2241,2546 2303,2546 2365,2546 2427,2546 2489,2549 2551,2549 2613,2549 2675,2552 2737,2552 2800,2552"/>
                <TextEquiv>
                    <Unicode>granitenen Schutte hinter sich hat. Ueber sie läuft der Kamm</Unicode>
                </TextEquiv>
            </TextLine>
            <TextLine id="tr_2_tl_62" custom="readingOrder {index:61;}">
                <Coords points="487,2585 1868,2594 1868,2545 1525,2524 1294,2557 487,2533"/>
                <Baseline points="504,2576 572,2576 641,2576 709,2576 778,2579 846,2579 915,2578 983,2580 1052,2583 1120,2585 1189,2585 1257,2585 1326,2585 1394,2585 1463,2588 1531,2585 1600,2584 1668,2579 1737,2579 1805,2582 1874,2585"/>
                <TextEquiv>
                    <Unicode>Aus dem interessanten Jahrbuch, das er jetzt herausgibt des Gebirges.</Unicode>
                </TextEquiv>
            </TextLine>
            <TextLine id="tr_2_tl_63" custom="readingOrder {index:62;}">
                <Coords points="376,2627 1577,2651 1577,2606 1387,2588 376,2582"/>
                <Baseline points="394,2624 453,2623 513,2623 572,2624 632,2626 691,2626 751,2627 810,2628 870,2630 929,2630 989,2630 1049,2630 1108,2633 1168,2633 1227,2633 1287,2633 1346,2636 1406,2634 1465,2636 1525,2634 1585,2636"/>
                <TextEquiv>
                    <Unicode>und das, wie erwähnt, fast durchweg Primeurs enthält, ver¬</Unicode>
                </TextEquiv>
            </TextLine>
            <TextLine id="tr_2_tl_64" custom="readingOrder {index:63;}">
                <Coords points="1706,2639 2792,2660 2792,2560 2588,2594 2455,2566 2362,2597 1706,2591"/>
                <Baseline points="1722,2630 1775,2631 1829,2633 1883,2633 1937,2633 1991,2633 2045,2634 2099,2636 2153,2636 2207,2636 2261,2639 2314,2639 2368,2639 2422,2641 2476,2645 2530,2645 2584,2645 2638,2646 2692,2648 2746,2648 2800,2648"/>
                <TextEquiv>
                    <Unicode>Der Pater, der Förster und die Waldleute legen jetzt einen</Unicode>
                </TextEquiv>
            </TextLine>
            <TextLine id="tr_2_tl_65" custom="readingOrder {index:64;}">
                <Coords points="379,2684 2759,2711 2792,2660 376,2627"/>
                <Baseline points="397,2674 517,2674 637,2673 757,2674 877,2674 997,2674 1117,2682 1238,2683 1358,2680 1478,2682 1598,2680 1718,2678 1838,2680 1958,2682 2079,2683 2199,2686 2319,2686 2439,2689 2559,2692 2679,2695 2800,2698"/>
                <TextEquiv>
                    <Unicode>öffentlichen wir nachstehend — ein Fragment aus einem übel gangbaren Umweg am steinichten Seerand zurück. In</Unicode>
                </TextEquiv>
            </TextLine>
            <TextLine id="tr_2_tl_66" custom="readingOrder {index:65;}">
                <Coords points="382,2732 2792,2750 2792,2702 2711,2696 382,2681"/>
                <Baseline points="400,2722 520,2722 640,2720 760,2722 880,2725 1000,2725 1120,2731 1240,2733 1360,2731 1480,2731 1600,2728 1720,2726 1840,2728 1960,2728 2080,2731 2200,2731 2320,2734 2440,2738 2560,2740 2680,2740 2800,2743"/>
                <TextEquiv>
                    <Unicode>Fragment — Bruchstücke aus Gerhart Hauptmanns neuem doppeltem Lichtnebel im Wasser und über der Fläche schwebend:</Unicode>
                </TextEquiv>
            </TextLine>
            <TextLine id="tr_2_tl_67" custom="readingOrder {index:66;}">
                <Coords points="376,2780 1571,2795 1553,2741 376,2732"/>
                <Baseline points="394,2770 453,2770 512,2772 571,2773 631,2770 690,2772 749,2773 808,2771 868,2773 927,2773 986,2774 1045,2776 1105,2776 1164,2779 1223,2779 1282,2782 1342,2782 1401,2782 1460,2782 1519,2779 1579,2782"/>
                <TextEquiv>
                    <Unicode>Roman „Merlin“. Der Dichter hat sich da neuerdings in ein</Unicode>
                </TextEquiv>
            </TextLine>
            <TextLine id="tr_2_tl_68" custom="readingOrder {index:67;}">
                <Coords points="1604,2789 2798,2807 2777,2750 1604,2732"/>
                <Baseline points="1621,2776 1680,2776 1739,2774 1798,2776 1858,2776 1917,2776 1976,2776 2035,2776 2095,2778 2154,2776 2213,2780 2272,2782 2332,2785 2391,2783 2450,2785 2509,2788 2569,2788 2628,2789 2687,2791 2746,2791 2806,2794"/>
                <TextEquiv>
                    <Unicode>so wird von der Toten eine Stelle jenseits des Sees erreicht,</Unicode>
                </TextEquiv>
            </TextLine>
            <TextLine id="tr_2_tl_69" custom="readingOrder {index:68;}">
                <Coords points="385,2828 1513,2852 1574,2849 1574,2795 382,2780"/>
                <Baseline points="403,2821 465,2818 527,2820 589,2821 651,2821 713,2821 775,2821 837,2823 899,2824 961,2823 1023,2824 1085,2825 1147,2827 1209,2827 1271,2830 1333,2830 1395,2830 1457,2832 1519,2833 1582,2830"/>
                <TextEquiv>
                    <Unicode>sehr verwickelte und vernebelte Gespenstergeschichte versponnen</Unicode>
                </TextEquiv>
            </TextLine>
            <TextLine id="tr_2_tl_70" custom="readingOrder {index:69;}">
                <Coords points="1601,2828 2801,2849 2801,2810 2651,2792 1601,2789"/>
                <Baseline points="1618,2821 1677,2822 1736,2824 1796,2824 1855,2824 1915,2824 1974,2824 2033,2827 2093,2827 2152,2830 2212,2830 2271,2832 2330,2830 2390,2833 2449,2833 2509,2836 2568,2837 2627,2837 2687,2839 2746,2839 2806,2842"/>
                <TextEquiv>
                    <Unicode>wo sie mit einer schnellen Hellung im Boden verschwindet. Der</Unicode>
                </TextEquiv>
            </TextLine>
            <TextLine id="tr_2_tl_71" custom="readingOrder {index:70;}">
                <Coords points="376,2873 1727,2876 2043,2925 2795,2903 2795,2846 2464,2834 376,2822"/>
                <Baseline points="394,2866 514,2869 634,2870 754,2872 875,2873 995,2872 1115,2878 1236,2878 1356,2878 1476,2880 1597,2874 1717,2872 1837,2872 1957,2875 2078,2876 2198,2878 2318,2882 2439,2884 2559,2886 2679,2889 2800,2886"/>
                <TextEquiv>
                    <Unicode>deren Ende nach all dem, was hier zu lesen ist, wohl noch un¬ Pater scheint nun über etwas ins Klare gelangt und zu etwas</Unicode>
                </TextEquiv>
            </TextLine>
            <TextLine id="tr_2_tl_72" custom="readingOrder {index:71;}">
                <Coords points="379,2925 1874,2946 1874,2894 1724,2873 379,2876"/>
                <Baseline points="397,2913 471,2916 545,2918 619,2919 694,2919 768,2919 842,2919 917,2922 991,2922 1065,2922 1140,2925 1214,2922 1288,2925 1362,2924 1437,2928 1511,2925 1585,2925 1660,2916 1734,2919 1808,2920 1883,2922"/>
                <TextEquiv>
                    <Unicode>absehbar bleibt, deren Schönheiten jedoch — wie meistens entschlossen.</Unicode>
                </TextEquiv>
            </TextLine>
            <TextLine id="tr_2_tl_73" custom="readingOrder {index:72;}">
                <Coords points="385,2979 1586,2991 1586,2937 1537,2934 385,2928"/>
                <Baseline points="403,2964 462,2966 522,2964 581,2967 641,2967 700,2967 760,2967 819,2967 879,2969 938,2967 998,2971 1058,2969 1117,2973 1177,2973 1236,2973 1296,2973 1355,2973 1415,2976 1474,2976 1534,2976 1594,2973"/>
                <TextEquiv>
                    <Unicode>Gerhart Hauptmanns Prosa — durch Feuerfunken, in die</Unicode>
                </TextEquiv>
            </TextLine>
            <TextLine id="tr_2_tl_74" custom="readingOrder {index:73;}">
                <Coords points="382,3021 1583,3039 1583,2991 1528,2979 382,2985"/>
                <Baseline points="400,3012 459,3015 519,3017 578,3015 638,3016 697,3018 757,3018 816,3021 876,3023 935,3021 995,3021 1055,3021 1114,3024 1174,3023 1233,3021 1293,3024 1352,3024 1412,3024 1471,3024 1531,3025 1591,3024"/>
                <TextEquiv>
                    <Unicode>romantische Dämmerung gestreut, besonders wirksam sind.</Unicode>
                </TextEquiv>
            </TextLine>
            <TextLine id="tr_2_tl_75" custom="readingOrder {index:74;}">
                <Coords points="385,3072 1586,3087 1586,3042 1489,3027 385,3024"/>
                <Baseline points="403,3063 462,3064 522,3064 581,3063 641,3066 700,3068 760,3069 819,3069 879,3069 938,3069 998,3069 1058,3071 1117,3072 1177,3071 1236,3071 1296,3072 1355,3073 1415,3075 1474,3075 1534,3075 1594,3075"/>
                <TextEquiv>
                    <Unicode>Szenerie: Ein Kramladen im schlesischen Gebirge. Föhnsturm</Unicode>
                </TextEquiv>
            </TextLine>
            <TextLine id="tr_2_tl_76" custom="readingOrder {index:75;}">
                <Coords points="391,3123 1577,3138 1553,3084 391,3072"/>
                <Baseline points="409,3116 467,3113 526,3113 585,3113 644,3113 703,3115 761,3116 820,3116 879,3116 938,3116 997,3119 1055,3119 1114,3119 1173,3122 1232,3119 1291,3121 1349,3122 1408,3119 1467,3119 1526,3122 1585,3125"/>
                <TextEquiv>
                    <Unicode>fegt durch den braunen Vorfrühling. Macht die Leute nervös</Unicode>
                </TextEquiv>
            </TextLine>
            <TextLine id="tr_2_tl_77" custom="readingOrder {index:76;}">
                <Coords points="391,3174 1580,3180 1580,3138 1447,3126 391,3123"/>
                <Baseline points="409,3158 471,3162 533,3166 595,3164 657,3164 719,3164 781,3165 843,3167 905,3167 967,3166 1029,3167 1091,3167 1153,3167 1215,3167 1277,3170 1339,3170 1401,3170 1463,3170 1525,3173 1588,3173"/>
                <TextEquiv>
                    <Unicode>fiebrig, so daß sie Gespenster sehen. Der Flickschuster Glumm,</Unicode>
                </TextEquiv>
            </TextLine>
            <TextLine id="tr_2_tl_78" custom="readingOrder {index:77;}">
                <Coords points="388,3222 1574,3228 1556,3180 388,3174"/>
                <Baseline points="406,3209 464,3212 523,3212 582,3212 641,3212 700,3214 758,3215 817,3215 876,3215 935,3215 994,3215 1052,3216 1111,3218 1170,3218 1229,3216 1288,3218 1346,3218 1405,3218 1464,3220 1523,3221 1582,3221"/>
                <TextEquiv>
                    <Unicode>seine Frau und seine Freunde sitzen in einer verqualmten Stube</Unicode>
                </TextEquiv>
            </TextLine>
            <TextLine id="tr_2_tl_79" custom="readingOrder {index:78;}">
                <Coords points="385,3271 1577,3280 1577,3237 1465,3225 385,3225"/>
                <Baseline points="403,3260 462,3258 521,3260 580,3260 639,3259 698,3263 757,3263 816,3263 875,3265 934,3266 994,3266 1053,3266 1112,3266 1171,3266 1230,3264 1289,3268 1348,3269 1407,3269 1466,3269 1525,3269 1585,3272"/>
                <TextEquiv>
                    <Unicode>Es herrscht Maeterlinck-Stimmung. Frau Grumm warter au</Unicode>
                </TextEquiv>
            </TextLine>
            <TextLine id="tr_2_tl_80" custom="readingOrder {index:79;}">
                <Coords points="376,3316 1577,3328 1577,3280 1513,3271 376,3274"/>
                <Baseline points="394,3304 453,3305 512,3307 572,3310 631,3310 691,3310 750,3310 809,3310 869,3310 928,3313 988,3314 1047,3316 1106,3313 1166,3316 1225,3316 1285,3316 1344,3316 1403,3316 1463,3319 1522,3317 1582,3319"/>
                <TextEquiv>
                    <Unicode>einen Bergpater. Der Mönch kommt, nimmt Platz und sagt</Unicode>
                </TextEquiv>
            </TextLine>
            <TextLine id="tr_2_tl_81" custom="readingOrder {index:80;}">
                <Coords points="382,3370 1429,3397 1586,3382 1583,3331 379,3322"/>
                <Baseline points="400,3361 459,3355 519,3357 579,3358 638,3358 698,3358 758,3358 817,3358 877,3360 937,3364 997,3363 1056,3363 1116,3364 1176,3364 1235,3364 1295,3361 1355,3364 1414,3366 1474,3367 1534,3367 1594,3367"/>
                <TextEquiv>
                    <Unicode>„Es ist sicher das Beste, wenn ich Sie einweihe. Sie wissen, wir</Unicode>
                </TextEquiv>
            </TextLine>
            <TextLine id="tr_2_tl_82" custom="readingOrder {index:81;}">
                <Coords points="385,3421 1586,3427 1586,3382 1513,3370 385,3370"/>
                <Baseline points="403,3400 462,3403 521,3403 581,3406 640,3407 700,3407 759,3406 818,3407 878,3409 937,3415 997,3412 1056,3412 1115,3412 1175,3412 1234,3414 1294,3415 1353,3415 1412,3415 1472,3415 1531,3415 1591,3415"/>
                <TextEquiv>
                    <Unicode>sind in der zwölften Stunde. Ich habe aus einer ganz gewissen</Unicode>
                </TextEquiv>
            </TextLine>
            <TextLine id="tr_2_tl_83" custom="readingOrder {index:82;}">
                <Coords points="385,3463 1580,3475 1580,3427 1504,3421 385,3421"/>
                <Baseline points="403,3454 462,3452 521,3454 580,3457 640,3455 699,3457 758,3454 817,3458 877,3460 936,3460 995,3460 1054,3460 1114,3460 1173,3461 1232,3463 1291,3460 1351,3464 1410,3466 1469,3464 1528,3466 1588,3466"/>
                <TextEquiv>
                    <Unicode>Ursache, trotz des Sturmes, den Weg hieher gemacht. Frau</Unicode>
                </TextEquiv>
            </TextLine>
            <TextLine id="tr_2_tl_84" custom="readingOrder {index:83;}">
                <Coords points="385,3517 1580,3532 1550,3472 385,3463"/>
                <Baseline points="403,3501 462,3504 521,3504 580,3504 640,3504 699,3504 758,3504 817,3506 877,3506 936,3507 995,3510 1054,3510 1114,3510 1173,3510 1232,3510 1291,3510 1351,3510 1410,3511 1469,3513 1528,3513 1588,3516"/>
                <TextEquiv>
                    <Unicode>Glumm hat mir nämlich heute morgen, als ich einen Augenblick</Unicode>
                </TextEquiv>
            </TextLine>
            <TextLine id="tr_2_tl_85" custom="readingOrder {index:84;}">
                <Coords points="376,3574 1580,3571 1580,3523 1396,3511 376,3520"/>
                <Baseline points="394,3549 453,3552 513,3552 573,3549 632,3552 692,3552 752,3555 811,3555 871,3555 931,3555 991,3558 1050,3558 1110,3558 1170,3556 1229,3558 1289,3561 1349,3558 1408,3560 1468,3561 1528,3561 1588,3564"/>
                <TextEquiv>
                    <Unicode>vorsprach, von einem sehr sonderbaren Besuch erzählt, der</Unicode>
                </TextEquiv>
            </TextLine>
            <TextLine id="tr_2_tl_86" custom="readingOrder {index:85;}">
                <Coords points="379,3614 1583,3629 1583,3571 1498,3562 379,3571"/>
                <Baseline points="397,3606 456,3600 516,3600 576,3600 635,3602 695,3602 755,3603 814,3604 874,3604 934,3606 994,3604 1053,3608 1113,3606 1173,3609 1232,3609 1292,3609 1352,3609 1411,3609 1471,3609 1531,3609 1591,3612"/>
                <TextEquiv>
                    <Unicode>gestern Schlag Mitternacht hier stattgefunden hat. Die Sache ist</Unicode>
                </TextEquiv>
            </TextLine>
            <TextLine id="tr_2_tl_87" custom="readingOrder {index:86;}">
                <Coords points="376,3659 1583,3674 1583,3629 1420,3610 376,3614"/>
                <Baseline points="394,3645 453,3648 513,3648 573,3645 633,3649 693,3651 753,3648 812,3652 872,3654 932,3654 992,3655 1052,3657 1112,3654 1172,3655 1231,3657 1291,3657 1351,3654 1411,3654 1471,3657 1531,3658 1591,3657"/>
                <TextEquiv>
                    <Unicode>die: es ist Aussicht vorhanden, daß sich dieser Besuch heute um</Unicode>
                </TextEquiv>
            </TextLine>
            <TextLine id="tr_2_tl_88" custom="readingOrder {index:87;}">
                <Coords points="376,3704 1586,3716 1586,3677 1525,3665 376,3659"/>
                <Baseline points="394,3693 454,3697 514,3697 574,3699 634,3699 694,3699 754,3699 814,3702 874,3702 934,3704 994,3703 1054,3702 1114,3704 1174,3704 1234,3706 1294,3707 1354,3704 1414,3706 1474,3707 1534,3705 1594,3707"/>
                <TextEquiv>
                    <Unicode>dieselbe Zeit wiederholen wird. Bis dahin hätten wir noch eine</Unicode>
                </TextEquiv>
            </TextLine>
            <TextLine id="tr_2_tl_89" custom="readingOrder {index:88;}">
                <Coords points="376,3761 1562,3773 1583,3725 373,3713"/>
                <Baseline points="394,3743 453,3743 513,3743 573,3749 633,3746 693,3748 753,3746 812,3749 872,3749 932,3749 992,3749 1052,3751 1112,3752 1172,3755 1231,3755 1291,3755 1351,3755 1411,3755 1471,3752 1531,3756 1591,3761"/>
                <TextEquiv>
                    <Unicode>halbe Stunde. Um was ich Sie jetzt bitten möchte, meine Herren,</Unicode>
                </TextEquiv>
            </TextLine>
            <TextLine id="tr_2_tl_90" custom="readingOrder {index:89;}">
                <Coords points="385,3806 1586,3812 1568,3767 385,3755"/>
                <Baseline points="403,3797 462,3794 521,3794 581,3794 640,3797 700,3797 759,3797 818,3798 878,3798 937,3800 997,3800 1056,3800 1115,3800 1175,3801 1234,3803 1294,3803 1353,3802 1412,3802 1472,3803 1531,3804 1591,3806"/>
                <TextEquiv>
                    <Unicode>ist, etwa fünf Minuten vor zwölf das Licht zu löschen und, was</Unicode>
                </TextEquiv>
            </TextLine>
            <TextLine id="tr_2_tl_91" custom="readingOrder {index:90;}">
                <Coords points="385,3860 1516,3875 1586,3872 1583,3815 382,3806"/>
                <Baseline points="403,3842 462,3842 521,3844 581,3845 640,3845 700,3845 759,3845 818,3848 878,3848 937,3848 997,3850 1056,3846 1115,3850 1175,3851 1234,3851 1294,3851 1353,3850 1412,3850 1472,3851 1531,3852 1591,3854"/>
                <TextEquiv>
                    <Unicode>auch immer geschehe, sich nicht einzumischen, womöglich</Unicode>
                </TextEquiv>
            </TextLine>
            <TextLine id="tr_2_tl_92" custom="readingOrder {index:91;}">
                <Coords points="376,3911 1583,3932 1583,3869 1372,3848 376,3854"/>
                <Baseline points="394,3890 453,3893 513,3891 573,3893 633,3895 693,3893 753,3896 812,3896 872,3896 932,3896 992,3899 1052,3897 1112,3899 1172,3901 1231,3899 1291,3899 1351,3899 1411,3899 1471,3902 1531,3902 1591,3905"/>
                <TextEquiv>
                    <Unicode>mäuschenstill zu sein, ja, durch nichts Ihre Gegenwart zu</Unicode>
                </TextEquiv>
            </TextLine>
            <TextLine id="tr_2_tl_93" custom="readingOrder {index:92;}">
                <Coords points="376,3963 415,3966 433,3975 472,3953 484,3966 493,3963 508,3947 539,3950 545,3957 569,3953 569,3905 511,3911 499,3902 487,3911 469,3911 460,3902 433,3902 421,3911 406,3902 376,3911"/>
                <Baseline points="394,3940 420,3940 446,3940 472,3940 498,3940 524,3940 550,3940 576,3940"/>
                <TextEquiv>
                    <Unicode>verraten.</Unicode>
                </TextEquiv>
            </TextLine>
            <TextLine id="tr_2_tl_94" custom="readingOrder {index:93;}">
                <Coords points="493,4005 1589,4008 1589,3932 1522,3914 493,3947"/>
                <Baseline points="510,3991 564,3987 618,3986 672,3990 726,3991 781,3988 835,3991 889,3990 943,3992 997,3991 1052,3994 1106,3994 1160,3994 1214,3996 1268,3994 1323,3994 1377,3995 1431,3997 1485,3997 1539,4000 1594,4000"/>
                <TextEquiv>
                    <Unicode>Frau Glumm erzählt nun den Hergang der Ereignisse in</Unicode>
                </TextEquiv>
            </TextLine>
            <TextLine id="tr_2_tl_95" custom="readingOrder {index:94;}">
                <Coords points="376,4047 1580,4056 1540,4002 560,4011 376,3975"/>
                <Baseline points="394,4033 453,4036 513,4036 573,4039 632,4039 692,4037 752,4039 811,4039 871,4039 931,4042 991,4042 1050,4042 1110,4042 1170,4045 1229,4043 1289,4042 1349,4041 1408,4043 1468,4045 1528,4045 1588,4048"/>
                <TextEquiv>
                    <Unicode>der vergangenen Nacht, breit, ausführlich, wie nur Gerhart</Unicode>
                </TextEquiv>
            </TextLine>
            <TextLine id="tr_2_tl_96" custom="readingOrder {index:95;}">
                <Coords points="385,4101 1586,4116 1586,4056 1435,4047 385,4047"/>
                <Baseline points="403,4087 462,4084 521,4084 581,4087 640,4085 700,4087 759,4087 818,4087 878,4087 937,4087 997,4087 1056,4089 1115,4090 1175,4091 1234,4093 1294,4093 1353,4092 1412,4090 1472,4093 1531,4093 1591,4096"/>
                <TextEquiv>
                    <Unicode>Hauptmann so eine Geschichte wiedergeben kann. Schließlich</Unicode>
                </TextEquiv>
            </TextLine>
            <TextLine id="tr_2_tl_97" custom="readingOrder {index:96;}">
                <Coords points="382,4158 1483,4158 1483,4104 1384,4092 382,4101"/>
                <Baseline points="400,4128 454,4131 509,4131 563,4133 618,4131 673,4134 727,4132 782,4134 836,4136 891,4137 946,4137 1000,4137 1055,4137 1109,4140 1164,4140 1219,4140 1273,4140 1328,4138 1382,4140 1437,4140 1492,4143"/>
                <TextEquiv>
                    <Unicode>erscheint das Gespenst... (Nun zitieren wir den Dichter.)</Unicode>
                </TextEquiv>
            </TextLine>
            <TextLine id="tr_2_tl_98" custom="readingOrder {index:97;}">
                <Coords points="487,4185 1574,4200 1556,4143 487,4143"/>
                <Baseline points="504,4182 557,4182 611,4183 665,4185 719,4185 773,4182 827,4183 881,4185 935,4185 989,4185 1043,4188 1096,4188 1150,4188 1204,4188 1258,4188 1312,4188 1366,4188 1420,4189 1474,4191 1528,4191 1582,4185"/>
                <TextEquiv>
                    <Unicode>Das Schlagwerk der Uhr hatte zum zwölften Schlag aus¬</Unicode>
                </TextEquiv>
            </TextLine>
            <TextLine id="tr_2_tl_99" custom="readingOrder {index:98;}">
                <Coords points="692,4251 1216,4251 1216,4206 1152,4194 692,4203"/>
                <Baseline points="710,4239 735,4236 761,4233 787,4235 812,4238 838,4241 864,4241 889,4236 915,4239 941,4242 967,4240 992,4238 1018,4236 1044,4237 1069,4239 1095,4237 1121,4236 1146,4236 1172,4237 1198,4239 1224,4236"/>
                <TextEquiv>
                    <Unicode></Unicode>
                </TextEquiv>
            </TextLine>
            <TextEquiv>
                <Unicode></Unicode>
            </TextEquiv>
        </TextRegion>
    </Page>
</PcGts>
