3344 4384
165 278 1028 402 13. Miscellaneous
1213 281 1694 400 box 44/10
255 1410 1398 1497 Es bleiben ihnen von heute ab noch drei Monate,
1436 1413 2579 1503 Reform der Irrenpflege vor, so daß die Landesanstalten
2701 1416 3234 1503 Die oberste Leitung beider
249 1482 1398 1543 innerhalb deren sie um Erlangung der Autorisation
1436 1494 2577 1546 einzig in ganz Oesterreich dastehen werden. Die Geistes¬
2608 1482 3202 1549 österreichische Landesausschuß.
1109 1592 1384 1665 Nachdruck vorderen.
1436 1592 2582 1653 Singen gebracht! Die Sinnlichkeit der Erotik spielt also
2611 1592 3254 1668 Das ist die berühmte Objectivi¬
1436 1641 2585 1699 als Motiv der Kunst nur die gleiche Rolle wie jeder
2611 1647 3263 1702 phrase der Modernen. Daß sie
518 1650 1112 1766 „Gefesselte Kunst.
1430 1694 2577 1746 andere Erreger. Wenn der eine als Erotiker künstlert,
2611 1694 3274 1751 findet, erkenne man an Zola, de
1424 1737 2582 1801 so thut es der andere aus Idealität. Milton sah sich
2614 1749 3263 1809 tastischen Tendenzraisonneur er
634 1737 1031 1818 Von Karl Beibtreu.
1430 1792 2585 1844 vom Puritanismus geradeso zum Dichten erregt, wie
2617 1789 3260 1861 sind auch Tolstoi, Ibsen, Björns
785 1798 918 1896 III. *)
1430 1835 2585 1890 Maupassant von einer Cocote. Deshalb sprach man
2611 1838 3260 1890 logen. Für die wahre Objecti¬
350 1847 1407 1943 Von dieser ebenso naiven als beschränkten, völlig
2614 1888 3263 1960 Dichter und auch den bildenden
1448 1888 2588 1948 früher ausdrücklich von „Erotikern", wie Anakreon, Hafiz
258 1940 2585 1995 undeutschen Auffassung der Kunst zeigt sich auch Berg u. s. w., um den Seelenzustand zu bezeichnen, der die
2611 1937 3263 1992 ja, die sogar untrennbar von all
258 1977 1398 2032 nicht frei. Der größte Theil seines Werkes ist dem er¬
1436 1980 2582 2044 Kunst schließlich nur zum Ausdruck sinnlichen Wohllebens
2611 1983 3260 2038 bringen, — braucht doch auch der
261 2026 1401 2090 such gewidmet, Kunst und Sinnlichkeit als unzertrennlich
1439 2035 2579 2090 mißbraucht. Dem Judenliteratenthum aber, dem wahren
2614 2032 3263 2090 um zur Harmonie zu gelangen!
258 2076 1401 2125 auszugeben. Diesen Unsinn hat die neue naturwissen¬
2611 2079 3260 2142 Shakespeare das ewige Vorbild,
1433 2082 2579 2142 fin de siècle, blieb es vorbehalten, dies für den einzig
261 2125 1407 2180 schaftliche Aesthetik eingeführt, indem sie wie gewöhnlich
1439 2131 2579 2183 richtigen Normalzustand der Kunst zu erklären und Sinn¬
2614 2128 3257 2197 die Sonne scheint auf Gerechte
266 2174 1398 2223 das Thierreich zur Norm nahm. Weil dort Singen und
1448 2180 2579 2232 lichkeit mit Kunstbegabung zu identificiren. Um den Un¬
2608 2180 3263 2238 ist thöricht, ihn in seinen Gestal
258 2220 1398 2284 Farbenspiel nur während der Liebeszeit erscheinen, sol
2611 2223 3266 2284 ist ebensowenig ein Stück Jage
1448 2226 2577 2284 sinn auf die Spitze zu treiben, insinuirt Berg sogar,
258 2278 2579 2333 natürlich auch der Kunsttrieb lediglich aus der Erotik daß man in kunstgebildeten Kreisen immer am meisten
2620 2281 3271 2336 gewesen, ja nicht einmal all seine
258 2319 620 2385 abgeleitet werden.
2611 2325 3266 2380 der Shakespeare, der unsterblich
1436 2322 2579 2385 „liebe". O ja Börsener, Weinreisende, Baron Mikosche
356 2342 1404 2420 Ein naiver Trugschluß durch Verwechselung der
1442 2377 2582 2435 sind ungeheuer gebildet! Als die raffinirteste Verderb¬
2611 2368 3251 2423 dern der steht deutlich genug
261 2406 1410 2475 Prämissen, der obendrein nicht mal historischer Prüfung
2623 2420 3266 2475 Figuren! Und hier erkennen wir
1439 2414 2574 2472 niß in England herrschte, decretirte die Aesthetik der
261 2467 2574 2530 stichhält. Denn die Kunstanfänge der Barbaren fallen Stuart=Cavaliere, daß Shakespeare ein ärmlicher Trop
2617 2472 3266 2539 liche Größe und das Wesen de
258 2513 1398 2571 stets mit religiösen oder kriegerischen Erregun¬
2611 2513 3266 2574 Denn käme es aufs bloße Gest¬
1436 2519 2579 2577 neben dem großen Zotenreißer Wycherley sei. Nein, um¬
269 2562 1410 2611 gen zusammen, die Liebespoesie ist niemals primär. Im
2614 2559 3271 2620 handelnden Weltbildes an, dann
1448 2565 2574 2623 gekehrt: die deutsche Classikerperiode stieg aus dem sitten¬
266 2608 1407 2661 Thierreich bildet die Brunstzeit meist die einzige Er¬
2611 2614 3260 2666 bulirer wie Walter Scott ja
1450 2614 2579 2669 strengen Bürgerthum der Kleinstaaten auf und die grie¬
266 2658 1407 2710 regung, und die Kunst geht natürlich nur aus gesteigerten
2617 2655 3266 2733 stehen, und sogar Tiefe der Cha
1448 2661 2579 2716 chische oder britische Sittlichkeit stand nie höher, als zur
263 2704 1413 2768 Erregung des Lebensgefühls hervor. Beim Menschen
1445 2710 3266 2771 Zeit ihrer Tragiker. Als man „Tristan und Isolde sang, zelner Seenen, sind in den be
261 2753 2588 2814 aber erreichen negative Leidenschaften wie Haß, Rache, war dies nur ein Theil der mittelhochdeutschen Dichtung:
2611 2753 3266 2808 oder der russischen Romancier
263 2799 1410 2857 Ehrsucht, Zorn, Kampfmuth eine ebenso große Stärke,
2611 2808 3266 2863 es ist die zusammenhaltende We
1442 2808 2582 2895 was aber haben Wolfram v. Eschenbach und vollends
269 2852 1395 2907 weshalb der Spruch „facit indignatio versum“ sehr oft zu
2614 2854 3254 2915 hafte Verständniß für alle Vor¬
1445 2852 2417 2927 das Nibelungenlied mit der Erotik zu schaffen?
266 2904 1407 2959 trifft. Und wie die Entrüstung zum Dichter machen kann,
2611 2901 3266 2959 die Verknüpfung von Schuld u
1537 2886 2585 2962 Geradeso kindisch wie obige These ist aber die andere,
2617 2947 3266 3011 Unfreiheit des Willens, die in
269 2953 2582 3008 so erst recht die Begeisterung für die höchsten Güter: daß der Künstler überhaupt jenseits aller Moral stehe,
272 2993 1407 3048 Freiheit, Gerechtigkeit, Vaterland — freilich Dinge, die
2614 2991 3263 3072 predigte Nemesis, was den wahr
1442 2996 2582 3057 daß daher, wie Berg ausführt, der Dichter oder Darsteller
266 3043 1395 3106 dem Juden sehr fern liegen. Dafür kann er sich wenig
2620 3046 3263 3103 separe über alle blos äußerlich
1439 3051 2579 3106 eines Jago selbst gleichsam ein Stück Schurke sein müsse.
272 3095 2585 3156 stens von seinem Ideal, dem Geld, begeistern lassen, Will man in diesem Gallimathias einen Sinn suchen,
2617 3092 3274 3147 der realistischen Lebensabspiegel
272 3135 1413 3193 und dies hat sicher schon manchen jüdischen Literaten zum
2614 3141 3257 3193 keineswegs gethan, und die bloß
1448 3138 2582 3208 so wäre es die Selbstverständlichkeit, daß der Künstler
2620 3193 3263 3266 macht so wenig das geistige Sch
1442 3187 2585 3257 als Wiederspiegler der Natur Schön und Häßlich, Gut
362 3196 1410 3295 *) Siehe Morgenblatt der „Deutschen Zeitung" Nr. 10594
1439 3240 3260 3321 und Böse, mit gleich liebevoller Sorgfalt umfassen müsse, Sinnenfreude. Die ganze Alle¬
266 3234 478 3332 und
