3344 4352
175 272 1039 406 13. Miscellaneous
1218 283 1710 406 box 44/10
101 1233 879 1326 gegenüber dem Reservisten, der ur¬
97 1266 3077 1393 rufen wird und der während dieser Zeit nicht in Reservisten, wie in nicht minderem Maße von den Erklärungen eines östreichen nun¬
2254 1360 2883 1427 (Privattelegramm des N. Wr. Tagblatt.
86 1348 2045 1416 Lage ist, für seine Familie zu sorgen. Ja, die Sprossen des Mittelstandes, die den Offizierstock tragen.
2559 1386 3040 1456 Budapest, 12. November.
1125 1401 2038 1464 Auch die notwendig gewordene Erhöhung der
93 1404 1021 1475 teidiger der herben Staatsdoktrin finden sogar
2157 1423 3058 1505 Der Wiener Korrespondent des „Pester Lloyd
112 1449 2045 1509 schärfere Accente, indem sie dem Armen, dessen Mannschaftsgebühren und Offiziersgagen steht auf der
1039 1494 3073 1546 Tagesordnung. In einem eben erschienenen Werke, hatte eine Unterredung mit einem hervorragenden
89 1501 1013 1561 tärische Qualitäten zum Staatswohle geprüft und
86 1542 3081 1617 geübt werden, zurufen: Gewiß, du bist ein armer welches aktenmäßig die Geschichte der österreichischen österreichischen Staatsmanne, der sich
97 1594 1006 1706 ten da an die Mauer un an
1039 1650 2045 1717 Urheber des sechsten Saltenschen Stiles. Kerr liebt es,
2071 1609 3077 1714 Eingebücher, aber auch nach alte Berühmtheiten
93 1699 633 1773 l. Seite 27, vom 13. November.
1036 1699 3081 1777 seine Kritiken nach Prophetenart zu gestalten: vereinigte, wurde die moderne Kultur aufs genaueste
1036 1758 2041 1822 „Wahrlich, ich sage euch" — Urbild ist Nietzsche. Flug¬
2067 1754 3088 1825 reguliert. Die moderne Kultur war bald ein eigen
2075 1795 3077 1877 geformtes Kleidungsstück, bald als Krawattenhalter ein
1036 1803 2038 1870 gab Salten seine klugen Kritiken nur noch als
1028 1851 3077 1941 Manifeste an die Lesevölker heraus. Er ist alter Siegelung, der in einem Antiquitätenladen
268 1810 920 1959 Feuilleton.
2067 1915 3081 1971 Salzburgs erstanden werden mußte. An solchen
1032 1907 2038 1982 immer der Stärkere. Also auch in der Kunst
2067 1959 3073 2019 Dingen hing der Wiener Aesthetenkreis. Vom großen,
86 1900 466 2049 ne
1043 1959 2038 2030 Seine kecke Novelle „Die Gedenktafel der
2067 2008 3077 2082 flutenden Leben wurde keiner erfaßt. Das Leben allein
1036 2012 2041 2079 Prinzessin Anna", zählt zu den amüsantesten
324 1993 723 2097 Drei Einakter.
2071 2064 3077 2127 gibt der Dichtung einen Inhalt. Der Rodauner borgt
1028 2067 2041 2127 die ich kenne. Und doch nur ein Augenblickserfolg! Der
339 2082 693 2153 (Deutsches Volkstheater.)
2075 2120 3088 2172 sich den Inhalt, um ihn mit prunkenden, purpurnen
1036 2120 2045 2179 Leser fühlt, daß hier eine Brutalisierung der alt¬
101 2123 1013 2213 Felix Salten hat ein starkes Talent und dank¬
1039 2160 3073 2228 italienischen Novelle, eine Kopie mit Unterstreichungen Gewändern der Form zu überdecken. Beer=Hofmanns
82 2194 1009 2261 m eine besondere Stellung im Kreise der Wiener
1036 2209 3084 2280 vorliegt. Beginnt die Erotik alter Novellisten auf der Kunst hat das Pathos, die Glut der Worte, die warm¬
82 2250 1009 2313 raten: Er ist der Unterstreicher. Was andere leis¬
2064 2269 3054 2328 quellende poetische Empfindung, die selbst wie¬
1036 2280 2038 2336 ersten Seite, so fängt der Zynismus Saltens schon mit
82 2302 1009 2373 sprechen, mit Anmut darstellen, mit Zartheit vor¬
1039 2310 3122 2388 einem der erotischen Ornament auf dem Titelblatte Inhalt ist. Arthur Schnitzler steckt sich seine Welt¬
82 2343 1013 2421 gen, wird von Felix Salten verstärkt, verdick,
2064 2365 3069 2444 oft leicht spielend in der Sicherheit seines reinen For¬
1036 2384 2030 2436 an. Salten ist eben der Stärkere. Auch seine altdeutsch
89 2395 1017 2473 tig unterstrichen und so sichtbar gemacht, daß
2071 2418 3073 2499 gefühls, dann wieder tiefer und tiefer auf dem einsamen
1043 2429 2045 2492 Novelle „Herr Wenzel von Rehberg" ist vorzüglich
82 2458 1009 2514 and mehr an den Strichen vorbeikommt, ohne ver¬
1036 2466 3006 2570 geraten und lesenswert. Aber diese famose Erzählung Wege des Gedankens nach einem Inhalt schürfend.
82 2511 1009 2574 ft auszurufen: Ah, der Salten!... Sein Sforzato
2157 2522 3069 2600 Im intimen Verkehr mit dieser Dichtergruppe geht
1036 2537 2038 2593 unterstreicht wiederum nur den alten Chronikstil, und
86 2555 1013 2622 t ihm die eigene Note. Er wurde Meister des
2071 2567 3073 2641 Felix Salten das Dichten von der derberen Seite an.
1036 2593 2038 2648 während uns die lebendigen Schilderungen einfangen
74 2611 968 2693 tissimo. Als er noch seinen ersten Stil suchte
2067 2634 3069 2701 Innerlich zu arm, um seinem Trachten einen Inhalt
1043 2626 2045 2697 schleicht immer die störende Frage heran: Woher hat
89 2663 1009 2730 man drei Stile Beethovens nachzuweisen pflegt
1039 2678 3069 2738 er dieses und jenes?... So kann man niemals zu geben, teilt er mit seinen dichtenden Freunden erst gar
82 2719 1009 2771 den in der Entwicklung Saltens sechs Stile unter¬
2064 2734 3066 2794 nicht das Sehnen nach einem Inhalte, er holt vielmehr
1043 2734 2034 2797 durch sein Werk unmittelbar mit Salten, dem Autor
71 2768 1017 2827 den werden —, da bemühte er sich dort, wo sein
2067 2779 3069 2846 fürs Unterstreichen und Verstärken die grob technischen
1043 2790 2045 2846 verkehren oder gar auf den Grund seines Wesens,
67 2816 1013 2887 bild mehrere Adjektive vor jedes Hauptwort stellte,
2067 2827 3069 2891 Elemente heraus. Da man weiters in jenem Dichterkreis
1043 2842 2038 2902 irgend eines Wesens sehen — die Zwischenmenschen
82 2868 1009 2928 Methode womöglich zu steigern. Als Felix Salter
2067 2887 3069 2954 sich ohne einen kleinen Vorrat von Todesgedanken nicht
1039 2891 2041 2954 oder Zwischenbücher bilden eine Scheidewand. Das
74 2920 1009 2987 en vierten oder fünften Stil suchte, war Harden sein
2064 2939 3069 3002 gut zeigen kann, so steckt sich Felix Salten als Legiti¬
1036 2939 2038 2995 macht die Schule. Felix Salten stammt aus einem
74 2973 1009 3036 rer. Ließ Harden zuweilen das Subjekt des Satzes
2064 2991 3066 3043 mation einigen Tod ins Knopfloch. So empfangen wir
1036 2987 2038 3054 Literaturasé. Die Empfindungen schoben sich da rudel¬
145 3021 972 3095 „Steigt auf die Tribüne. Hält seine Rede
2336 3036 3066 3099 „Vom anderen Ufer“, was auch den
1036 3043 2038 3099 weise zueinander; einer läutete voran, und die anderen
2067 3043 2306 3103 drei Einakter
78 3062 1009 3136 schrieb Salten gleich ganze Abschnitte ohne Subjekt.
1043 3095 2030 3155 folgten gehorsam nach, auf einem gemeinsamen, recht¬
2067 3084 3069 3151 Nebensinn hat, daß Felix Salten, wenn er dichten will,
67 3133 1013 3192 m kamen die kurzen Sätze. Die knappen Stilisten
1039 3148 2034 3204 und links verzäunten Pfade. In dieser Gruppe mußter
2064 3144 3066 3204 mit kräftigem Arm und mit nicht geringer Geschicklichkeit
78 3174 1009 3237 eten solche mit nur zwei oder drei Worten; dem
1036 3196 3069 3248 die Galoschen, die Bucheinbände, die Freundinnen nach zum anderen Ufer hinüberrudert, wo die Dichter
67 3233 1013 3293 listenknappen genügten aber Sätze, die nicht mehr
1032 3244 2038 3300 dem gleichen Zuschnitt sein. Die Muster gingen im
2067 3248 3069 3312 wohnen, und alles Brauchbare, das dort aufgestapelt
67 3293 2727 3386 ein einziges Wort enthielten. Alfred Kerr wurde der Kreise herum. In dieser Gesellschaft, die manchen liegt, zur Verarbeitung herüberholt.
