3392 4320
1331 218 1827 318 box 44/10
286 214 1156 310 13. Miscellaneous
335 960 1281 1060 tien eines mit dem Titel „Candida, das auf
1313 974 3347 1056 setzungsfehler, etwa ein halbes Dutzend, zum Ge- mir seit der Aufführung meines Schau¬ zehn
328 1039 1288 1092 Sinn und Herz eines jeden Deutschen, der es liest,
2277 1046 3365 1096 spieles „Helden", eine der „größten in= samm
1310 1039 2252 1103 genstand, Uebersetzungsfehler, die sich in den Re¬
328 1085 1288 1142 den verhängnißvollsten Eindruck ausübt. Es trieft
2284 1081 3215 1138 tellectuellen Kräfte der Gegenwart“, erblickte.
1310 1085 2252 1138 giebemerkungen zur „Candida finden. Trotz¬
3240 1092 3380 1138 umzug
332 1124 2259 1178 förmlich von häuslichen Gefühlen: da ist ein dem verstand es Kellner, diese Kleinigkeiten in
2280 1128 3365 1181 Er schlug vor: mein Intellect und seine Bühnen dachte
2280 1171 3223 1228 erfahrung sollen zusammen ein Stück zuwege
335 1171 2252 1217 Pastor darin und ein Poet und eine „ewig=weib ein solches Licht zu rücken, daß es den Eindruck
3248 1174 3369 1242 spieles
1313 1213 3355 1263 machte, als ob die ganze Uebersetzung nichts wei¬ bringen. Zugleich theilte er mir eines der ver¬ war
335 1213 1285 1263 liche Hausfrau, kurz alles, was ein guter
2273 1256 3219 1306 blüffendsten Scenarien mit, die mir je vorge¬
335 1256 1281 1310 Deutscher nur lieben mag. Wenn das Stück erst
3244 1260 3330 1310 mal
1310 1260 2245 1310 ter als ein einziger gigantischer Sprachfehler sei¬
2277 1295 3219 1345 kommen waren. Es vereinigte in sich all die
335 1295 1278 1356 im Burgtheater aufgeführt wird — und ich habe
3248 1303 3337 1356 Toll
1310 1299 2238 1353 Ganz besonders kritisirte er die Uebersetzung der
3251 1349 3326 1399 in
2273 1345 3215 1399 Grundideen, Intriguen, all die Zwischenfälle und
325 1345 1285 1399 nicht den geringsten Zweifel daran, daß es dort
1310 1342 2252 1399 Charakterbildes, das ich von Pastor Morel ent¬
2273 1388 3333 1438 fadenscheinigen Situationen, vermittelst deren dort
335 1388 2245 1438 zur Aufführung gelangt, denn Herr Trebitsch werfen habe, eine der sympathischesten Gestalten
2273 1428 3219 1481 die Theaterbesucher seit Erschaffung der Welt in
335 1428 814 1495 schwärmt für „Candida
3244 1435 3333 1481 zum
931 1431 1285 1488 dann werden die
1313 1435 2241 1485 in der „Candida. Um zu zeigen, wie die Sache
2273 1470 3215 1527 und außer Athem gehalten werden. Am Schluß
339 1445 1285 1527 Frauen Wiens meinem lieben Uebersetzer ein Mo¬
1310 1474 2245 1531 eigentlich deutsch hätte gemacht werden müssen,
2277 1513 3219 1567 eines jeden Actes wurde der Held auf Grund einer
335 1517 2248 1570 nument errichten und auf immerdar auf ihren gab Kellner seine eigene Uebersetzung zum Besten.
2277 1563 3212 1613 Anklage hin, die eine wunderschöne, aber mein¬
335 1563 1281 1617 Eheherren herumtrampeln. Mich macht es rasend,
1306 1563 2248 1613 Dann freilich begriff ich alles. Kellner ist einer
2277 1599 3219 1656 eidige Abenteurerin gegen ihn erhob, wegen
325 1599 1278 1659 wenn die Leute mich um dieses weinerlichen Un¬
1306 1606 2241 1656 der andächtigsten Anbeter der „Candida, und er
2277 1649 3223 1695 Mordes oder anderer Verbrechen ver¬
335 1649 1278 1702 sinns wegen in den Himmel heben und mein Werk
1306 1649 2241 1699 konnte es nicht ertragen, die Hand eines anderen
2277 1684 3219 1738 haftet, und zu Beginn des nächsten Aufzuges
332 1688 1274 1745 „Casar und Kleopatra“, das in Wahrheit ein
1299 1699 2245 1745 auf sein Idol gelegt zu sehen. Daher war es auch
1306 1731 3230 1781 klar, daß er die übrigen zwei Stücke im gleichen tauchte er wieder auf ohne das geringste Fleckchen
325 1731 1285 1784 großes Drama ist, als nichts Besseres denn ein
2273 1770 3219 1824 auf seiner Ehre, bis er dann unmittelbar vor
325 1777 1285 1831 Jeu d'esprit ansehen. Aber die Deutschen wollen
1310 1777 2238 1827 Bande auch nicht eines Blickes gewürdigt hatte
2270 1809 3223 1874 dem Fallen des Vorhanges wieder unter einer
1303 1824 2245 1870 Angesichts dieser Erfahrung schaudere ich bei dem
335 1820 1278 1866 in diesem Punkte keine Vernunft annehmen.
1306 1859 3223 1916 Gedanken, was sich alles ereignen dürfte, wenn anderen Anklage arretirt wurde. Schließlich war
332 1863 1278 1920 Jeder literarisch gebildete Deutsche glaubt, daß
1310 1902 3215 1956 erst die gesammte deutschsprechende Menschheit er schon auf dem Punkt, zum Galgen geführt zu
325 1902 1278 1963 er von Gott dem Herrn speciell dazu geschaffen
2266 1949 3219 2006 werden. Da befreit ihn der Klang froher Hoch¬
335 1952 2241 2002 ist, um „Candida zu übersetzen. Selbst der in Europa mit „Candida bekannt sein wird.
1303 1998 2238 2045 Schon Hermann Bahr erklärt, wie er davon be¬
2277 1991 3212 2041 zeitsglocken von seinem Alpdrücken. Er findet,
332 1991 1274 2041 stark geistige hochgelehrte Dr. Kellner bildet darin
1299 2027 3215 2095 rückt sei, und Schnitzler wird sicherlich ins Kloster, daß er das ganze Stück hindurch geträumt hat,
328 2038 1274 2109 keine Ausnahme, und als Trebitsch ihm die
1303 2077 2245 2148 gehen, wenn er erst in den Zauberbann der
2266 2077 3212 2131 und erlangt so jene glückliche Lösung", die für
328 2073 881 2148 „Candida wegschnappte,
917 2081 1278 2145 nahm er dafür
1306 2116 2241 2170 „Candida geraten ist. Trebitsch wird hoffent¬
2270 2123 3212 2173 ein populäres Stück in England absolut unent¬
325 2116 1274 2191 eine ganz erschreckliche Rache, wobei er
328 2166 814 2230 folgendermaßen verfuhr.
1299 2159 3212 2220 lich dieser Sache mit der Zeit entwachsen, und behrlich ist. Ich versuchte nun mit allen mög¬
1299 2213 2241 2270 was mich betrifft, so thue ich mein Bestes, um
382 2188 1270 2263 Kellner kennt London gründlich, topogra¬
2270 2205 3205 2259 lichen Vernunftgründen, diesem fürchterlichen
332 2238 1731 2298 graphisch sowohl wie auch politisch. Er hat mich davon zu heilen
2270 2252 3212 2302 Terriss auseinanderzusetzen, daß ein solches
1349 2263 2238 2348 „Ein Teufelsfer!“ kam folgendermaßen zu¬
332 2291 1267 2366 die Plätze, die ich in „Candida beschrieben
2273 2291 3215 2348 Scenarium viel zu viel Handlung und viel zu
1310 2323 2238 2384 stande. Ihr Wiener habt wahrscheinlich den
332 2330 1274 2387 habe, alle gesehen und er versteht gewisse
2266 2338 3208 2409 wenig Anlaß zur Darstellung von Charakteren
335 2373 1278 2434 technische Anspielungen auf einzelne Bezirke
1303 2380 3208 2430 Namen von William Terriss noch nicht gehört, biete, worauf er entschlossen erklärte: „Sie
335 2420 1278 2480 Londons. Er weiß alles über den Hergang
1306 2427 2238 2473 Das war der weitaus beste Schauspieler unter all
2270 2423 3215 2473 haben mich überzeugt, Mister Shaw." Mit
332 2470 1274 2534 der Conflicte, die bei uns wegen der sogenannten
1303 2466 3208 2516 den melodramatischen Helden der englischen diesen Worten warf er ohne weiteres Zögern das
332 2512 1274 2566 „billigen Löhne" sich abgespielt haben. Trebitsch
1310 2512 3208 2559 Bühne am Schluß des letzten Jahrhunderts, Ein ganze Scenarium ins Feuer mit dem Mute und
325 2552 2238 2609 dagegen besitzt eine gründliche Mißachtung für bildhübscher Mensch und so popular, daß er kraft
2270 2555 3205 2605 der Entschlossenheit eines Mannes, der ganz gut
328 2598 1278 2652 derartige prosaische Details und concentrirte sich
1306 2594 2238 2644 seiner Individualität noch den gewissen Typus
2263 2602 3205 2652 weiß, daß er noch eine Abschrift in seinem Schreib¬
335 2637 3205 2684 vollständig auf die poetischen und dramatischen des rohen, aber packenden Effectstückes am Leben pulte liegen habe. Die Thatsache jedoch, daß er
328 2684 2238 2730 Momente meiner Arbeit. Damit aber lieferte er zu erhalten vermochte, lange nachdem es alt¬
2270 2677 3198 2727 mich als große intellectuelle Kraft begrüßt und
335 2723 1278 2776 sich selbst in die Hände seines Gegners. Prompt
1299 2719 2234 2776 modisch geworden und den modernen Rivalen das
2259 2727 3201 2776 damit angedeutet hatte, ich sei unfähig, ein
339 2766 1270 2819 schrieb Kellner einen Artikel im „Neuen Wiener
1299 2762 3194 2819 Feld geräumt hatte. Er spielte gerade in einem populäres Melodrama zu schreiben, reizte mich
335 2809 1270 2862 Tagblatt“, über den ich, ohne aufhören zu kön¬
1299 2812 2241 2859 fabelhaft erfolgreichen militärischen Drama, das
2259 2812 3194 2884 auf das äußerste und ich beschloß, all die abge¬
339 2851 1267 2905 nen, zweieinhalb Stunden lang gelacht habe. Die
1295 2851 3201 2909 die Dreyfus=Affaire behandelte. Da schickte droschenen Zwischenfälle, all die abgestandenen
325 2894 3187 2951 ser Artikel hat nämlich ausschließlich leichte Ueber zu mir und ließ sagen, daß er in Situationen, die in den Schundstücken der letzt¬
