3344 4256
217 90 1088 219 13. Miscellanes
1265 113 1746 234 b 44/10
1468 1350 2008 1461 te
158 1346 1674 1463 mag, wird die politische Charakterlosigkeit der v. Bienerth, erfolgen.
183 1468 1101 1544 Großes kommt, ist das Gesetz und die Ehre
1146 1495 2085 1570 Poiret=Gewändern, bei Stucken der in Börsen¬
173 1538 1106 1593 gerettet. Der Mann mit den aufmerksamen
1140 1536 2079 1619 kreisen beliebte Marienkultus mit dem romanti¬
177 1578 1103 1640 und vertrauenden Augen ist schon beschwich¬
1148 1589 2075 1657 schen Apparat der mittelalterlichen Legende
173 1625 1106 1691 tigt, wenn ich das stattliche Wort „Welt¬
1142 1636 2081 1717 Brahm hat sich wie gewöhnlich am vorsichtigsten
173 1666 1103 1746 literatur ausspreche und ihm noch irgend¬
1146 1695 2070 1766 gehalten und sein altes Glück wiedergefunden
175 1713 1108 1800 einen kleinen Segen mitgebe, den er seiner
1139 1732 2070 1804 Karl Schönherr, gegen den sich das reichs¬
175 1761 1108 1844 Frau aus dem vertraulichen Gespräch mit
1142 1787 2075 1862 deutsche Publikum bisher sehr spröde verhielt,
170 1817 1105 1891 einem Maßgebenden nach Hause bringen darf.
1139 1834 2072 1917 hat endlich eingeschlagen mit Donner und Blitz
211 1862 1103 1936 Hinterher beglückwünsche ich mich zu meiner
1139 1885 2072 1957 dank der kulturkämpferischen Gewitterstimmung,
168 1906 1101 1985 Zurückhaltung. Sollte ich ihm sagen, daß ich,
1144 1934 2068 2002 die die antimodernistische Politik der Kurie zu
166 1968 1099 2034 weil Kritiker, ein Don Quichotte bin, daß ich,
1144 1985 2070 2045 seinen Gunsten verbreitet hatte. Die literari¬
160 2015 1097 2087 nur weil es Sommer war und Winter wurde,
1144 2038 2060 2111 schen Bestrebungen im strengeren Sinne sind
162 2074 1090 2143 mir immer wieder einen neuen Glauben macht
1135 2090 2072 2155 nur von den kleinen und den Nebenbühnen ge¬
162 2117 1097 2185 an den, der kommen muß, dessen Name wird
1135 2134 2064 2205 fördert worden. Ist Hans Kyser der neue
166 2158 1099 2230 sein Kraft, Macht und Herrlichkeit? Mein lieber
1127 2188 2066 2262 Hebbel, für den ihn einige seiner Gläubigen
155 2213 1097 2285 Bekannter gibt sich schon zufrieden, wenn nur
1133 2234 2070 2302 halten, nach seiner „Medusa", dieser schwitzenden
162 2258 1095 2326 etwas „los" war. Vielleicht erhält er recht, viel¬
1129 2283 2055 2345 Tragödie von Kunst und Brunst? Wird Morit
160 2307 1090 2398 leicht kommt es gar nicht mehr darauf an, daß
1133 2330 2057 2398 Heimann, der das Deutschtum noch mehr liebt
156 2352 1091 2434 das Theater eine literarische Mission erfüllt.
1133 2388 2049 2450 als besitzt, uns nach dem „Joachim von Brandt
158 2405 1093 2488 Zirkus und Variété sind ihm über, weil sie ganz
1127 2443 2057 2511 zugleich reinliche und unterhaltliche Charakter¬
155 2469 1088 2528 aus sich herausarbeiten, um die als legitim und
1129 2483 2064 2547 komödien geben? Hat Hermann Essig, den die
149 2509 1088 2581 souverän anerkannten Instinkte des Publikums
1129 2530 2053 2605 Gesellschaft Pan vorstellte, die tiefere Naivität,
160 2567 1093 2631 zu befriedigen. Lassen sich die Theater auf den
1123 2573 2057 2656 weil er eine grasfressende Kuh auf die Bühne
149 2624 1091 2686 niederen Standpunkt des Bedürfnisses ein, so
1133 2626 2049 2696 bringt? Ist das Publikum, das „Frühlings Er
149 2664 1088 2731 werden sie verachtet; erhalten sie sich literarische
1122 2667 2055 2754 wachen" bejubelt und zur klassischen Vorlage der
153 2709 1090 2782 Ambitionen, so begeben sie sich in den gefähr¬
1127 2726 2055 2803 sexuellen Aufklärung erhoben hat, für die
145 2754 1084 2831 lichen Verkehr mit den Dichtern, die der Masse
1133 2778 2047 2841 späteren Mißgeschicke Wedekinds verantwortlich
143 2814 1090 2880 einen persönlichen Willen entgegensetzen, die sich
1122 2837 2055 2905 zu machen? Muß die Kritik verschweigen, daß
155 2856 1086 2926 für wichtig genug halten, um über die Visionen
1125 2877 2049 2956 dieser ehrliche und geniale Charlatan keinen
145 2910 1088 2982 ihrer Einsamkeit und Eigenheit dem Volke zu
1122 2924 2055 3008 dramatischen Dialog schreiben kann und
139 2948 326 3024 predigen.
1116 2975 2045 3046 daß seine Figuren umfallen, wenn der gewalt¬
181 3005 1084 3071 Reinhardt hat sich wie gewöhnlich am meisten
1118 3022 2040 3088 tätige Marionettenspieler sie nicht mit sehr sicht
139 3057 1082 3122 geregt, er stellte neue oder fremde Schriftsteller
1116 3071 2055 3148 baren Drähten emporreißt? Hat überhaupt seit
138 3106 1080 3180 vor, Franzosen, Belgier, Ungarn, russische
1116 3122 2051 3197 Gerhart Hauptmann, als er noch Schlesier war,
141 3152 1078 3220 Juden und Christen, auch Deutsche, aber an
1118 3178 2043 3246 und seit Schnitzlers Wiederentdeckung Wiens
147 3206 1078 3267 jedem Gericht war ein Gewürz, auf das man
1118 3227 2045 3291 einversche Figuren hervor¬
145 3255 1078 3327 sich verließ, bei Pinski jüdisches Milieu und
1122 3270 2045 3348 gebracht, die die eigene Bewegung im Leibe
141 3303 1080 3372 Jargon, bei Vollmöller eine tadellos montierte
1114 3323 2040 3395 haben, die uns in einem stillen Augenblick un¬
139 3352 1078 3416 Flugmaschine, bei Sternheim eine verlorene
1114 3378 2036 3463 aufgefordert besuchen und mit vertrauten
109 3387 1491 3491 Damenhofe, bei Cavus eine Ausstellung von Stimme anreden?
1715 3450 1915 3617 1
2113 1376 3063 1487 Koalitionsminister nicht
2162 1508 3067 1576 Ich gestehe, daß diese rein literarischen Fragen
2117 1533 3059 1623 am Schluß der Saison mich nicht allzusehr auf¬
2115 1608 3059 1674 regen; sie können überhaupt nur sub specie
2117 1661 3054 1732 aeternitatis behandelt werden, oder wenigstens
2107 1704 3054 1772 von einer Höhe, die weitere Zeiträume über¬
2119 1753 3054 1817 sieht. Wir wollen auch nicht allzu undankbar
2111 1810 3056 1874 und ungeduldig sein; es ist nicht lange her, daß
2107 1855 3050 1926 auch die feineren Köpfe von interessanten Neu¬
2109 1915 3046 1972 erscheinungen in Deutschland verwöhnt wurden,
2107 1955 3050 2028 und die sieben mageren Jahre sind noch nicht
2109 2009 3050 2068 um. Viel wichtiger sieht heute das Problem des
2109 2051 3046 2123 Theaters selbst aus, das sich als Institut, als
2106 2102 3052 2175 Organisation entwickeln will, das alle möglichen
2109 2151 3046 2209 Seitenwege geht, bei den Nachbarkünsten An¬
2102 2200 3044 2288 leihen macht und, wie es gewöhnlich geschieht,
2100 2247 3042 2326 durch Neuerungen und Erfindungen auf alten
2096 2303 3039 2373 Besitz, verlorenen und vergessenen, zurückkommt.
2143 2356 3048 2439 Es ist zehn Jahre her, daß man in
2094 2409 3052 2488 Berlin für das intime Theater zu schwärmen
2096 2462 3039 2524 anfing. Die Intellektuellen wollten es so, die
2106 2505 3033 2577 sich etwa auf Montmartre mit kleinen drama¬
2098 2560 3046 2631 tischen Verwegenheiten und Ausschweifungen
2096 2611 3037 2677 amüsiert hatten. Was davon blieb, sind die
2098 2654 3037 2737 Nachtkabaretts, die mit Hilfe ihrer Hausdichter
2094 2703 3046 2777 Stupiditäten hervorbringen, die sich eine
2096 2745 3042 2816 kritische Würdigung bescheiden der ieten und
2092 2797 3037 2884 in dieser Sicherheit ein häufig inträgliches
2089 2846 3042 2926 und glückliches Dasein führen sollen. Als
2085 2893 3027 2963 edelste Reliquie dieser Bestrebungen, die auf
2094 2956 3035 3008 eine Verfeinerung und Differenzierung des
2089 2993 3031 3067 Theaters als Lokal hinausgingen, hat sich
2083 3042 3037 3125 Reinhardts Kammerspielhaus erhalten. Dieses
2083 3095 3031 3167 Kunsttempelchen, das wie ein Salon aussieht,
2090 3144 3033 3208 forderte die zarteren Geister auf, sich in einem
2083 3189 3027 3261 kleinen Raum mit einem gewählten Publikum
2087 3250 3024 3318 auf feine und geistreiche Weise zu unterhalten.
2083 3291 3024 3363 Wenn sie sich sicher fühlten, wenn sie die tech¬
2074 3346 3024 3408 nischen Handgriffe gelernt hatten, konnten sie
2079 3385 3022 3463 vor die grobe Menge treten. Dieses Theater der
2055 3451 3018 3514 Fünfhundert aus der outen und zahlungs¬
