<?xml version="1.0" encoding="UTF-8" standalone="yes"?>
<PcGts xmlns="http://schema.primaresearch.org/PAGE/gts/pagecontent/2013-07-15" xmlns:xsi="http://www.w3.org/2001/XMLSchema-instance" xsi:schemaLocation="http://schema.primaresearch.org/PAGE/gts/pagecontent/2013-07-15 http://schema.primaresearch.org/PAGE/gts/pagecontent/2013-07-15/pagecontent.xsd">
    <Metadata>
        <Creator>prov=READ-COOP:name=PyLaia@TranskribusPlatform:version=2.12.1:model_id=39995:lm=provided:date=29_03_2024_17:56</Creator>
        <Created>2019-10-07T20:40:15.418+02:00</Created>
        <LastChange>2024-03-29T17:56:18.558+01:00</LastChange>
        <TranskribusMetadata docId="224465" pageId="9581244" pageNr="218" tsid="156506724" status="IN_PROGRESS" userId="40391" imgUrl="https://files.transkribus.eu/Get?id=STQBPRWHKYVPOERQHRJBMBPB&amp;fileType=view" xmlUrl="https://files.transkribus.eu/Get?id=PIBMTIJJDFFKCEGIIAIPVAWS" imageId="6208903"/>
    </Metadata>
    <Page imageFilename="224465_0218.jpeg" imageWidth="3344" imageHeight="4256">
        <ReadingOrder>
            <OrderedGroup id="ro_1712662351450" caption="Regions reading order">
                <RegionRefIndexed index="0" regionRef="tr_1"/>
                <RegionRefIndexed index="1" regionRef="tr_2"/>
                <RegionRefIndexed index="2" regionRef="tr_3"/>
            </OrderedGroup>
        </ReadingOrder>
        <TextRegion orientation="0.0" id="tr_1" custom="readingOrder {index:0;}">
            <Coords points="149,156 149,312 265,312 265,156"/>
            <TextLine id="tr_1_tl_1" custom="readingOrder {index:0;}">
                <Coords points="141,274 199,298 232,282 262,288 259,213 249,213 220,195 202,210 193,202 186,210 174,201 157,211 138,201"/>
                <Baseline points="149,256 178,258 207,259 236,259 265,262"/>
                <TextEquiv>
                    <Unicode>13</Unicode>
                </TextEquiv>
            </TextLine>
            <TextEquiv>
                <Unicode></Unicode>
            </TextEquiv>
        </TextRegion>
        <TextRegion orientation="0.0" id="tr_2" custom="readingOrder {index:1;}">
            <Coords points="143,233 143,4006 1656,4006 1656,233"/>
            <TextLine id="tr_2_tl_1" custom="readingOrder {index:0;}">
                <Coords points="1188,288 1327,277 1382,253 1463,288 1593,274 1652,295 1652,211 1632,205 1601,217 1526,199 1495,216 1453,199 1372,231 1188,202"/>
                <Baseline points="1196,262 1221,262 1247,262 1272,262 1298,262 1323,262 1349,262 1374,262 1400,262 1426,262 1451,262 1477,262 1502,264 1528,265 1553,263 1579,262 1604,262 1630,261 1656,259"/>
                <TextEquiv>
                    <Unicode>b 44/10</Unicode>
                </TextEquiv>
            </TextLine>
            <TextLine id="tr_2_tl_2" custom="readingOrder {index:1;}">
                <Coords points="335,285 848,285 887,304 1000,286 1000,216 335,208"/>
                <Baseline points="343,265 377,267 412,268 447,266 481,262 516,262 551,260 585,260 620,262 655,262 689,262 724,262 759,261 793,259 828,262 863,262 897,263 932,267 967,276 1002,277"/>
                <TextEquiv>
                    <Unicode>sus</Unicode>
                </TextEquiv>
            </TextLine>
            <TextLine id="tr_2_tl_3" custom="readingOrder {index:2;}">
                <Coords points="922,725 1015,735 1039,720 1065,728 1077,717 1101,729 1113,726 1114,644 1099,641 1078,653 1048,647 1035,656 1000,648 987,656 964,641 924,647"/>
                <Baseline points="931,710 957,712 983,713 1010,713 1036,713 1063,711 1089,709 1116,707"/>
                <TextEquiv>
                    <Unicode></Unicode>
                </TextEquiv>
            </TextLine>
            <TextLine id="tr_2_tl_4" custom="readingOrder {index:3;}">
                <Coords points="577,818 603,821 645,803 672,816 704,804 741,818 744,762 732,764 704,747 683,755 665,741 641,747 617,735 603,741 596,732 581,734"/>
                <Baseline points="587,805 613,799 640,797 666,796 693,796 719,795 746,793"/>
                <TextEquiv>
                    <Unicode>Wien,</Unicode>
                </TextEquiv>
            </TextLine>
            <TextLine id="tr_2_tl_5" custom="readingOrder {index:4;}">
                <Coords points="999,873 1012,876 1041,864 1068,872 1089,860 1101,866 1134,861 1135,795 1105,798 1095,788 1038,803 1033,798 1026,803 1000,801"/>
                <Baseline points="1008,844 1033,840 1059,839 1085,841 1111,840 1137,838"/>
                <TextEquiv>
                    <Unicode>0.42</Unicode>
                </TextEquiv>
            </TextLine>
            <TextLine id="tr_2_tl_6" custom="readingOrder {index:5;}">
                <Coords points="488,988 502,979 515,991 530,985 566,1008 600,993 623,1006 671,997 678,1005 711,1003 707,887 648,897 633,888 575,890 542,904 523,893 484,894"/>
                <Baseline points="495,961 522,961 549,962 576,966 604,968 631,969 658,969 685,969 713,969"/>
                <TextEquiv>
                    <Unicode>gen</Unicode>
                </TextEquiv>
            </TextLine>
            <TextLine id="tr_2_tl_7" custom="readingOrder {index:6;}">
                <Coords points="475,1176 639,1220 713,1185 1116,1213 1143,1207 1138,1087 896,1074 780,1104 740,1078 587,1084 472,1122"/>
                <Baseline points="481,1157 514,1161 547,1164 580,1166 614,1166 647,1168 680,1170 713,1172 747,1172 780,1174 813,1175 846,1175 880,1178 913,1180 946,1181 979,1181 1013,1184 1046,1186 1079,1187 1112,1187 1146,1190"/>
                <TextEquiv>
                    <Unicode>Tagesbericht</Unicode>
                </TextEquiv>
            </TextLine>
            <TextLine id="tr_2_tl_8" custom="readingOrder {index:7;}">
                <Coords points="482,1283 825,1312 1027,1300 1060,1324 1114,1306 1111,1244 913,1243 747,1210 711,1235 590,1199 479,1223"/>
                <Baseline points="489,1259 520,1261 551,1264 583,1268 614,1270 645,1274 677,1278 708,1280 739,1280 771,1281 802,1283 833,1283 865,1283 896,1283 927,1285 959,1286 990,1287 1021,1289 1053,1289 1084,1289 1116,1289"/>
                <TextEquiv>
                    <Unicode>Gustav Frieberger.</Unicode>
                </TextEquiv>
            </TextLine>
            <TextLine id="tr_2_tl_9" custom="readingOrder {index:8;}">
                <Coords points="288,1334 1394,1388 1390,1327 1313,1351 1174,1298 792,1331 285,1279"/>
                <Baseline points="295,1319 350,1323 405,1326 460,1330 515,1334 570,1337 625,1335 680,1339 735,1342 790,1343 845,1345 900,1351 955,1353 1010,1357 1065,1360 1120,1361 1175,1365 1230,1369 1285,1372 1340,1372 1396,1372"/>
                <TextEquiv>
                    <Unicode>Unser Kollege Gust. Frieberger begeht am</Unicode>
                </TextEquiv>
            </TextLine>
            <TextLine id="tr_2_tl_10" custom="readingOrder {index:9;}">
                <Coords points="189,1382 1384,1430 1369,1382 186,1313"/>
                <Baseline points="196,1366 255,1369 315,1371 374,1375 434,1376 493,1380 553,1384 612,1385 672,1387 731,1387 791,1394 851,1396 910,1399 970,1403 1029,1407 1089,1408 1148,1412 1208,1414 1267,1417 1327,1420 1387,1417"/>
                <TextEquiv>
                    <Unicode>heutigen Tage seinen 75. Geburtstag. Einer Familie alt¬</Unicode>
                </TextEquiv>
            </TextLine>
            <TextLine id="tr_2_tl_11" custom="readingOrder {index:10;}">
                <Coords points="193,1430 1379,1481 1376,1435 1294,1426 192,1382"/>
                <Baseline points="202,1414 264,1420 326,1422 388,1426 450,1428 512,1432 574,1435 636,1435 698,1438 760,1442 822,1447 884,1448 946,1452 1008,1456 1070,1457 1132,1461 1194,1463 1256,1468 1318,1471 1381,1471"/>
                <TextEquiv>
                    <Unicode>österreichischer Beamten und Offiziere entstammend, wurde er</Unicode>
                </TextEquiv>
            </TextLine>
            <TextLine id="tr_2_tl_12" custom="readingOrder {index:11;}">
                <Coords points="190,1477 1381,1526 1328,1472 189,1429"/>
                <Baseline points="199,1468 258,1468 317,1470 376,1474 436,1478 495,1480 554,1483 613,1487 673,1491 732,1492 791,1493 850,1497 910,1501 969,1504 1028,1506 1087,1509 1147,1510 1206,1514 1265,1516 1324,1519 1384,1519"/>
                <TextEquiv>
                    <Unicode>sogleich nach Beendigung seiner juristischen Studien Tages¬</Unicode>
                </TextEquiv>
            </TextLine>
            <TextLine id="tr_2_tl_13" custom="readingOrder {index:12;}">
                <Coords points="187,1527 1381,1581 1378,1523 186,1475"/>
                <Baseline points="196,1516 255,1519 314,1521 373,1522 433,1528 492,1530 551,1534 610,1538 670,1540 729,1543 788,1546 847,1546 907,1550 966,1552 1025,1554 1084,1556 1144,1557 1203,1561 1262,1565 1321,1566 1381,1569"/>
                <TextEquiv>
                    <Unicode>schriftsteller, und vom Beginn seiner journalistischen Tätigkeit</Unicode>
                </TextEquiv>
            </TextLine>
            <TextLine id="tr_2_tl_14" custom="readingOrder {index:13;}">
                <Coords points="183,1580 1370,1632 1367,1578 181,1529"/>
                <Baseline points="191,1566 250,1566 309,1568 368,1572 427,1575 486,1577 545,1581 604,1585 663,1587 722,1587 781,1593 840,1595 899,1596 958,1599 1017,1600 1076,1604 1135,1611 1194,1611 1253,1613 1312,1614 1372,1617"/>
                <TextEquiv>
                    <Unicode>stand er in den vordersten Reihen. Aus der Jung=Wiener</Unicode>
                </TextEquiv>
            </TextLine>
            <TextLine id="tr_2_tl_15" custom="readingOrder {index:14;}">
                <Coords points="184,1622 1367,1676 1364,1628 1315,1622 183,1578"/>
                <Baseline points="193,1611 251,1615 310,1619 369,1623 428,1624 487,1628 545,1632 604,1635 663,1635 722,1637 781,1641 839,1642 898,1644 957,1647 1016,1648 1075,1652 1133,1656 1192,1657 1251,1661 1310,1662 1369,1662"/>
                <TextEquiv>
                    <Unicode>Schule hervorgegangen, Freund und Berater Arthur Schnitzlers</Unicode>
                </TextEquiv>
            </TextLine>
            <TextLine id="tr_2_tl_16" custom="readingOrder {index:15;}">
                <Coords points="178,1668 1276,1728 1370,1722 1369,1674 175,1626"/>
                <Baseline points="185,1659 244,1663 303,1667 363,1668 422,1672 481,1676 541,1680 600,1681 659,1683 719,1686 778,1689 837,1692 897,1695 956,1696 1015,1700 1075,1701 1134,1705 1193,1709 1253,1710 1312,1713 1372,1716"/>
                <TextEquiv>
                    <Unicode>in dessen Werdejahren, betätigte er sich auch auf belletristischem</Unicode>
                </TextEquiv>
            </TextLine>
            <TextLine id="tr_2_tl_17" custom="readingOrder {index:16;}">
                <Coords points="183,1713 1279,1778 1367,1772 1366,1736 180,1668"/>
                <Baseline points="191,1704 249,1711 308,1713 367,1719 426,1722 485,1724 544,1725 603,1729 662,1733 721,1734 780,1737 838,1740 897,1742 956,1742 1015,1746 1074,1748 1133,1751 1192,1755 1251,1757 1310,1760 1369,1757"/>
                <TextEquiv>
                    <Unicode>Gebiete und gab eine Sammlung dieser Arbeiten in dem</Unicode>
                </TextEquiv>
            </TextLine>
            <TextLine id="tr_2_tl_18" custom="readingOrder {index:17;}">
                <Coords points="172,1779 1366,1813 1318,1769 169,1709"/>
                <Baseline points="179,1754 238,1755 298,1759 357,1763 417,1767 476,1769 536,1772 595,1775 655,1777 714,1781 774,1784 833,1786 893,1787 952,1788 1012,1794 1071,1799 1131,1800 1190,1804 1250,1805 1309,1808 1369,1805"/>
                <TextEquiv>
                    <Unicode>Novellenband „Der letzte Flittertag“ heraus. Sein Haupt¬</Unicode>
                </TextEquiv>
            </TextLine>
            <TextLine id="tr_2_tl_19" custom="readingOrder {index:18;}">
                <Coords points="166,1819 1207,1875 1355,1875 1364,1819 163,1779"/>
                <Baseline points="173,1802 232,1806 292,1810 352,1811 412,1815 472,1817 531,1820 591,1823 651,1825 711,1829 771,1832 830,1834 890,1838 950,1842 1010,1844 1070,1844 1129,1848 1189,1850 1249,1856 1309,1856 1369,1859"/>
                <TextEquiv>
                    <Unicode>arbeitsgebiet wurde das politische Schrifttum; ein Sammler</Unicode>
                </TextEquiv>
            </TextLine>
            <TextLine id="tr_2_tl_20" custom="readingOrder {index:19;}">
                <Coords points="168,1863 1322,1926 1366,1926 1364,1873 166,1819"/>
                <Baseline points="176,1856 235,1856 295,1858 354,1862 414,1863 474,1865 533,1868 593,1872 653,1874 712,1877 772,1881 832,1883 891,1886 951,1890 1011,1892 1070,1895 1130,1896 1190,1900 1249,1904 1309,1907 1369,1907"/>
                <TextEquiv>
                    <Unicode>seiner politischen Leitaufsätze fände darin eine kritische</Unicode>
                </TextEquiv>
            </TextLine>
            <TextLine id="tr_2_tl_21" custom="readingOrder {index:20;}">
                <Coords points="169,1909 1315,1974 1363,1966 1361,1923 166,1860"/>
                <Baseline points="176,1901 235,1904 295,1906 354,1910 414,1911 473,1915 533,1916 592,1919 652,1921 711,1928 771,1929 830,1933 890,1936 949,1937 1009,1939 1068,1942 1128,1945 1187,1947 1247,1951 1306,1954 1366,1954"/>
                <TextEquiv>
                    <Unicode>Geschichte Oesterreichs im jüngsten Halbjahrhundert. Das</Unicode>
                </TextEquiv>
            </TextLine>
            <TextLine id="tr_2_tl_22" custom="readingOrder {index:21;}">
                <Coords points="160,1956 1340,2020 1355,1963 157,1917"/>
                <Baseline points="167,1948 226,1952 286,1954 345,1957 405,1958 465,1962 524,1963 584,1969 644,1969 703,1972 763,1976 823,1978 882,1981 942,1985 1002,1989 1061,1990 1121,1993 1181,1995 1240,1999 1300,2003 1360,2008"/>
                <TextEquiv>
                    <Unicode>Vertrauen von Staatsmännern wie Max Vladimir Beck,</Unicode>
                </TextEquiv>
            </TextLine>
            <TextLine id="tr_2_tl_23" custom="readingOrder {index:22;}">
                <Coords points="172,2020 1354,2059 1351,2016 1246,2001 169,1956"/>
                <Baseline points="179,1996 237,2003 296,2005 355,2005 414,2009 473,2011 532,2014 591,2018 650,2020 709,2020 768,2026 826,2027 885,2031 944,2032 1003,2036 1062,2038 1121,2041 1180,2045 1239,2047 1298,2050 1357,2053"/>
                <TextEquiv>
                    <Unicode>Stürgkh, Kielmansegg und Seidler, seine bewährte Loyalität</Unicode>
                </TextEquiv>
            </TextLine>
            <TextLine id="tr_2_tl_24" custom="readingOrder {index:23;}">
                <Coords points="156,2055 1349,2108 1309,2059 154,2008"/>
                <Baseline points="164,2044 223,2051 282,2053 342,2056 401,2057 461,2061 520,2062 579,2066 639,2070 698,2071 758,2075 817,2077 876,2082 936,2084 995,2086 1055,2089 1114,2090 1173,2094 1233,2098 1292,2099 1352,2101"/>
                <TextEquiv>
                    <Unicode>und Erfahrung, Stilkunst und publizistischer Takt schufen ihm</Unicode>
                </TextEquiv>
            </TextLine>
            <TextLine id="tr_2_tl_25" custom="readingOrder {index:24;}">
                <Coords points="160,2107 1337,2168 1346,2113 157,2055"/>
                <Baseline points="167,2095 226,2098 285,2100 344,2104 404,2107 463,2109 522,2113 581,2114 641,2118 700,2122 759,2126 818,2129 878,2130 937,2131 996,2135 1055,2136 1115,2139 1174,2140 1233,2144 1292,2148 1352,2148"/>
                <TextEquiv>
                    <Unicode>eine besondere Stellung. In jüngeren Jahren bekleidete er</Unicode>
                </TextEquiv>
            </TextLine>
            <TextLine id="tr_2_tl_26" custom="readingOrder {index:25;}">
                <Coords points="154,2158 1346,2215 1352,2165 151,2105"/>
                <Baseline points="161,2145 220,2146 280,2148 340,2151 400,2155 460,2157 519,2160 579,2164 639,2166 699,2169 759,2172 818,2172 878,2175 938,2179 998,2183 1058,2184 1117,2188 1177,2192 1237,2193 1297,2196 1357,2199"/>
                <TextEquiv>
                    <Unicode>die Stelle eines Chefredakteurs der alten „Presse“, nachdem</Unicode>
                </TextEquiv>
            </TextLine>
            <TextLine id="tr_2_tl_27" custom="readingOrder {index:26;}">
                <Coords points="153,2204 1186,2263 1339,2257 1337,2206 151,2165"/>
                <Baseline points="161,2193 220,2197 279,2199 338,2199 397,2203 456,2207 515,2211 574,2212 633,2216 692,2220 752,2223 811,2223 870,2226 929,2229 988,2230 1047,2232 1106,2235 1165,2238 1224,2240 1283,2244 1343,2244"/>
                <TextEquiv>
                    <Unicode>er Mitarbeiter der „Vossischen Zeitung" gewesen, damals eines</Unicode>
                </TextEquiv>
            </TextLine>
            <TextLine id="tr_2_tl_28" custom="readingOrder {index:27;}">
                <Coords points="147,2251 1349,2315 1325,2252 145,2210"/>
                <Baseline points="155,2241 214,2245 274,2249 334,2250 394,2254 454,2256 514,2259 573,2260 633,2262 693,2265 753,2269 813,2271 873,2274 933,2274 992,2276 1052,2280 1112,2284 1172,2286 1232,2289 1292,2293 1352,2295"/>
                <TextEquiv>
                    <Unicode>der bedeutendsten Blätter Berlins. Vom September 1898 an</Unicode>
                </TextEquiv>
            </TextLine>
            <TextLine id="tr_2_tl_29" custom="readingOrder {index:28;}">
                <Coords points="156,2305 1340,2368 1346,2315 153,2254"/>
                <Baseline points="164,2295 223,2295 282,2297 341,2298 401,2304 460,2306 519,2307 578,2311 638,2315 697,2319 756,2319 815,2320 875,2321 934,2325 993,2327 1052,2330 1112,2333 1171,2334 1230,2336 1289,2339 1349,2342"/>
                <TextEquiv>
                    <Unicode>hat er in der Redaktion des „Neuen Wiener Tagblattes“ an</Unicode>
                </TextEquiv>
            </TextLine>
            <TextLine id="tr_2_tl_30" custom="readingOrder {index:29;}">
                <Coords points="151,2353 1313,2409 1334,2351 148,2308"/>
                <Baseline points="158,2342 217,2343 276,2345 335,2348 394,2353 453,2353 512,2357 571,2358 630,2362 689,2366 749,2366 808,2368 867,2372 926,2372 985,2375 1044,2377 1103,2381 1162,2384 1221,2386 1280,2390 1340,2387"/>
                <TextEquiv>
                    <Unicode>der Leitung des politischen Teiles, aber auch im literarisch¬</Unicode>
                </TextEquiv>
            </TextLine>
            <TextLine id="tr_2_tl_31" custom="readingOrder {index:30;}">
                <Coords points="145,2405 1309,2462 1334,2397 142,2353"/>
                <Baseline points="152,2393 211,2393 270,2393 330,2399 389,2399 449,2401 508,2405 567,2408 627,2408 686,2411 746,2415 805,2419 864,2420 924,2423 983,2425 1043,2429 1102,2430 1161,2434 1221,2438 1280,2441 1340,2441"/>
                <TextEquiv>
                    <Unicode>feuilletonistischen Bereiche hervorragend mitgewirkt und sich</Unicode>
                </TextEquiv>
            </TextLine>
            <TextLine id="tr_2_tl_32" custom="readingOrder {index:31;}">
                <Coords points="142,2450 1298,2507 1333,2451 141,2406"/>
                <Baseline points="149,2438 208,2442 267,2444 327,2447 386,2448 446,2452 505,2453 564,2456 624,2458 683,2462 743,2465 802,2465 861,2468 921,2471 980,2473 1040,2477 1099,2481 1158,2483 1218,2486 1277,2489 1337,2486"/>
                <TextEquiv>
                    <Unicode>bis zum September des Vorjahres, wo er in den Ruhestand</Unicode>
                </TextEquiv>
            </TextLine>
            <TextLine id="tr_2_tl_33" custom="readingOrder {index:32;}">
                <Coords points="138,2499 1333,2547 1331,2499 136,2448"/>
                <Baseline points="146,2489 205,2490 265,2492 324,2495 384,2499 443,2501 503,2504 562,2508 622,2510 681,2510 741,2514 801,2515 860,2518 920,2521 979,2521 1039,2524 1098,2528 1158,2532 1217,2536 1277,2537 1337,2539"/>
                <TextEquiv>
                    <Unicode>trat, mit freudiger Hingabe an seinen Beruf im Dienste des</Unicode>
                </TextEquiv>
            </TextLine>
            <TextLine id="tr_2_tl_34" custom="readingOrder {index:33;}">
                <Coords points="136,2561 1331,2604 1310,2546 133,2492"/>
                <Baseline points="143,2542 202,2540 262,2542 321,2545 381,2546 440,2550 500,2554 559,2554 619,2556 678,2560 738,2561 798,2565 857,2566 917,2569 976,2571 1036,2572 1095,2578 1155,2580 1214,2584 1274,2585 1334,2587"/>
                <TextEquiv>
                    <Unicode>„Neuen Wiener Tagblattes“ betätigt. Die Glückwünsche seiner</Unicode>
                </TextEquiv>
            </TextLine>
            <TextLine id="tr_2_tl_35" custom="readingOrder {index:34;}">
                <Coords points="141,2598 1318,2657 1331,2606 139,2555"/>
                <Baseline points="149,2587 208,2590 267,2592 327,2593 386,2597 446,2599 505,2602 564,2603 624,2607 683,2608 743,2612 802,2614 861,2617 921,2618 980,2623 1040,2623 1099,2627 1158,2629 1218,2634 1277,2635 1337,2635"/>
                <TextEquiv>
                    <Unicode>Kollegen, denen er immer ein selbstloser Freund und Mit¬</Unicode>
                </TextEquiv>
            </TextLine>
            <TextLine id="tr_2_tl_36" custom="readingOrder {index:35;}">
                <Coords points="135,2651 612,2698 1053,2679 1108,2715 1327,2694 1325,2657 132,2597"/>
                <Baseline points="143,2635 202,2638 261,2640 321,2644 380,2647 440,2649 499,2653 558,2655 618,2659 677,2662 737,2663 796,2667 855,2668 915,2671 974,2673 1034,2674 1093,2675 1152,2680 1212,2683 1271,2684 1331,2686"/>
                <TextEquiv>
                    <Unicode>helfer blieb, und seiner zahllosen Leser begrüßen ihn an seinem</Unicode>
                </TextEquiv>
            </TextLine>
            <TextLine id="tr_2_tl_37" custom="readingOrder {index:36;}">
                <Coords points="135,2696 180,2710 219,2701 244,2719 261,2718 285,2698 305,2697 305,2655 249,2660 225,2648 187,2645 135,2651"/>
                <Baseline points="143,2689 170,2689 197,2689 225,2689 252,2689 279,2689 307,2692"/>
                <TextEquiv>
                    <Unicode>Festtage.</Unicode>
                </TextEquiv>
            </TextLine>
            <TextLine id="tr_2_tl_38" custom="readingOrder {index:37;}">
                <Coords points="311,3429 361,3444 371,3434 433,3429 445,3420 520,3422 521,3356 478,3359 452,3339 410,3347 394,3359 374,3345 341,3341 313,3350"/>
                <Baseline points="319,3417 344,3414 369,3414 395,3414 420,3414 445,3413 471,3411 496,3410 522,3408"/>
                <TextEquiv>
                    <Unicode>Wr. Nr.</Unicode>
                </TextEquiv>
            </TextLine>
            <TextLine id="tr_2_tl_39" custom="readingOrder {index:38;}">
                <Coords points="833,3468 885,3477 940,3462 961,3473 1045,3477 1039,3336 1014,3342 979,3326 967,3336 903,3335 887,3324 828,3333"/>
                <Baseline points="841,3447 866,3449 892,3450 918,3450 944,3452 969,3455 995,3456 1021,3456 1047,3450"/>
                <TextEquiv>
                    <Unicode>800</Unicode>
                </TextEquiv>
            </TextLine>
            <TextLine id="tr_2_tl_40" custom="readingOrder {index:39;}">
                <Coords points="332,3539 1432,3531 1432,3458 1397,3453 773,3492 332,3450"/>
                <Baseline points="340,3521 394,3527 449,3527 504,3527 559,3527 613,3527 668,3524 723,3527 778,3529 832,3525 887,3524 942,3524 997,3524 1051,3524 1106,3522 1161,3521 1216,3521 1270,3519 1325,3519 1380,3518 1435,3518"/>
                <TextEquiv>
                    <Unicode>Die Direktion des Burgtheaters veranstaltet in der heurigen</Unicode>
                </TextEquiv>
            </TextLine>
            <TextLine id="tr_2_tl_41" custom="readingOrder {index:40;}">
                <Coords points="300,3576 1429,3563 1271,3519 300,3531"/>
                <Baseline points="307,3566 363,3569 419,3569 475,3569 532,3569 588,3566 644,3567 700,3567 757,3566 813,3565 869,3563 925,3563 982,3563 1038,3562 1094,3560 1150,3560 1207,3560 1263,3557 1319,3557 1375,3557 1432,3557"/>
                <TextEquiv>
                    <Unicode>Spielzeit einen Zyklus österreichischer Meister¬</Unicode>
                </TextEquiv>
            </TextLine>
            <TextLine id="tr_2_tl_42" custom="readingOrder {index:41;}">
                <Coords points="297,3613 1423,3601 1423,3567 1315,3561 298,3590"/>
                <Baseline points="304,3608 360,3608 416,3608 472,3606 528,3605 584,3607 640,3605 696,3605 752,3605 808,3602 865,3602 921,3602 977,3602 1033,3601 1089,3599 1145,3599 1201,3599 1257,3596 1313,3596 1369,3596 1426,3596"/>
                <TextEquiv>
                    <Unicode>werke, der repräsentative Werke von Grillparzer, Raimund</Unicode>
                </TextEquiv>
            </TextLine>
            <TextLine id="tr_2_tl_43" custom="readingOrder {index:42;}">
                <Coords points="297,3657 1108,3660 1412,3646 1427,3606 298,3613"/>
                <Baseline points="304,3647 360,3647 416,3647 472,3647 529,3647 585,3644 641,3644 697,3644 754,3644 810,3641 866,3642 922,3642 979,3641 1035,3641 1091,3640 1147,3638 1204,3638 1260,3637 1316,3635 1372,3635 1429,3632"/>
                <TextEquiv>
                    <Unicode>Nestroy, Anzengruber, Schönherr, Hofmannsthal, Schnitzler und</Unicode>
                </TextEquiv>
            </TextLine>
            <TextLine id="tr_2_tl_44" custom="readingOrder {index:43;}">
                <Coords points="305,3691 1430,3688 1432,3651 1346,3637 307,3654"/>
                <Baseline points="313,3685 369,3685 425,3685 481,3685 537,3682 593,3682 649,3682 705,3682 761,3682 817,3681 874,3680 930,3680 986,3679 1042,3679 1098,3678 1154,3676 1210,3676 1266,3676 1322,3675 1378,3674 1435,3671"/>
                <TextEquiv>
                    <Unicode>Wildgans bringen wird. Dieser Zyklus wird am Dienstag den</Unicode>
                </TextEquiv>
            </TextLine>
            <TextLine id="tr_2_tl_45" custom="readingOrder {index:44;}">
                <Coords points="302,3733 1282,3733 1426,3727 1427,3688 302,3694"/>
                <Baseline points="310,3727 368,3726 427,3724 486,3724 545,3721 604,3721 663,3721 722,3721 781,3721 840,3718 898,3718 957,3717 1016,3715 1075,3715 1134,3715 1193,3715 1252,3715 1311,3714 1370,3714 1429,3715"/>
                <TextEquiv>
                    <Unicode>31. d. M., mit der Neuinszenierung von Grillparzers „König</Unicode>
                </TextEquiv>
            </TextLine>
            <TextLine id="tr_2_tl_46" custom="readingOrder {index:45;}">
                <Coords points="300,3771 1378,3768 1430,3730 300,3736"/>
                <Baseline points="307,3766 363,3763 419,3763 475,3763 532,3760 588,3760 644,3760 700,3760 757,3757 813,3759 869,3757 925,3757 982,3757 1038,3757 1094,3757 1150,3755 1207,3754 1263,3754 1319,3753 1375,3751 1432,3748"/>
                <TextEquiv>
                    <Unicode>Ottokars Glück und Ende“ festlich eröffnet. Der Vorstel¬</Unicode>
                </TextEquiv>
            </TextLine>
            <TextLine id="tr_2_tl_47" custom="readingOrder {index:46;}">
                <Coords points="302,3813 1429,3801 1418,3756 302,3772"/>
                <Baseline points="310,3802 366,3802 422,3802 478,3800 534,3799 590,3799 646,3799 702,3799 758,3796 814,3799 871,3798 927,3796 983,3796 1039,3795 1095,3793 1151,3793 1207,3793 1263,3792 1319,3790 1375,3790 1432,3793"/>
                <TextEquiv>
                    <Unicode>lung werden der Herr Bundespräsident, der Herr Kardinal und</Unicode>
                </TextEquiv>
            </TextLine>
            <TextLine id="tr_2_tl_48" custom="readingOrder {index:47;}">
                <Coords points="298,3855 1432,3838 1363,3793 300,3811"/>
                <Baseline points="307,3844 363,3841 419,3841 476,3839 532,3838 589,3838 645,3838 701,3838 758,3835 814,3838 871,3835 927,3833 983,3835 1040,3832 1096,3832 1153,3832 1209,3832 1265,3831 1322,3829 1378,3831 1435,3832"/>
                <TextEquiv>
                    <Unicode>eine Reihe von Mitgliedern der Bundesregierung beiwohnen.</Unicode>
                </TextEquiv>
            </TextLine>
            <TextLine id="tr_2_tl_49" custom="readingOrder {index:48;}">
                <Coords points="302,3892 1432,3880 1432,3840 1375,3835 302,3852"/>
                <Baseline points="310,3873 366,3879 422,3879 478,3879 535,3879 591,3879 647,3878 703,3878 760,3876 816,3876 872,3875 928,3873 985,3873 1041,3870 1097,3870 1153,3870 1210,3870 1266,3870 1322,3868 1378,3868 1435,3865"/>
                <TextEquiv>
                    <Unicode>Die Uraufführung von „König Ottokars Glück und Ende" fand</Unicode>
                </TextEquiv>
            </TextLine>
            <TextLine id="tr_2_tl_50" custom="readingOrder {index:49;}">
                <Coords points="305,3928 1432,3916 1432,3880 1342,3871 305,3889"/>
                <Baseline points="313,3921 369,3918 425,3918 481,3918 537,3918 593,3915 649,3915 705,3917 761,3915 817,3912 874,3912 930,3912 986,3912 1042,3912 1098,3911 1154,3909 1210,3909 1266,3909 1322,3908 1378,3906 1435,3909"/>
                <TextEquiv>
                    <Unicode>am Burgtheater am 19. Februar 1825 statt. Das Werk gelangte</Unicode>
                </TextEquiv>
            </TextLine>
            <TextLine id="tr_2_tl_51" custom="readingOrder {index:50;}">
                <Coords points="314,3965 910,3989 1447,3952 1417,3916 1179,3910 314,3940"/>
                <Baseline points="322,3960 378,3957 434,3957 491,3955 547,3956 604,3954 660,3955 716,3955 773,3954 829,3954 886,3954 942,3952 998,3951 1055,3951 1111,3951 1168,3951 1224,3951 1280,3948 1337,3948 1393,3948 1450,3951"/>
                <TextEquiv>
                    <Unicode>seither hunderteinmal zur Wiederholung und wurde seit Februar</Unicode>
                </TextEquiv>
            </TextLine>
            <TextLine id="tr_2_tl_52" custom="readingOrder {index:51;}">
                <Coords points="305,4021 362,4013 391,4027 440,4004 463,4018 526,4003 560,4021 586,4006 653,4027 746,4022 746,3976 686,3959 635,3974 553,3961 443,3973 428,3958 406,3973 305,3973"/>
                <Baseline points="313,3996 338,3996 364,3996 389,3996 415,3996 441,3996 466,3996 492,3996 518,3996 543,3996 569,3996 595,3996 620,3996 646,3994 672,3993 697,3993 723,3993 749,3993"/>
                <TextEquiv>
                    <Unicode>1918 nicht mehr gegeben.</Unicode>
                </TextEquiv>
            </TextLine>
            <TextEquiv>
                <Unicode></Unicode>
            </TextEquiv>
        </TextRegion>
        <TextRegion orientation="0.0" id="tr_3" custom="readingOrder {index:2;}">
            <Coords points="1922,284 1922,4131 2841,4131 2841,284"/>
            <TextLine id="tr_3_tl_1" custom="readingOrder {index:0;}">
                <Coords points="2427,322 2508,341 2565,311 2628,338 2681,329 2696,344 2721,341 2721,216 2661,192 2642,202 2627,192 2604,201 2486,190 2429,204"/>
                <Baseline points="2435,310 2461,310 2487,310 2513,310 2540,308 2566,304 2592,306 2618,307 2645,307 2671,307 2697,307 2724,310"/>
                <TextEquiv>
                    <Unicode>RATS</Unicode>
                </TextEquiv>
            </TextLine>
            <TextLine id="tr_3_tl_2" custom="readingOrder {index:1;}">
                <Coords points="1954,371 1963,373 1975,365 1987,365 1992,370 2001,364 2017,362 2043,364 2043,313 2035,313 2025,323 2013,322 2007,316 1975,323 1954,319"/>
                <Baseline points="1963,361 1991,361 2019,361 2047,361"/>
                <TextEquiv>
                    <Unicode>—</Unicode>
                </TextEquiv>
            </TextLine>
            <TextLine id="tr_3_tl_3" custom="readingOrder {index:2;}">
                <Coords points="2478,374 2507,382 2520,373 2531,379 2687,373 2687,335 2648,340 2639,331 2624,341 2607,328 2555,347 2525,332 2502,344 2478,341"/>
                <Baseline points="2486,367 2511,370 2536,368 2562,367 2587,367 2612,367 2638,367 2663,366 2689,364"/>
                <TextEquiv>
                    <Unicode>I. Oesterr.</Unicode>
                </TextEquiv>
            </TextLine>
            <TextLine id="tr_3_tl_4" custom="readingOrder {index:3;}">
                <Coords points="2071,413 2781,403 2781,358 2510,382 2420,323 2071,328"/>
                <Baseline points="2080,396 2115,394 2150,396 2185,399 2220,399 2256,396 2291,394 2326,394 2361,396 2396,396 2432,396 2467,398 2502,399 2537,398 2572,396 2608,396 2643,396 2678,395 2713,393 2748,396 2784,396"/>
                <TextEquiv>
                    <Unicode>OBSERVER behördl. konz.</Unicode>
                </TextEquiv>
            </TextLine>
            <TextLine id="tr_3_tl_5" custom="readingOrder {index:4;}">
                <Coords points="2068,443 2785,434 2767,400 2068,412"/>
                <Baseline points="2077,438 2112,438 2148,438 2183,438 2219,437 2254,435 2290,435 2325,433 2361,432 2396,433 2432,435 2467,432 2503,430 2538,429 2574,428 2609,426 2645,426 2680,426 2716,426 2751,425 2787,423"/>
                <TextEquiv>
                    <Unicode>Büro für Zeitungsnachrichten</Unicode>
                </TextEquiv>
            </TextLine>
            <TextLine id="tr_3_tl_6" custom="readingOrder {index:5;}">
                <Coords points="2067,511 2751,508 2779,497 2781,431 2068,445"/>
                <Baseline points="2077,477 2112,480 2147,480 2183,478 2218,477 2253,477 2289,474 2324,474 2359,472 2395,472 2430,474 2465,474 2501,474 2536,474 2571,473 2607,471 2642,469 2677,468 2713,468 2748,467 2784,465"/>
                <TextEquiv>
                    <Unicode>WIEN, WOLLIELE</Unicode>
                </TextEquiv>
            </TextLine>
            <TextLine id="tr_3_tl_7" custom="readingOrder {index:6;}">
                <Coords points="1927,819 1941,824 1948,819 1990,843 2013,836 2023,845 2034,836 2061,834 2065,750 2037,738 2005,734 1990,740 1980,735 1966,744 1957,738 1932,744"/>
                <Baseline points="1936,808 1961,808 1987,807 2013,805 2039,804 2065,802"/>
                <TextEquiv>
                    <Unicode>Volk</Unicode>
                </TextEquiv>
            </TextLine>
            <TextLine id="tr_3_tl_8" custom="readingOrder {index:7;}">
                <Coords points="2035,898 2258,916 2305,890 2339,915 2516,927 2681,927 2724,901 2722,842 2034,831"/>
                <Baseline points="2044,892 2078,894 2112,895 2146,895 2180,895 2214,895 2248,895 2283,895 2317,895 2351,898 2385,900 2419,901 2453,901 2487,901 2522,901 2556,902 2590,904 2624,904 2658,904 2692,903 2727,901"/>
                <TextEquiv>
                    <Unicode>Anton Wildgans</Unicode>
                </TextEquiv>
            </TextLine>
            <TextLine id="tr_3_tl_9" custom="readingOrder {index:8;}">
                <Coords points="2077,984 2195,1011 2275,984 2496,1011 2549,985 2610,1017 2710,1000 2709,940 2652,921 2414,930 2344,909 2305,931 2167,904 2076,924"/>
                <Baseline points="2086,969 2117,968 2148,968 2179,969 2211,971 2242,972 2273,972 2305,972 2336,974 2367,975 2399,975 2430,975 2461,976 2492,978 2524,980 2555,981 2586,981 2618,981 2649,981 2680,981 2712,981"/>
                <TextEquiv>
                    <Unicode>erster Todestag.</Unicode>
                </TextEquiv>
            </TextLine>
            <TextLine id="tr_3_tl_10" custom="readingOrder {index:9;}">
                <Coords points="1933,1042 2809,1062 2808,978 2622,1020 1933,993"/>
                <Baseline points="1942,1041 1985,1038 2028,1038 2072,1038 2115,1038 2159,1038 2202,1040 2246,1041 2289,1041 2333,1043 2376,1044 2419,1044 2463,1046 2506,1047 2550,1049 2593,1050 2637,1050 2680,1050 2724,1050 2767,1051 2811,1053"/>
                <TextEquiv>
                    <Unicode>Der Schöpfer des bürgerlich-sozialen Gedichtes.</Unicode>
                </TextEquiv>
            </TextLine>
            <TextLine id="tr_3_tl_11" custom="readingOrder {index:10;}">
                <Coords points="2125,1102 2436,1098 2471,1122 2529,1096 2642,1114 2640,1065 2618,1051 2354,1065 2305,1047 2125,1050"/>
                <Baseline points="2133,1080 2158,1083 2184,1086 2209,1086 2235,1086 2260,1086 2286,1086 2311,1086 2337,1088 2362,1089 2388,1089 2414,1090 2439,1091 2465,1092 2490,1092 2516,1092 2541,1092 2567,1092 2592,1092 2618,1092 2644,1092"/>
                <TextEquiv>
                    <Unicode>Seine Rede auf Oesterreich.</Unicode>
                </TextEquiv>
            </TextLine>
            <TextLine id="tr_3_tl_12" custom="readingOrder {index:11;}">
                <Coords points="2025,1158 2800,1173 2808,1108 2023,1092"/>
                <Baseline points="2032,1137 2073,1140 2114,1140 2155,1142 2196,1145 2237,1146 2278,1146 2319,1146 2360,1147 2401,1149 2442,1149 2483,1149 2524,1152 2565,1152 2606,1152 2647,1152 2688,1154 2729,1155 2770,1155 2811,1158"/>
                <TextEquiv>
                    <Unicode>Heute ist es ein Jahr her, daß der Schöpfer</Unicode>
                </TextEquiv>
            </TextLine>
            <TextLine id="tr_3_tl_13" custom="readingOrder {index:12;}">
                <Coords points="1933,1185 2805,1205 2805,1171 2754,1159 2706,1182 2648,1153 2338,1173 1933,1146"/>
                <Baseline points="1942,1184 1985,1181 2028,1184 2071,1184 2115,1184 2158,1186 2201,1187 2245,1187 2288,1189 2331,1190 2375,1190 2418,1192 2461,1193 2504,1191 2548,1192 2591,1193 2634,1193 2678,1193 2721,1194 2764,1195 2808,1193"/>
                <TextEquiv>
                    <Unicode>des österreichischen bürgerlich-sozialen Ge¬</Unicode>
                </TextEquiv>
            </TextLine>
            <TextLine id="tr_3_tl_14" custom="readingOrder {index:13;}">
                <Coords points="1933,1229 2805,1253 2803,1207 2724,1198 2326,1219 1933,1185"/>
                <Baseline points="1942,1220 1985,1226 2028,1226 2071,1229 2115,1229 2158,1229 2201,1229 2245,1231 2288,1232 2331,1232 2375,1232 2418,1234 2461,1235 2504,1233 2548,1232 2591,1232 2634,1233 2678,1235 2721,1236 2764,1239 2808,1241"/>
                <TextEquiv>
                    <Unicode>dichtes gestorben ist. Knapp nach Vollendung</Unicode>
                </TextEquiv>
            </TextLine>
            <TextLine id="tr_3_tl_15" custom="readingOrder {index:14;}">
                <Coords points="1933,1277 2800,1292 2799,1255 2749,1243 1932,1231"/>
                <Baseline points="1942,1268 1985,1268 2028,1268 2071,1271 2114,1271 2157,1271 2200,1271 2243,1273 2286,1274 2329,1274 2372,1274 2415,1274 2458,1274 2501,1274 2544,1274 2587,1274 2630,1275 2673,1277 2716,1278 2759,1281 2802,1283"/>
                <TextEquiv>
                    <Unicode>des 51. Geburtstages hat das Schicksal ihm den</Unicode>
                </TextEquiv>
            </TextLine>
            <TextLine id="tr_3_tl_16" custom="readingOrder {index:15;}">
                <Coords points="1933,1328 2802,1336 2802,1294 1932,1277"/>
                <Baseline points="1942,1307 1985,1310 2028,1310 2071,1313 2114,1313 2157,1315 2200,1316 2244,1316 2287,1316 2330,1316 2373,1316 2416,1314 2459,1313 2502,1313 2546,1314 2589,1317 2632,1319 2675,1320 2718,1322 2761,1322 2805,1322"/>
                <TextEquiv>
                    <Unicode>gnadenvollen schnellen Tod bereitet, von dem</Unicode>
                </TextEquiv>
            </TextLine>
            <TextLine id="tr_3_tl_17" custom="readingOrder {index:16;}">
                <Coords points="1927,1363 2802,1370 2802,1336 2748,1324 1927,1327"/>
                <Baseline points="1936,1352 1979,1352 2022,1352 2066,1354 2109,1357 2153,1357 2196,1355 2240,1356 2283,1355 2327,1354 2370,1354 2413,1354 2457,1354 2500,1354 2544,1356 2587,1359 2631,1360 2674,1361 2718,1363 2761,1363 2805,1363"/>
                <TextEquiv>
                    <Unicode>im Laufe nur weniger Monate auch zwei andre</Unicode>
                </TextEquiv>
            </TextLine>
            <TextLine id="tr_3_tl_18" custom="readingOrder {index:17;}">
                <Coords points="1933,1406 2805,1418 2782,1369 1933,1361"/>
                <Baseline points="1942,1393 1985,1393 2028,1393 2071,1396 2115,1399 2158,1399 2201,1397 2245,1396 2288,1396 2331,1396 2375,1396 2418,1394 2461,1395 2504,1396 2548,1398 2591,1399 2634,1399 2678,1402 2721,1404 2764,1403 2808,1402"/>
                <TextEquiv>
                    <Unicode>große heimische Dichter, Hofmannsthal und</Unicode>
                </TextEquiv>
            </TextLine>
            <TextLine id="tr_3_tl_19" custom="readingOrder {index:18;}">
                <Coords points="1933,1433 2070,1460 2802,1459 2802,1414 2721,1403 1933,1405"/>
                <Baseline points="1942,1429 1985,1432 2028,1432 2071,1437 2114,1443 2157,1440 2200,1438 2244,1438 2287,1438 2330,1438 2373,1438 2416,1438 2459,1438 2502,1438 2546,1441 2589,1441 2632,1441 2675,1441 2718,1444 2761,1444 2805,1447"/>
                <TextEquiv>
                    <Unicode>Schnitzler, ereilt worden sind. Das Werk von</Unicode>
                </TextEquiv>
            </TextLine>
            <TextLine id="tr_3_tl_20" custom="readingOrder {index:19;}">
                <Coords points="1933,1483 2703,1503 2802,1496 2802,1462 2246,1439 2040,1463 1932,1435"/>
                <Baseline points="1942,1477 1985,1480 2028,1480 2071,1480 2114,1482 2157,1483 2200,1483 2244,1483 2287,1483 2330,1483 2373,1483 2416,1483 2459,1483 2502,1483 2546,1484 2589,1486 2632,1486 2675,1486 2718,1487 2761,1489 2805,1489"/>
                <TextEquiv>
                    <Unicode>Anton Wildgans, losgelöst von dem, der es voll¬</Unicode>
                </TextEquiv>
            </TextLine>
            <TextLine id="tr_3_tl_21" custom="readingOrder {index:20;}">
                <Coords points="1933,1530 2796,1541 2796,1502 2740,1492 1933,1483"/>
                <Baseline points="1942,1519 1984,1519 2027,1522 2070,1522 2113,1522 2156,1524 2199,1523 2241,1522 2284,1524 2327,1525 2370,1523 2413,1524 2456,1525 2499,1525 2541,1525 2584,1525 2627,1526 2670,1528 2713,1528 2756,1528 2799,1531"/>
                <TextEquiv>
                    <Unicode>bracht hat, ist nicht zugleich mit ihm (wie es so</Unicode>
                </TextEquiv>
            </TextLine>
            <TextLine id="tr_3_tl_22" custom="readingOrder {index:21;}">
                <Coords points="1936,1566 2805,1581 2805,1538 2715,1530 1936,1532"/>
                <Baseline points="1945,1557 1988,1560 2031,1563 2074,1563 2117,1565 2160,1566 2203,1564 2247,1563 2290,1565 2333,1566 2376,1566 2419,1566 2462,1566 2505,1568 2549,1569 2592,1569 2635,1569 2678,1569 2721,1569 2764,1569 2808,1566"/>
                <TextEquiv>
                    <Unicode>manchmal geschehen kann, wenn ein Dichter</Unicode>
                </TextEquiv>
            </TextLine>
            <TextLine id="tr_3_tl_23" custom="readingOrder {index:22;}">
                <Coords points="1933,1620 2802,1623 2800,1578 2770,1575 1932,1565"/>
                <Baseline points="1942,1608 1985,1605 2028,1605 2071,1605 2114,1605 2157,1605 2200,1605 2244,1607 2287,1608 2330,1608 2373,1610 2416,1611 2459,1611 2502,1611 2546,1611 2589,1611 2632,1612 2675,1614 2718,1614 2761,1614 2805,1614"/>
                <TextEquiv>
                    <Unicode>sich überlebt) verwelkt. Seine Verse, diese in</Unicode>
                </TextEquiv>
            </TextLine>
            <TextLine id="tr_3_tl_24" custom="readingOrder {index:23;}">
                <Coords points="1930,1650 2799,1668 2797,1622 1929,1620"/>
                <Baseline points="1939,1644 1982,1644 2025,1647 2068,1647 2111,1647 2154,1647 2197,1647 2241,1649 2284,1650 2327,1650 2370,1650 2413,1652 2456,1655 2499,1656 2543,1656 2586,1656 2629,1656 2672,1656 2715,1656 2758,1655 2802,1656"/>
                <TextEquiv>
                    <Unicode>alle Dunkelseiten des Lebens greifenden, an¬</Unicode>
                </TextEquiv>
            </TextLine>
            <TextLine id="tr_3_tl_25" custom="readingOrder {index:24;}">
                <Coords points="1926,1698 2748,1713 2800,1709 2799,1667 1924,1647"/>
                <Baseline points="1934,1689 1977,1689 2020,1689 2064,1689 2107,1692 2151,1692 2194,1692 2237,1692 2281,1692 2324,1692 2368,1694 2411,1695 2454,1695 2498,1695 2541,1695 2585,1697 2628,1698 2671,1698 2715,1699 2758,1700 2802,1695"/>
                <TextEquiv>
                    <Unicode>klagenden aber auch verstehenden, verzeihenden</Unicode>
                </TextEquiv>
            </TextLine>
            <TextLine id="tr_3_tl_26" custom="readingOrder {index:25;}">
                <Coords points="1926,1740 2805,1760 2785,1707 1926,1704"/>
                <Baseline points="1934,1731 1977,1734 2021,1731 2065,1734 2108,1734 2152,1734 2196,1734 2239,1736 2283,1735 2327,1736 2371,1739 2414,1738 2458,1739 2502,1740 2545,1740 2589,1741 2633,1741 2676,1741 2720,1742 2764,1741 2808,1737"/>
                <TextEquiv>
                    <Unicode>und lächelnden Gedichte sind, um das kommer¬</Unicode>
                </TextEquiv>
            </TextLine>
            <TextLine id="tr_3_tl_27" custom="readingOrder {index:26;}">
                <Coords points="1927,1782 2805,1794 2805,1757 2736,1746 1927,1743"/>
                <Baseline points="1936,1778 1979,1775 2023,1775 2066,1775 2110,1778 2154,1778 2197,1778 2241,1778 2284,1778 2328,1778 2372,1778 2415,1780 2459,1781 2502,1783 2546,1782 2590,1781 2633,1783 2677,1782 2720,1782 2764,1784 2808,1781"/>
                <TextEquiv>
                    <Unicode>zielle Maß anzulegen, keine Ladenhüter. Kürz¬</Unicode>
                </TextEquiv>
            </TextLine>
            <TextLine id="tr_3_tl_28" custom="readingOrder {index:27;}">
                <Coords points="1933,1822 2684,1846 2800,1836 2800,1794 1932,1784"/>
                <Baseline points="1942,1817 1985,1817 2028,1817 2071,1817 2114,1819 2157,1822 2200,1821 2243,1820 2286,1820 2329,1822 2372,1823 2415,1823 2458,1823 2501,1824 2544,1826 2587,1826 2630,1826 2673,1826 2716,1826 2759,1826 2802,1826"/>
                <TextEquiv>
                    <Unicode>lich haben sie bei Reinhardt sein mächtiges</Unicode>
                </TextEquiv>
            </TextLine>
            <TextLine id="tr_3_tl_29" custom="readingOrder {index:28;}">
                <Coords points="1926,1875 2797,1884 2796,1834 1926,1818"/>
                <Baseline points="1934,1859 1977,1859 2020,1859 2063,1862 2107,1862 2150,1862 2193,1862 2236,1862 2280,1862 2323,1864 2366,1865 2409,1865 2453,1867 2496,1866 2539,1867 2582,1868 2626,1868 2669,1868 2712,1869 2755,1871 2799,1874"/>
                <TextEquiv>
                    <Unicode>dramatische Lied vom ungewollten Kind,</Unicode>
                </TextEquiv>
            </TextLine>
            <TextLine id="tr_3_tl_30" custom="readingOrder {index:29;}">
                <Coords points="1920,1917 2791,1929 2790,1881 2664,1869 1920,1881"/>
                <Baseline points="1928,1904 1971,1901 2014,1904 2057,1901 2101,1901 2144,1904 2187,1906 2230,1905 2274,1904 2317,1906 2360,1907 2403,1907 2447,1907 2490,1909 2533,1910 2576,1910 2620,1910 2663,1911 2706,1913 2749,1912 2793,1910"/>
                <TextEquiv>
                    <Unicode>„Dies Irae" gespielt und vorgestern seine er¬</Unicode>
                </TextEquiv>
            </TextLine>
            <TextLine id="tr_3_tl_31" custom="readingOrder {index:30;}">
                <Coords points="1927,1962 2532,1963 2523,1915 2386,1911 2362,1935 2305,1911 1927,1915"/>
                <Baseline points="1936,1948 1966,1946 1996,1945 2026,1945 2056,1947 2086,1948 2116,1948 2146,1948 2176,1948 2206,1948 2236,1948 2266,1948 2296,1948 2326,1950 2356,1951 2386,1951 2416,1951 2446,1951 2476,1951 2506,1953 2536,1954"/>
                <TextEquiv>
                    <Unicode>schütternd hinreißende „Armut“.</Unicode>
                </TextEquiv>
            </TextLine>
            <TextLine id="tr_3_tl_32" custom="readingOrder {index:31;}">
                <Coords points="2008,2017 2802,2011 2802,1962 2008,1963"/>
                <Baseline points="2017,1999 2056,2002 2095,2004 2135,2003 2174,2004 2214,2005 2253,2005 2292,2005 2332,2005 2371,2005 2411,2007 2450,2008 2489,2008 2529,2008 2568,2008 2608,2008 2647,2008 2686,2011 2726,2011 2765,2009 2805,2008"/>
                <TextEquiv>
                    <Unicode>Eine Anton Wildgans=Gesell¬</Unicode>
                </TextEquiv>
            </TextLine>
            <TextLine id="tr_3_tl_33" custom="readingOrder {index:32;}">
                <Coords points="1936,2058 2796,2067 2796,2016 2604,2043 2327,2005 2195,2034 2126,2004 2088,2032 1936,1996"/>
                <Baseline points="1945,2044 1987,2047 2030,2047 2073,2047 2115,2047 2158,2047 2201,2047 2243,2049 2286,2050 2329,2050 2372,2050 2414,2050 2457,2051 2500,2053 2542,2054 2585,2056 2628,2056 2670,2056 2713,2056 2756,2056 2799,2056"/>
                <TextEquiv>
                    <Unicode>schaft, die an seinem Sarge gegründet</Unicode>
                </TextEquiv>
            </TextLine>
            <TextLine id="tr_3_tl_34" custom="readingOrder {index:33;}">
                <Coords points="1923,2092 2794,2111 2793,2068 2742,2061 1923,2053"/>
                <Baseline points="1931,2083 1974,2086 2017,2089 2060,2089 2104,2089 2147,2089 2190,2089 2233,2091 2277,2092 2320,2092 2363,2092 2406,2094 2450,2095 2493,2095 2536,2095 2579,2095 2623,2096 2666,2098 2709,2098 2752,2098 2796,2095"/>
                <TextEquiv>
                    <Unicode>wurde, vereint und ruft heute die besten</Unicode>
                </TextEquiv>
            </TextLine>
            <TextLine id="tr_3_tl_35" custom="readingOrder {index:34;}">
                <Coords points="1927,2137 2796,2156 2796,2111 2761,2104 1927,2094"/>
                <Baseline points="1936,2130 1979,2130 2022,2130 2065,2133 2108,2131 2151,2132 2194,2133 2238,2133 2281,2133 2324,2135 2367,2136 2410,2136 2453,2136 2496,2136 2540,2136 2583,2137 2626,2139 2669,2139 2712,2139 2755,2139 2799,2139"/>
                <TextEquiv>
                    <Unicode>Namen, aber auch der Zahl nach bedeutende</Unicode>
                </TextEquiv>
            </TextLine>
            <TextLine id="tr_3_tl_36" custom="readingOrder {index:35;}">
                <Coords points="1926,2186 2728,2204 2793,2191 2793,2159 1924,2137"/>
                <Baseline points="1934,2172 1977,2172 2020,2172 2063,2172 2106,2175 2149,2175 2192,2175 2235,2175 2278,2177 2321,2178 2365,2178 2408,2178 2451,2178 2494,2180 2537,2181 2580,2181 2623,2181 2666,2182 2709,2184 2752,2183 2796,2178"/>
                <TextEquiv>
                    <Unicode>Mitglieder, die alle auf diese Weise den be¬</Unicode>
                </TextEquiv>
            </TextLine>
            <TextLine id="tr_3_tl_37" custom="readingOrder {index:36;}">
                <Coords points="1923,2222 2784,2239 2784,2189 1923,2179"/>
                <Baseline points="1931,2214 1973,2217 2016,2214 2059,2217 2102,2215 2145,2214 2187,2216 2230,2217 2273,2217 2316,2217 2359,2219 2401,2220 2444,2220 2487,2220 2530,2221 2573,2223 2615,2223 2658,2224 2701,2227 2744,2228 2787,2226"/>
                <TextEquiv>
                    <Unicode>gnadeten Mensch postum ehren wollen (zu</Unicode>
                </TextEquiv>
            </TextLine>
            <TextLine id="tr_3_tl_38" custom="readingOrder {index:37;}">
                <Coords points="1923,2270 2775,2282 2784,2242 1921,2224"/>
                <Baseline points="1931,2256 1973,2256 2016,2256 2059,2256 2102,2258 2145,2257 2187,2258 2230,2259 2273,2259 2316,2259 2359,2261 2401,2262 2444,2262 2487,2262 2530,2263 2573,2265 2615,2266 2658,2268 2701,2268 2744,2268 2787,2271"/>
                <TextEquiv>
                    <Unicode>Lebzeiten hat man sehr spät damit angefangen,</Unicode>
                </TextEquiv>
            </TextLine>
            <TextLine id="tr_3_tl_39" custom="readingOrder {index:38;}">
                <Coords points="1926,2309 2785,2321 2758,2275 1926,2266"/>
                <Baseline points="1934,2298 1976,2298 2019,2298 2061,2301 2104,2301 2147,2301 2189,2301 2232,2301 2275,2303 2317,2304 2360,2302 2403,2302 2445,2304 2488,2305 2531,2307 2573,2307 2616,2308 2659,2310 2701,2310 2744,2310 2787,2307"/>
                <TextEquiv>
                    <Unicode>eigentlich erst ein Jahr vor seinem Tod), dem</Unicode>
                </TextEquiv>
            </TextLine>
            <TextLine id="tr_3_tl_40" custom="readingOrder {index:39;}">
                <Coords points="1920,2356 2781,2363 2781,2323 2706,2311 1920,2308"/>
                <Baseline points="1928,2339 1970,2342 2013,2342 2056,2345 2099,2345 2142,2345 2184,2345 2227,2345 2270,2347 2313,2348 2356,2346 2398,2345 2441,2346 2484,2348 2527,2348 2570,2348 2612,2349 2655,2351 2698,2351 2741,2352 2784,2354"/>
                <TextEquiv>
                    <Unicode>ein Gott zu sagen gab, was wir alle leiden.</Unicode>
                </TextEquiv>
            </TextLine>
            <TextLine id="tr_3_tl_41" custom="readingOrder {index:40;}">
                <Coords points="1914,2459 2778,2441 2778,2399 2745,2390 2454,2418 1915,2406"/>
                <Baseline points="1922,2447 1967,2445 2012,2446 2057,2445 2102,2444 2148,2444 2193,2441 2238,2441 2283,2441 2328,2441 2374,2441 2419,2438 2464,2438 2509,2438 2554,2438 2600,2438 2645,2435 2690,2435 2735,2435 2781,2432"/>
                <TextEquiv>
                    <Unicode>Muß man daran erinnern, daß er auch im</Unicode>
                </TextEquiv>
            </TextLine>
            <TextLine id="tr_3_tl_42" custom="readingOrder {index:41;}">
                <Coords points="1914,2495 2781,2486 2772,2442 1914,2457"/>
                <Baseline points="1922,2486 1965,2488 2008,2489 2051,2487 2094,2486 2137,2484 2180,2483 2223,2483 2266,2483 2309,2483 2353,2483 2396,2483 2439,2483 2482,2482 2525,2480 2568,2480 2611,2480 2654,2480 2697,2477 2740,2477 2784,2474"/>
                <TextEquiv>
                    <Unicode>wildesten Kriegstaumel seine Feinde gekannt</Unicode>
                </TextEquiv>
            </TextLine>
            <TextLine id="tr_3_tl_43" custom="readingOrder {index:42;}">
                <Coords points="1917,2547 2784,2528 2784,2489 2728,2481 2645,2507 2592,2483 2086,2487 2008,2517 1917,2495"/>
                <Baseline points="1925,2533 1968,2530 2011,2528 2054,2527 2097,2527 2140,2527 2183,2527 2226,2527 2269,2528 2312,2529 2356,2526 2399,2524 2442,2523 2485,2521 2528,2521 2571,2521 2614,2521 2657,2521 2700,2521 2743,2518 2787,2515"/>
                <TextEquiv>
                    <Unicode>hat, daß er seine „Infanterie“, von diesen</Unicode>
                </TextEquiv>
            </TextLine>
            <TextLine id="tr_3_tl_44" custom="readingOrder {index:43;}">
                <Coords points="1914,2585 2781,2573 2781,2528 2752,2523 1914,2547"/>
                <Baseline points="1922,2575 1965,2573 2008,2570 2051,2569 2094,2569 2137,2567 2180,2566 2223,2567 2266,2569 2309,2568 2353,2566 2396,2566 2439,2565 2482,2562 2525,2560 2568,2560 2611,2560 2654,2563 2697,2563 2740,2563 2784,2557"/>
                <TextEquiv>
                    <Unicode>„Schwertern der Weltgerichte" nicht für</Unicode>
                </TextEquiv>
            </TextLine>
            <TextLine id="tr_3_tl_45" custom="readingOrder {index:44;}">
                <Coords points="1917,2621 2776,2606 2776,2580 2693,2562 1917,2583"/>
                <Baseline points="1925,2611 1967,2614 2010,2614 2052,2614 2095,2612 2138,2611 2180,2611 2223,2611 2266,2611 2308,2610 2351,2609 2394,2611 2436,2610 2479,2607 2522,2605 2564,2605 2607,2605 2650,2605 2692,2605 2735,2605 2778,2602"/>
                <TextEquiv>
                    <Unicode>irgendeine Konstellation, sondern für alle ge¬</Unicode>
                </TextEquiv>
            </TextLine>
            <TextLine id="tr_3_tl_46" custom="readingOrder {index:45;}">
                <Coords points="1923,2667 2775,2658 2776,2606 1924,2621"/>
                <Baseline points="1931,2656 1973,2656 2015,2656 2058,2656 2100,2653 2142,2655 2185,2656 2227,2656 2269,2654 2312,2653 2354,2653 2396,2652 2439,2650 2481,2651 2523,2652 2566,2649 2608,2647 2650,2647 2693,2647 2735,2647 2778,2647"/>
                <TextEquiv>
                    <Unicode>schrieben hat, die Kanonen gegenüberstanden,</Unicode>
                </TextEquiv>
            </TextLine>
            <TextLine id="tr_3_tl_47" custom="readingOrder {index:46;}">
                <Coords points="1914,2712 2333,2733 2610,2697 2803,2724 2805,2645 1915,2663"/>
                <Baseline points="1922,2701 1966,2701 2010,2702 2054,2703 2098,2701 2142,2700 2186,2698 2231,2698 2275,2698 2319,2698 2363,2698 2407,2698 2451,2695 2495,2695 2540,2695 2584,2695 2628,2692 2672,2692 2716,2692 2760,2689 2805,2686"/>
                <TextEquiv>
                    <Unicode>daß er, Grundlage seines Ruhmes, das hohe</Unicode>
                </TextEquiv>
            </TextLine>
            <TextLine id="tr_3_tl_48" custom="readingOrder {index:47;}">
                <Coords points="1948,2841 2666,2829 2734,2859 2838,2829 2808,2775 1950,2802"/>
                <Baseline points="1957,2832 2001,2832 2045,2832 2089,2832 2133,2831 2178,2829 2222,2829 2266,2829 2310,2832 2354,2832 2399,2829 2443,2829 2487,2826 2531,2826 2575,2826 2620,2823 2664,2823 2708,2823 2752,2823 2796,2820 2841,2817"/>
                <TextEquiv>
                    <Unicode>Lied der Liebe, die „Sonette an Ead", ge¬</Unicode>
                </TextEquiv>
            </TextLine>
            <TextLine id="tr_3_tl_49" custom="readingOrder {index:48;}">
                <Coords points="1927,2890 1948,2902 1984,2884 2022,2896 2068,2875 2086,2889 2146,2878 2149,2836 2104,2847 2062,2833 2037,2847 1966,2850 1950,2835 1930,2835"/>
                <Baseline points="1936,2880 1962,2878 1989,2877 2016,2877 2043,2875 2070,2874 2097,2874 2124,2872 2151,2868"/>
                <TextEquiv>
                    <Unicode>sungen hat</Unicode>
                </TextEquiv>
            </TextLine>
            <TextLine id="tr_3_tl_50" custom="readingOrder {index:49;}">
                <Coords points="2041,2923 2814,2913 2814,2874 2764,2857 2043,2883"/>
                <Baseline points="2050,2915 2088,2914 2126,2915 2165,2914 2203,2912 2241,2912 2280,2912 2318,2912 2356,2910 2395,2909 2433,2909 2471,2908 2510,2906 2548,2906 2586,2909 2625,2905 2663,2903 2701,2903 2740,2902 2778,2901 2817,2898"/>
                <TextEquiv>
                    <Unicode>Von seiner engen Mansarde aus der</Unicode>
                </TextEquiv>
            </TextLine>
            <TextLine id="tr_3_tl_51" custom="readingOrder {index:50;}">
                <Coords points="1930,2973 2808,2958 2794,2910 2111,2941 1932,2917"/>
                <Baseline points="1939,2963 1982,2963 2026,2963 2069,2962 2113,2960 2157,2960 2200,2960 2244,2960 2287,2959 2331,2957 2375,2957 2418,2957 2462,2956 2505,2954 2549,2954 2593,2951 2636,2948 2680,2951 2723,2948 2767,2948 2811,2945"/>
                <TextEquiv>
                    <Unicode>dürftigen Kinbett des Beamtensohnes heraus</Unicode>
                </TextEquiv>
            </TextLine>
            <TextLine id="tr_3_tl_52" custom="readingOrder {index:51;}">
                <Coords points="1945,3016 2746,3007 2812,2991 2814,2953 1945,2971"/>
                <Baseline points="1954,3005 1997,3004 2040,3003 2083,3002 2126,3000 2169,2999 2212,2999 2255,2997 2298,2996 2341,2996 2384,2995 2427,2993 2470,2993 2513,2993 2556,2992 2599,2989 2642,2987 2685,2987 2728,2987 2771,2987 2814,2987"/>
                <TextEquiv>
                    <Unicode>sieht er die Sonne widerstrahlen in Klocken und</Unicode>
                </TextEquiv>
            </TextLine>
            <TextLine id="tr_3_tl_53" custom="readingOrder {index:52;}">
                <Coords points="1929,3046 2812,3043 2812,2991 1930,3017"/>
                <Baseline points="1939,3044 1982,3046 2026,3044 2070,3044 2114,3044 2157,3043 2201,3041 2245,3041 2289,3041 2332,3041 2376,3040 2420,3038 2464,3037 2507,3035 2551,3035 2595,3035 2639,3032 2682,3032 2726,3032 2770,3029 2814,3026"/>
                <TextEquiv>
                    <Unicode>Kanälen. Sieht alltäglich die Tausende aus</Unicode>
                </TextEquiv>
            </TextLine>
            <TextLine id="tr_3_tl_54" custom="readingOrder {index:53;}">
                <Coords points="1936,3095 2770,3092 2830,3080 2832,3050 1938,3058"/>
                <Baseline points="1945,3089 1989,3089 2034,3092 2078,3089 2123,3089 2167,3086 2212,3086 2256,3086 2301,3083 2345,3083 2390,3083 2434,3083 2479,3080 2523,3077 2568,3077 2612,3077 2657,3077 2701,3077 2746,3074 2790,3074 2835,3071"/>
                <TextEquiv>
                    <Unicode>Ruß und Rauch ziehen „heimwärts, wo jeder</Unicode>
                </TextEquiv>
            </TextLine>
            <TextLine id="tr_3_tl_55" custom="readingOrder {index:54;}">
                <Coords points="1954,3137 2811,3124 2812,3080 2719,3074 1956,3097"/>
                <Baseline points="1963,3133 2005,3133 2048,3133 2090,3131 2133,3130 2175,3128 2218,3127 2260,3127 2303,3125 2345,3124 2388,3124 2431,3124 2473,3123 2516,3121 2558,3121 2601,3120 2643,3117 2686,3115 2728,3115 2771,3115 2814,3112"/>
                <TextEquiv>
                    <Unicode>sein Glück und sein Elend hat". Da sieht er</Unicode>
                </TextEquiv>
            </TextLine>
            <TextLine id="tr_3_tl_56" custom="readingOrder {index:55;}">
                <Coords points="1951,3187 2818,3172 2820,3125 2760,3116 2468,3148 1953,3142"/>
                <Baseline points="1960,3175 2003,3175 2046,3175 2089,3173 2132,3172 2175,3172 2218,3170 2261,3171 2304,3172 2347,3169 2390,3166 2433,3166 2476,3165 2519,3163 2562,3163 2605,3163 2648,3163 2691,3160 2734,3160 2777,3160 2820,3157"/>
                <TextEquiv>
                    <Unicode>sie, die Dienstboten, für die nur am sparlichen</Unicode>
                </TextEquiv>
            </TextLine>
            <TextLine id="tr_3_tl_57" custom="readingOrder {index:56;}">
                <Coords points="1944,3229 2817,3212 2818,3170 2773,3163 1945,3187"/>
                <Baseline points="1954,3220 1997,3220 2040,3218 2083,3217 2127,3217 2170,3216 2213,3214 2257,3213 2300,3211 2343,3211 2387,3211 2430,3210 2473,3208 2516,3208 2560,3207 2603,3205 2646,3205 2690,3202 2733,3205 2776,3202 2820,3199"/>
                <TextEquiv>
                    <Unicode>Urlaubstag die Glocke nicht schrillt, die blassen</Unicode>
                </TextEquiv>
            </TextLine>
            <TextLine id="tr_3_tl_58" custom="readingOrder {index:57;}">
                <Coords points="1948,3272 2782,3262 2818,3253 2820,3211 1950,3227"/>
                <Baseline points="1957,3262 2000,3262 2043,3262 2086,3260 2130,3259 2173,3258 2216,3256 2260,3256 2303,3256 2346,3255 2390,3253 2433,3253 2476,3252 2519,3250 2563,3250 2606,3250 2649,3247 2693,3247 2736,3247 2779,3244 2823,3241"/>
                <TextEquiv>
                    <Unicode>Mädchen aus den Kontoren strömen, im Früh¬</Unicode>
                </TextEquiv>
            </TextLine>
            <TextLine id="tr_3_tl_59" custom="readingOrder {index:58;}">
                <Coords points="1942,3314 2782,3303 2826,3296 2827,3250 1942,3272"/>
                <Baseline points="1951,3306 1994,3306 2038,3305 2082,3303 2126,3302 2170,3300 2214,3299 2258,3297 2302,3297 2346,3297 2390,3297 2433,3297 2477,3294 2521,3294 2565,3294 2609,3291 2653,3291 2697,3291 2741,3288 2785,3288 2829,3286"/>
                <TextEquiv>
                    <Unicode>ling, der ihnen verhängt ist, mit Sehnsucht und</Unicode>
                </TextEquiv>
            </TextLine>
            <TextLine id="tr_3_tl_60" custom="readingOrder {index:59;}">
                <Coords points="1948,3353 2820,3345 2820,3305 2746,3292 2628,3321 2601,3296 1948,3315"/>
                <Baseline points="1957,3345 2000,3348 2043,3348 2086,3346 2130,3343 2173,3342 2216,3342 2260,3342 2303,3342 2346,3341 2390,3339 2433,3338 2476,3336 2519,3336 2563,3336 2606,3336 2649,3333 2693,3333 2736,3330 2779,3330 2823,3327"/>
                <TextEquiv>
                    <Unicode>Gefahr, dem magischen Einfluß des Un¬</Unicode>
                </TextEquiv>
            </TextLine>
            <TextLine id="tr_3_tl_61" custom="readingOrder {index:60;}">
                <Coords points="1944,3398 2817,3386 2809,3335 2374,3366 1945,3350"/>
                <Baseline points="1954,3393 1997,3390 2040,3390 2083,3390 2127,3390 2170,3389 2213,3386 2257,3383 2300,3382 2343,3383 2387,3381 2430,3381 2473,3381 2516,3381 2560,3380 2603,3378 2646,3378 2690,3375 2733,3375 2776,3375 2820,3372"/>
                <TextEquiv>
                    <Unicode>bekannten, auf den alle irgendwie warten,</Unicode>
                </TextEquiv>
            </TextLine>
            <TextLine id="tr_3_tl_62" custom="readingOrder {index:61;}">
                <Coords points="1942,3438 2820,3431 2805,3381 2396,3387 2365,3414 2281,3381 2231,3410 1944,3398"/>
                <Baseline points="1951,3432 1994,3434 2038,3432 2081,3432 2125,3431 2169,3429 2212,3428 2256,3426 2299,3426 2343,3425 2387,3423 2430,3423 2474,3423 2517,3423 2561,3423 2605,3423 2648,3423 2692,3420 2735,3420 2779,3417 2823,3417"/>
                <TextEquiv>
                    <Unicode>unterliegend. Von den Häftlingen und</Unicode>
                </TextEquiv>
            </TextLine>
            <TextLine id="tr_3_tl_63" custom="readingOrder {index:62;}">
                <Coords points="1951,3486 2826,3473 2826,3435 2737,3417 1951,3441"/>
                <Baseline points="1960,3477 2003,3475 2046,3474 2090,3474 2133,3474 2177,3473 2220,3471 2264,3471 2307,3471 2351,3470 2394,3468 2437,3467 2481,3465 2524,3465 2568,3465 2611,3465 2655,3465 2698,3462 2742,3462 2785,3462 2829,3459"/>
                <TextEquiv>
                    <Unicode>Richtern, von den Lahmen, die da unten beim</Unicode>
                </TextEquiv>
            </TextLine>
            <TextLine id="tr_3_tl_64" custom="readingOrder {index:63;}">
                <Coords points="1942,3530 2821,3518 2823,3476 1944,3486"/>
                <Baseline points="1951,3518 1994,3518 2038,3518 2082,3518 2126,3517 2169,3515 2213,3514 2257,3512 2301,3512 2344,3511 2388,3507 2432,3509 2476,3509 2519,3509 2563,3509 2607,3506 2651,3506 2694,3506 2738,3506 2782,3506 2826,3500"/>
                <TextEquiv>
                    <Unicode>Krankenhaus harren — worauf: —, wird er</Unicode>
                </TextEquiv>
            </TextLine>
            <TextLine id="tr_3_tl_65" custom="readingOrder {index:64;}">
                <Coords points="1951,3572 2817,3554 2817,3515 2767,3507 1953,3527"/>
                <Baseline points="1960,3563 2003,3562 2046,3563 2089,3561 2132,3558 2175,3557 2218,3557 2261,3557 2304,3556 2347,3554 2390,3554 2433,3554 2476,3553 2519,3551 2562,3551 2605,3550 2648,3548 2691,3548 2734,3545 2777,3548 2820,3545"/>
                <TextEquiv>
                    <Unicode>den gesunden Brüdern ein traurig Stück er¬</Unicode>
                </TextEquiv>
            </TextLine>
            <TextLine id="tr_3_tl_66" custom="readingOrder {index:65;}">
                <Coords points="1951,3625 2812,3600 2823,3551 1953,3573"/>
                <Baseline points="1960,3611 2003,3606 2046,3605 2089,3605 2133,3603 2176,3602 2219,3602 2263,3601 2306,3599 2349,3598 2393,3596 2436,3596 2479,3596 2522,3595 2566,3593 2609,3593 2652,3593 2696,3590 2739,3590 2782,3590 2826,3590"/>
                <TextEquiv>
                    <Unicode>zählen. Und immer wieder von der Heimat¬</Unicode>
                </TextEquiv>
            </TextLine>
            <TextLine id="tr_3_tl_67" custom="readingOrder {index:66;}">
                <Coords points="1945,3654 2803,3648 2818,3600 1945,3625"/>
                <Baseline points="1954,3650 1997,3650 2040,3650 2083,3648 2127,3647 2170,3646 2213,3644 2257,3644 2300,3643 2343,3641 2387,3641 2430,3640 2473,3638 2516,3638 2560,3638 2603,3638 2646,3635 2690,3635 2733,3635 2776,3632 2820,3632"/>
                <TextEquiv>
                    <Unicode>erde, von unsrer Blüte, von unsrer Frucht,</Unicode>
                </TextEquiv>
            </TextLine>
            <TextLine id="tr_3_tl_68" custom="readingOrder {index:67;}">
                <Coords points="1948,3702 2818,3690 2820,3648 2766,3637 1950,3661"/>
                <Baseline points="1957,3691 2000,3691 2043,3691 2086,3689 2130,3688 2173,3688 2216,3687 2260,3686 2303,3687 2346,3685 2390,3684 2433,3682 2476,3681 2519,3679 2563,3679 2606,3679 2649,3676 2693,3676 2736,3676 2779,3676 2823,3674"/>
                <TextEquiv>
                    <Unicode>von unsern Menschen, von den österreichischen</Unicode>
                </TextEquiv>
            </TextLine>
            <TextLine id="tr_3_tl_69" custom="readingOrder {index:68;}">
                <Coords points="1954,3754 2829,3732 2830,3688 2761,3682 1956,3700"/>
                <Baseline points="1963,3733 2006,3733 2049,3733 2093,3733 2136,3733 2180,3733 2223,3733 2267,3732 2310,3729 2354,3727 2397,3727 2440,3727 2484,3726 2527,3724 2571,3723 2614,3721 2658,3721 2701,3721 2745,3718 2788,3718 2832,3718"/>
                <TextEquiv>
                    <Unicode>Menschen, von diesem Lande, das er in seiner</Unicode>
                </TextEquiv>
            </TextLine>
            <TextLine id="tr_3_tl_70" custom="readingOrder {index:69;}">
                <Coords points="1948,3793 2773,3780 2823,3769 2824,3726 1948,3762"/>
                <Baseline points="1957,3781 2000,3778 2043,3775 2087,3778 2130,3775 2174,3775 2217,3775 2261,3775 2304,3775 2348,3771 2391,3769 2434,3769 2478,3767 2521,3766 2565,3764 2608,3763 2652,3763 2695,3760 2739,3763 2782,3763 2826,3760"/>
                <TextEquiv>
                    <Unicode>„Rede auf Oesterreich“, die ihn zur</Unicode>
                </TextEquiv>
            </TextLine>
            <TextLine id="tr_3_tl_71" custom="readingOrder {index:70;}">
                <Coords points="1954,3840 2818,3837 2820,3777 2787,3768 1956,3793"/>
                <Baseline points="1963,3826 2006,3821 2049,3820 2092,3818 2135,3819 2178,3820 2221,3818 2264,3817 2307,3817 2350,3816 2393,3814 2436,3813 2479,3811 2522,3811 2565,3811 2608,3811 2651,3811 2694,3808 2737,3808 2780,3808 2823,3802"/>
                <TextEquiv>
                    <Unicode>zweiten Burgtheaterdirektion führte, so einzig¬</Unicode>
                </TextEquiv>
            </TextLine>
            <TextLine id="tr_3_tl_72" custom="readingOrder {index:71;}">
                <Coords points="1954,3873 1990,3871 2016,3886 2059,3864 2107,3880 2146,3867 2228,3865 2246,3877 2305,3867 2305,3826 2293,3823 2263,3834 2249,3823 2204,3835 2113,3822 2091,3834 2008,3828 1954,3844"/>
                <Baseline points="1963,3862 1989,3865 2015,3865 2042,3865 2068,3863 2095,3862 2121,3862 2148,3862 2174,3862 2201,3862 2227,3861 2254,3860 2280,3859 2307,3859"/>
                <TextEquiv>
                    <Unicode>artig definiert hat.</Unicode>
                </TextEquiv>
            </TextLine>
            <TextLine id="tr_3_tl_73" custom="readingOrder {index:72;}">
                <Coords points="2038,3916 2761,3907 2830,3899 2832,3858 2679,3841 2639,3868 2508,3867 2436,3843 2354,3873 2038,3877"/>
                <Baseline points="2047,3903 2086,3905 2125,3903 2164,3903 2204,3903 2243,3900 2282,3900 2321,3898 2361,3897 2400,3897 2439,3897 2478,3897 2518,3894 2557,3894 2596,3892 2635,3891 2675,3891 2714,3891 2753,3891 2792,3890 2832,3885"/>
                <TextEquiv>
                    <Unicode>Nur dieses kleine Wort des Gedenkens als</Unicode>
                </TextEquiv>
            </TextLine>
            <TextLine id="tr_3_tl_74" custom="readingOrder {index:73;}">
                <Coords points="1953,3958 2823,3938 2809,3896 1954,3905"/>
                <Baseline points="1963,3951 2006,3948 2049,3948 2092,3948 2135,3946 2178,3945 2221,3945 2265,3944 2308,3942 2351,3942 2394,3941 2437,3939 2480,3939 2523,3939 2567,3938 2610,3935 2653,3933 2696,3933 2739,3933 2782,3933 2826,3933"/>
                <TextEquiv>
                    <Unicode>kleine Frühlingsblüte aus der großen Saat, die</Unicode>
                </TextEquiv>
            </TextLine>
            <TextLine id="tr_3_tl_75" custom="readingOrder {index:74;}">
                <Coords points="1954,4006 2823,3983 2824,3938 1956,3952"/>
                <Baseline points="1963,3993 2006,3993 2049,3991 2092,3990 2135,3988 2178,3987 2221,3987 2265,3986 2308,3984 2351,3984 2394,3984 2437,3983 2480,3981 2523,3981 2567,3980 2610,3977 2653,3975 2696,3975 2739,3975 2782,3972 2826,3972"/>
                <TextEquiv>
                    <Unicode>er zeitlebens verstreut hat, unvergänglich, weil</Unicode>
                </TextEquiv>
            </TextLine>
            <TextLine id="tr_3_tl_76" custom="readingOrder {index:75;}">
                <Coords points="1948,4036 2806,4031 2827,3985 1948,4009"/>
                <Baseline points="1957,4035 2000,4035 2044,4034 2087,4032 2131,4032 2175,4031 2218,4028 2262,4026 2305,4025 2349,4023 2393,4023 2436,4023 2480,4023 2523,4022 2567,4020 2611,4020 2654,4017 2698,4017 2741,4014 2785,4014 2829,4014"/>
                <TextEquiv>
                    <Unicode>auf dem Boden des Genius gezogen, diese Saat</Unicode>
                </TextEquiv>
            </TextLine>
            <TextLine id="tr_3_tl_77" custom="readingOrder {index:76;}">
                <Coords points="1950,4093 2213,4072 2321,4108 2559,4064 2696,4088 2754,4058 2824,4096 2827,4027 1951,4045"/>
                <Baseline points="1960,4076 2003,4076 2046,4074 2090,4073 2133,4072 2177,4070 2220,4070 2264,4070 2307,4070 2351,4069 2394,4068 2437,4069 2481,4066 2524,4064 2568,4062 2611,4062 2655,4059 2698,4059 2742,4056 2785,4056 2829,4056"/>
                <TextEquiv>
                    <Unicode>vom Mitleid, Verstehen, großer Güte und un¬</Unicode>
                </TextEquiv>
            </TextLine>
            <TextLine id="tr_3_tl_78" custom="readingOrder {index:77;}">
                <Coords points="1957,4127 2026,4123 2095,4135 2132,4118 2170,4132 2248,4129 2249,4087 2219,4076 2111,4087 2047,4078 1959,4096"/>
                <Baseline points="1966,4121 1991,4118 2017,4118 2043,4118 2069,4118 2095,4116 2120,4115 2146,4115 2172,4114 2198,4112 2224,4113 2250,4115"/>
                <TextEquiv>
                    <Unicode>endlicher Liebe.</Unicode>
                </TextEquiv>
            </TextLine>
            <TextEquiv>
                <Unicode></Unicode>
            </TextEquiv>
        </TextRegion>
    </Page>
</PcGts>
