3436 4224
214 265 1094 382 13 Miscellaneous
1267 296 1754 388 box 44/10
1422 1269 1860 1364 RASSEGNA MODERNA
902 1288 988 1357 152
898 1366 2395 1457 liberamente con lo sguardo el dominio del futuro sarebbe forse un bene....
906 1429 2391 1506 Forse, dice lo Schnitzler, come forse sarebbe un bene conoscere il Vero: pur
906 1476 2393 1554 chi sa quali orrende cose s’affaccerebbero alla nostra vista. L'illusione sol¬
910 1530 2401 1610 tanto è l’amica pietosa che ci conforta, che ci permette di attraversare le
915 1569 2141 1666 prove più dure. A questo pensiero s’ ispirano Anatole e Paracelso.
990 1614 2402 1687 Anatole, il protagonista di tutti i sei scintillanti bozzetti, sui quali passa
915 1666 2402 1737 l’alito del disinganno e del rimpianto, che li rende siffattamente tristi da
915 1707 2401 1791 giustificare le parole pronunciate dall’ amico Max: « Nelle ore più sane e più
911 1756 2401 1828 radiose della nostra vita, l'atmosfera che ci avvolge è come avvelenata da
911 1812 2402 1875 un lezzo di morte, » Anatole ignotizza Cora, la propria amante perche è geloso,
919 1851 2401 1940 perche vuol sapere da lei la verità ; però quando essa è in procinto di parlare,
921 1897 2408 1983 egli le impone di svegliarsi. La verità potrebbe forse ridare la calma allo
921 1946 2410 2033 spirito tormentato, ma se avesse ad accadere il contrario? No meglio, meglio
921 2007 1342 2072 mille volte il dubbio.
1001 2039 2412 2110 Nel Paracelso invece la verità sgorga dalle abbra della donna ipnotizzata
915 2087 2401 2162 dal celebre medico Teofrasto Bombasto Hohenheim, creduto mago dalla popo¬
926 2145 1297 2216 lazione di Basilea:
999 2164 2412 2263 Cipriano l’armaiuolo, è uomo allegro, sicuro di se, vanaglorioso e superbo;
921 2225 2412 2291 ha una moglie, Giustina, bella creatura un po sognatrice, un po romantica;
924 2270 2415 2343 ma egli non se avvede: a lui non potrebbe passare per la mente ch'ella non
926 2319 2412 2399 gli fosse devota anima e corpo, ch'ella, ad essempio, nutrisse una viva simpatia
930 2374 2417 2443 per Anselmo, un giovane gentiluomo forestiero a lui raccomandato; Teora, to
930 2412 2419 2483 Bombasto Hohenheim detto Paracelso, era stato in giovent il primo amore di
930 2458 2414 2524 Giustina; Cipriano, che pur non ignorava quella circostanza, sen ombra di
934 2503 2421 2596 gelosia, conduce il medico nella propria casa. Giustina nel rivederlo si turba;
930 2551 2419 2626 essa non ama più Paracelso, ma il suo sguardo le fa paura, poiche essa sente
932 2598 2423 2680 che le legge in cuore, ch'egli indovina perfino, che, malgrado le energico
930 2647 2421 2730 rifinto opposto ad Anselmo, quando questi poco prima implorava da lei un
936 2693 2421 2786 appuntamento di notte in giardino, ella a quell' appuntamento si sarebbe
939 2753 1601 2824 recata, spinta da una forza fatale.
1010 2781 2427 2863 Cipriano si diverte a canzonar Paracelso, lo chiama cerretano volgare, e
945 2829 2421 2909 lo assicura che nessuna malia, nessuna occulta potenza riuscirebbero ad offu¬
941 2872 2421 2956 scare la sua tranquilla serenita. A quella specie di sfida, Paracelso col suo
941 2930 2421 3006 fine intuito ha compreso molte cose, risponde coll’ addormentare di sonno ma¬
945 2973 2427 3064 gnetico Giustina e le ingiunge, a bassa voce, di raccontare al marito ciò ch'egli,
941 3044 1394 3116 Paracelso, le suggeriri.
1019 3081 2421 3140 E Giustina confessa il suo amore per Anselmo, e confessa l'immaginario
939 3135 2054 3185 suo fallo: e l’altrettanto imaginario convegno nella serra.
1034 3174 1696 3237 Giustina. — ..... Cipriano, perdona!
1025 3221 1989 3295 Cipriano. — Nulla ho da perdonar, tu sogni, cara.
1025 3271 1571 3349 Paracelso. — Eh ! chi lo sa?
1569 3278 1970 3377 Voi lo sapete, edio.
1027 3331 1249 3388 Cipriano. —
1029 3349 2113 3433 Paracelso. — Non è dessa una donna, Anselmo un uomo,
1292 3405 2084 3481 Non v’ ha una serra nel vostro giardino?
1031 3463 1467 3543 Cipriano. — Che dite !
