3392 4320
202 201 1067 330 13. Miscellaneous
1244 220 1730 323 box 44/10
1567 1216 1663 1292 85
1009 1357 2197 1428 Geburtstag: „Begegnen wir nicht gleich an der ersten
1005 1421 2197 1489 Gabelung seines Entwicklungsganges der unbewußten
1006 1474 2192 1529 Anwendung der Mach'schen ich Lehre, die in der
1014 1510 2195 1586 Zergliederung des Ich-Bewußtseins gipfelt? Traurig
1012 1571 2191 1624 genug, aus dem Mund eines Weibes eine solche
1008 1613 2189 1679 Frage zu hören. Aber recht hat sie schon. Schnitzler
999 1659 2191 1731 ist wirklich einer jener psychologischen Bittsteller,
1000 1714 2191 1782 denen die eigene Tür vor der eigenen Nase zugeschlagen
1009 1766 2182 1819 wird, jener gehemmten Eindringlichen, die vor der
1009 1801 2179 1870 Bewußtseinsschwelle umkehren müssen und darüber
1000 1859 2189 1922 unglücklich sind. Wirklich einer von jenen, die auf
997 1908 2182 1966 der Lauer liegen, wenn sie vorüberkommen. Aber hier
997 1960 2186 2011 ächt nur als schmerzliche Neugierde intellektueller
1008 2002 2185 2075 Nerven, was in den großen Versuchern als die tragische
1000 2055 2148 2112 Sehnsucht wehrhafter Gehirne brüllt. Es ist nur
1003 2103 2136 2154 wenngleich in der ehrlichsten und saubersten Art
996 2154 2179 2225 der Typus, der aus einem fehlenden Ich zwei macht.
994 2200 2179 2267 Das weiß sogar Herr Hermann Bahr, daß diese
990 2249 2179 2319 Form von Verinnerlichung nur innere Schwäche ist:
994 2308 2171 2368 Furcht von Menschen, die sich bewahren wollen,
996 2354 2177 2417 weil sie noch nicht wissen, daß dies der Sinn des
987 2391 2176 2467 Lebens ist: sich zu zerstören, damit Höheres
988 2451 2185 2500 lebendig werde. Immerhin, wenn Schnitzler sich
990 2494 2176 2564 bewahren will, wird doch etwas mehr aufgehoben,
988 2555 2173 2608 als lebendig wird, wenn Bahr sich vergeuden will,
990 2602 2173 2653 aber Höheres wird da und dort nicht erzielt, und
991 2646 2173 2711 es ist peinlich, den Attinghausen von Ober-St. Veit,
990 2686 2173 2757 der seinen Uli vom Griensteidl nicht mehr erkennt,
991 2748 2173 2803 mit dem Aufgebot der letzten Gradheit in einen
984 2790 2173 2858 Lehnstuhl von Olbrich zurücksinkend, verkünden zu
984 2840 2173 2906 hören: „Ich kann Dir heute nichts anderes sagen, nichts
991 2888 2167 2950 besseres wünschen, Du bist mir zu lieb. Du bist mir
982 2941 2167 3004 zu lieb, denn täusche Dich doch nicht: Du bist kein
987 2986 2168 3054 Hofrat unserer Pharaonen, laß Dich nicht dazu
979 3042 2168 3094 machen.... Bescheide Dich nicht, ergib Dich nicht an
984 3081 2167 3151 Wien, erhöre Dich selbst! Vorwärts, aufwärts, werde
985 3126 2161 3198 was Du bist (Stirbt.) Anders Dörmann. Wohl dire,
976 3182 2164 3255 ruft er, daß du gegangen den selbsterwählten Pfad,
