3392 4352
1391 335 2123 434 Schweizer Illustrierte Zeitung
3198 337 3293 427 477
1071 602 1761 690 zierte ferner „Die magische Laterne" und
1807 602 2497 678 gemeine Beachtung fanden. Auch der
1075 667 1756 734 „Adams Hochzeitsfeier". Seine Jobsiade
1811 671 2490 722 vie genannte Frank Thieß ist Arzt, ebenso
1075 720 1758 773 nahm Wilhelm Busch als Vorlage für
1811 713 2492 785 wie A. de Nora, der den „Madonnen¬
1075 764 1756 835 seine eigene Humoreske gleichen Namens.
1802 773 2494 835 zyklus „Das lockende Blut" und „Das
1075 819 1754 877 „Kinderlieder“ von unvergänglichem
1807 821 2497 877 Ende der Marquise“ geschrieben hat.
1071 870 1756 935 Scharm hat uns der Arzt Löwenstein
1811 872 2497 923 Der Elfässer Albert Schweitzer ist nicht
1075 918 1756 974 gegeben. Seinen Kollegen Max Ring
1811 921 2492 976 nur ein hervorragender Arzt und Musi¬
1071 967 1756 1022 kannte seinerzeit ganz Berlin. Er schrieb
1807 971 2497 1025 ker, sondern ein ebenso hervorragender
1068 1020 1749 1073 verschiedene Lustspiele, die zahllose Auf¬
1804 1020 2485 1075 Autor, dem im Jahre 1929 der Goethe¬
1082 1064 1749 1126 führungen erlebten, und entzückte die Be¬
1816 1068 2494 1128 Preis zuerkannt wurde. Gegenwärtig
1068 1119 1758 1177 wohner der Spreestadt durch seine lau¬
1811 1119 2485 1170 lenkt der Berliner Nervenarzt Alfred
1075 1168 1749 1241 nigen „Stadtgeschichten“. Im 17. Jahr¬
1804 1172 2494 1239 Döblin durch seinen Roman „Berlin¬
475 1371 965 1458 Dr. O. Hinrichsen, Herisau,
2737 1405 2991 1470 Dr. J. Jörger,
372 1438 1031 1500 als Dramatiker unter dem Namen Otto
2547 1435 3182 1511 Chefarzt an der kant. Irrenanstalt in
372 1486 1031 1534 Hinnerk bekannt, hat sich als Dichter im
2547 1498 3180 1564 Chur, ist durch seine feinsinnigen Geschich¬
372 1530 1029 1592 ganzen deutschen Sprachgebiet einen Namen
2637 1539 3092 1604 ten im Valserdialekt bekannt.
635 1564 766 1618 gemacht.
2547 1666 3173 1747 Alexanderplatz“ das allgemeine In¬
2547 1735 3173 1807 teresse auf sich. Den Stoff zu diesem
360 1770 1050 1841 hundert lebte in Hamburg der Arzt Paul
2552 1793 3175 1844 Buch hat er aus seinem täglichen Er¬
367 1834 1048 1894 Fleming, von dem sich einige geistliche
2547 1837 3173 1897 leben, aus seiner Umgebung geschöpft.
358 1892 1041 1941 Lieder bis auf unsere Tage lebendig er¬
2552 1892 3175 1957 In diesem prachtvollen Epos ertönt
367 1941 1045 1996 halten haben. Wie Fleming gehörte auch
2550 1941 3175 2005 das Getöse der Millionenstadt, und
367 1984 1050 2042 Angelus Silesius der sog. „Schlesischen
2552 1994 3175 2054 in der Melodie eines Stadtteils ver¬
367 2035 1050 2093 Dichterschule" an. Der Name ist ein
2552 2040 3177 2102 nimmt man zugleich die tosende Me¬
367 2086 1052 2146 Pseudonym; der Dichter hieß Sohann
2552 2093 3173 2148 lodie unseres Zeitalters. Der Arzt
367 2141 1050 2194 Scheffler. Er trat später zur katholischen
2552 2141 3168 2201 Reinhart Goering debutierte vor eini¬
358 2188 1050 2243 Kirche über und wurde zum kaiserlichen
2552 2194 3177 2248 gen Jahren mit dem vielgenannten
358 2236 1050 2291 Hofmedikus ernannt. Durch eine Samm¬
2552 2245 3173 2301 Drama „Seeschlacht". Julius Levin
362 2287 1052 2337 lung zweiteiliger Sprüche, die er unter
2554 2289 3175 2347 ist nicht nur Arzt und Geigenbauer,
362 2333 1041 2388 dem Titel „Der Cherubinische Wander¬
2547 2344 3175 2397 sondern auch der Autor der Romane
367 2384 1048 2439 mann" publizierte, stellte er sich an die
2547 2393 3180 2446 „Zwei und der liebe Gott“ und „Das
367 2437 1041 2494 Spitze der schlesischen Dichterschule. Ei¬
2547 2441 3175 2492 Lächeln des Herrn von Goludice¬
358 2483 1050 2543 nige seiner Gedichte wurden durch Peter
2554 2492 3175 2543 Golubicki". Der Berliner Zahnarzt
358 2534 1048 2601 Cornelius vertont. Unter den Mediziner¬
2547 2541 3177 2603 und Dichter Otto Knabe kam neulich
362 2589 1041 2635 dichtern unserer Tage ragte Karl L.
2547 2589 3175 2647 bei einem Flugzeugunglück ums Le¬
362 2635 1045 2686 Schleich hervor. Neben eigentlichen Dich¬
2547 2633 3175 2700 ben. Als Filmdichter und Filmschau¬
358 2679 1041 2737 tungen hat Schleich viele populärwissen¬
2557 2686 3168 2744 spieler erwarb sich Dr. Wolf, Zahn¬
355 2732 1045 2790 schaftliche Schriften ediert. Seine „Ewi¬
2552 2741 3173 2790 arzt in Berlin, einen geachteten Na¬
360 2781 1045 2843 gen Alltäglichkeiten bewegen sich in den
2547 2787 3173 2850 men. Wie wenige wissen, daß sich un¬
367 2831 1045 2884 Grenzgebieten menschlicher Erkenntnis,
2547 2831 3175 2891 ter dem Dichter-Pseudonym Alfred
362 2880 1048 2944 wo auch der exakte Forscher sich nur noch
2554 2884 3177 2947 Erich kein geringerer als der Frei¬
362 2935 1055 2993 von der Intuition leiten lassen kann. In
2557 2928 3177 2991 burger Geheime Medizinalrat Prof.
1112 2979 2485 3048 Der Zürcher Nervenarzt Dr. Charlot Straßer mit seiner Gattin. Charlot Straßer
362 2981 1052 3034 der „Weisheit der Freude hat er all
2561 2984 3173 3048 Hoche verbirgt! Arzt ist auch der be¬
1241 3025 2358 3094 ist der bedeutendste unter den heutigen Arzt Dichtern der Schweiz.
367 3032 1048 3085 denen ein Brevier gegeben, die an die
2559 3032 3182 3087 rühmte Dichter Hans Carossa, dem
369 3081 1048 3145 Heiligkeit des Lebens glauben und an
2554 3085 3168 3145 die deutsche Prosa einige unvergäng
369 3131 1048 3184 eine ewige geistige Jugend alles streben¬
2559 3136 3180 3196 liche Meisterwerke verdankt. In dem
367 3171 1740 3240 den Menschentums. Die Maxime gipfelt in dem Wort: „Der Sinn des Lebens
1802 3180 3175 3240 Buch „Eine Kindheit" hat er die dunkeln Aengste und Verzückungen einer Kinder¬
367 3230 1749 3288 wäre ein Unsinn, wenn es nicht auf Freude gestellt wäre. Gewaltige Verbreitung
1807 3230 3177 3290 seele, die noch in ungebrochener Liebe zur Natur und zu Gott lebt, dichterisch
369 3279 1742 3334 fanden des Dichter=Arztes „Lebenserinnerungen" (1859 bis 1919), die unter
1802 3286 3173 3337 gestaltet. Tiefergreifend hat Carossa zur Darstellung gebracht, wie ein werdenden
367 3325 1738 3383 dem Titel „Besonnte Vergangenheit" erschienen und mit hinreißender Frische ge¬
1804 3334 3175 3397 Mensch die Herrschaft über die Dinge der umgebenden Welt erringt. Auch
367 3376 1742 3438 schrieben sind. Ein Dichter von unendlichem Feinsinn war der Prager Arzt Hugo
1811 3383 3175 3440 seine „Verwandlungen einer Jugend“ werden die Wandlungen des literarischen
367 3429 1738 3482 Salus. Seine Novellen sind Meisterwerke der erzählenden Kunst. Der berühmte
1802 3436 3168 3491 Geschmacks und der Zeit überdauern. Der Arzt Volkmann-Leander ist der Ver¬
360 3477 1742 3535 Schriftsteller Artur Schnitzler ist Frauenarzt in Wien. Auch Schönherr, der Autor
1802 3482 3175 3547 fasser der „Träumereien an französischen Kaminen", der Märchen „Vom unsicht¬
362 3528 1728 3584 des vielgespielten Dramas „Der Weibsteufel“ und der Novellen „Die erste Beicht
1804 3533 2817 3593 baren Königreich" und „Kleiner Geschichten und Gedichte".
2882 3533 3173 3600 Frankreich besitzt
367 3577 1742 3637 usw. ist von Beruf Arzt. Mediziner ist ferner der beliebte Schriftsteller Ludwig
1804 3581 3175 3637 in Georges Duhamel einen berühmten Dichter=Arzt. Duhamel richtete in seinen
362 3630 1747 3687 Finckh, der den „Rosendoktor“, „Rapunzel" usw. geschrieben hat. Augenarzt ist
1802 3630 3166 3690 Gedichten „Compagnons Appelle sozialen Gehaltes an die einzelnen mitkämpfen
367 3676 1742 3734 der bekannte Autor Helmut Unger, dessen Romane „Passagiere", „Helfer der
1798 3678 3175 3745 den Menschen. Weltbekannt wurde er durch den Roman eines Militärarztes Vie
367 3729 1740 3780 Menschheit" ebenso wie die Komödien „Mammon", „Die Insel der Affen" und
1804 3734 3168 3791 Martyrs. Im & Mercure de France » publizierte er « La possession du monde. Be¬
1798 3777 2125 3860 zeichnend für seine
362 3780 1738 3858 die Bühnenspiele „Mutterlegende", „Liebesaffären“ und „Legende vom Tod“ all¬
2811 3782 3177 3867 (Fortsetzung auf Seite 485
