3344 4352
1280 235 1759 337 box 44/10
223 227 1038 345 13. Miscellanen
1579 980 2520 1045 Es erschien dem Stadtrat daher angezeigt, das
164 1001 1458 1053 em zweiten, ging der Persimmonsohn in Front und gewann sicher
1504 1027 2520 1096 Projekt der Herstellung einer Gleisschleife beim
168 1045 392 1095 ferde. Her¬
424 1048 1216 1108 mit 11 Längen, 1 Länge, vier Längen
1495 1072 2519 1122 Rennplatz wieder aufzugreifen und da die Weiter¬
158 1080 406 1132 tere Pferde,
510 1084 1158 1132 Tot. 35: 10 Steg; 19, 18: 10 Platz.
1511 1172 2519 1217 schaft rein untergeht, sind die Ecksteine. Und was
442 1174 1451 1219 Lächeln oder Erschütterung tiefes Fühlen zu er¬
158 1174 392 1226 den Sie ihr
1508 1205 2522 1261 zwischen den ersten und den letzten Werken an
158 1205 392 1271 der poetische
435 1206 1451 1258 wecken vermag. Nein, weder in Ihren Novellen
1501 1251 2512 1295 Größerem oder Kleinerem, Geglücktem oder Blasse¬
432 1250 1450 1296 noch in Ihren Dramen wird gewertet, geurteilt,
198 1251 393 1306 und nicht
1501 1288 2503 1325 rem da ist, sind nach dem Goethewort Lebens
442 1288 1458 1338 oder gar von den Menschen und ihren Erlebnissen
1513 1330 2511 1371 puren, für jenen also, dem nicht das Werk, son
432 1327 1450 1375 geschwätzt. Selbst wenn Sie nur Silhouetten schnei¬
164 1311 389 1380 Bücher, ge¬
1498 1369 2509 1414 dern das Wirken, nicht das Ziel, sondern die pracht¬
439 1366 1458 1411 den, Schatten wie den des Medardus Klähr oder der
158 1367 387 1421 te bedeuten,
1504 1404 2522 1450 volle Bewegung eines Sterbenden die Hauptsache
435 1401 1454 1453 wirren Figuren des grotesken Kakadu an die Wand
152 1404 395 1459 as Sie mir
1504 1446 2512 1496 ist, weitaus Teureres als zufällig geglückte oder
432 1443 1454 1498 zu werfen schienen — Sie haben alle die Leute und
148 1445 392 1506 Piebelei bis
1501 1484 2516 1529 auch klug ersonnene, wirksame Theaterstücke, No¬
443 1484 1450 1529 ihre Bewegungen zueinander, voneinander, durch¬
161 1487 387 1542 , durch den
1501 1527 2512 1569 mane, „Literatur. Höchste Kunst — manche nen¬
442 1521 1450 1571 einander nicht nur gekannt, Ihr Herz hat sie um¬
158 1525 387 1575 ächte Lieder
1504 1561 2512 1611 nen's dichterisches Genie — ist eben zum letzten ent¬
439 1563 1453 1611 faßt, Ihr Lebensgefühl sie umspült; und ohne je die
161 1566 393 1609 ten immer
1501 1603 2509 1646 wickeltes Talent. Darum ist es nicht Armut, son¬
439 1600 1454 1650 Geste des Belehrenden und Richtenden zu haben,
176 1606 395 1653 mit in die
1495 1638 2509 1688 dern Zeichen schöner und ernster poetischer Arbeit
442 1638 1456 1685 ließen Sie uns in den Wegen Ihrer Geschöpfe den
158 1643 395 1696 cklich, indes
1495 1680 2517 1730 daß jene Motive, die Schnitzler zum Formen der
442 1679 1458 1730 Weg Ihrer eigenen Seele sehen. Und wir spürten
173 1682 389 1733 Hand durch
1501 1719 2519 1764 ersten Sätze drängten, auch die vollen Töne seiner
434 1717 1461 1780 all Ihre Wünsche, Hoffnungen u. auch Forderungen
158 1721 392 1772 hen, bis sie
1504 1761 2249 1819 letzten uns bekannten Werke ergeben.
435 1761 1454 1803 an jene, die mit Ihnen kämpfen und denen Sie
158 1761 395 1821 anden: sinn¬
442 1791 1450 1846 Sieg und Erfüllung wünschen. Was soll man Har¬
1574 1788 2516 1841 Man mag sie alle, die frühen und die späten, die
164 1801 392 1856 ordene, aber
1504 1838 2519 1883 in Poesie und die in Prosa, Spiele des Lebens mit
442 1833 1450 1885 monie nennen, wenn nicht diese Einheit und Innig¬
168 1838 392 1890 Sala, der
1504 1879 2512 1919 ernstem Hintergrund nennen. Wenn er das ver¬
442 1880 1456 1922 keit? Ob Sie nun fürs Freiwild den armen Leut¬
152 1879 402 1929 Marionetten
1508 1912 2516 1961 liebte Mädchen und den leichtsinnigen jungen Herrn
442 1917 1456 1962 nant Gustel, gehetzte, unfreie Menschen uns die
168 1917 392 1967 ein krauses
1504 1954 2520 2003 in dem oder jenem Stück die Stunde fühlen läßt,
442 1956 1450 2001 Augen geöffnet haben, oder die verästelten, irren
166 1954 392 2012 haben, ihrer
1504 1995 2519 2038 wo das Unabänderliche eben unabänderlich wird,
442 1991 1458 2038 Stimmen der jüdischen Rasse im Kampfe mit der
168 1998 392 2048 rem Ueber¬
1501 2033 2519 2079 kein liebes, kein süßes, auch kein noch so kluges
442 2038 1461 2082 Atmosphäre unserer Heimat — natürlich nicht der
158 2035 389 2103 lo erlebten,
1501 2074 2509 2117 Wort und keine anmutige Gebärde den Schlag mehr
439 2075 1454 2124 geographischen — tönen ließen, — immer haben Sie
1504 2112 2516 2161 abwehren kann — das ist ein Thema Schnitzlers.
442 2116 1456 2161 mehr getan als begriffen, gezeigt; in ihren Herzen
161 2098 393 2174 sonisch war¬
1501 2149 2512 2199 Und ein anderes, fast das andere: wenn jene Men¬
435 2154 1454 2198 und Herzlein, Seelen und Seelchen haben Sie die
164 2164 392 2212 Nichts, was
1504 2193 2511 2238 schen die Einsamkeit zu spüren bekommen, die zu
439 2191 1453 2245 großen oder kleinen Naturen zu erfassen vermocht.
164 2201 397 2258 re Gestalten
1501 2228 2509 2272 viel küßten und Menschen deshalb nicht festhalten
439 2235 1453 2282 Das war dann Ihre Gewalt aus einem warmen,
152 2237 392 2293 seeligkeit, de¬
1501 2270 2509 2314 können, die allen Reichtum mit allen Sinnen sassen
439 2270 1454 2314 oft heißen, nie eitten Verstehen aller Menschlichkeit
190 2278 398 2340 was diese
1504 2306 2516 2353 wollen und darum in weicher, nicht weichlicher, Re¬
439 2312 1454 2362 sind Ihre reinen, von Schlacken freien Dichtungen
155 2312 392 2382 chen Ihrer
1511 2349 2519 2393 signation die harte Grenze erkennen müssen, wo die
442 2349 655 2420 entstanden.
1511 2383 2519 2432 Verlassenheit anfängt. Verwoben, verdichtet in
155 2372 392 2453 ration, der
1508 2425 2514 2472 solche Tragik ist dann das Gefühl, das ein Reigen
163 2438 397 2490 dinnig und
1501 2467 2509 2514 der Verliebtheit, der frohen sinnlichen Wünsche uns
510 2459 1454 2525 Es ist gewiß nicht wahr, was die Leute so gerne
160 2475 398 2528 re Künstler,
1504 2503 2516 2553 alle umschlingt, aber auch jene Traurigkeit keinem
442 2517 1456 2562 über Artur Schnitzler sagen und schreiben, daß er
181 2512 398 2569 Beziehung
1508 2546 2509 2588 erspart bleibt, daß der Sieger, die Siegerin von
439 2549 1453 2601 nämlich ein Schüler oder Kollege jener französischen
185 2554 395 2612 Sie Ihren
1504 2583 2506 2627 heute, morgen verwundete Geschöpfe sind, wir ein
443 2593 1454 2636 Literaten ist, deren Horizont nur die Reflexe der
147 2591 395 2646 lerschaft be¬
1504 2624 2512 2672 jeder unser Teil am Leide bezahlen müssen. Das ist
442 2625 1458 2675 Erotik auf die elegante Gesellschaft einschließt. Oder
195 2633 398 2683 Denn Sie
1496 2657 2506 2706 nicht Pessimismus, nicht Weltschmerz, sondern der
435 2670 1450 2715 daß der Kreis seiner Stoffe und seiner Dichter¬
148 2651 392 2738 hiffen seinen
1501 2696 2507 2748 Ausdruck des Gefühls, daß selbst die Frohesten und
439 2707 1445 2762 sphäre von jeher und auf immerdar eng sei einge¬
194 2711 393 2767 kein Werk
1495 2733 2506 2793 Reichsten Stunden haben, da sie die Zeit der Jün¬
442 2744 1450 2796 grenzt zwischen der Süßenmädelromantik und der
158 2749 398 2807 t Ihr Mög¬
1504 2778 2506 2825 geren gekommen spüren, ihrer Seligkeit zu dienen
439 2788 1454 2836 Lawntennisphilosophie Wiener Menschen. Nur das
179 2791 387 2843 und in je¬
1501 2817 2509 2861 haben oder der Tod seine Diener schickt, die mit
442 2825 1451 2875 eine ist gewiß, daß Schnitzler nicht zu den Naturen
155 2827 395 2882 ses so sagen
1501 2857 2507 2907 harten Knöcheln an die Türe anklopfen, hinter der
439 2864 1450 2920 gehört, die sich Gestaltung von Personen und Ge¬
158 2869 392 2922 breedel sich
1504 2894 2303 2949 Abenteuer geschehen oder ersehnt werden.
443 2904 1451 2949 schehnissen abzwingen, die ihnen innerlich fremd
152 2906 392 2959 lich verschen¬
1574 2936 2499 2990 Abschied nehmen müssen, wenn noch der Glanz
445 2949 1450 2999 sind, nicht zu jenen mühsamen Poeten, die fast ge¬
147 2940 392 3001 Jhre Natur
1504 2980 2499 3027 von vielen Erlebnissen und der Wunsch nach neuer
450 2986 1451 3041 walttätig nach Problemen suchen, von denen sie
182 2986 398 3043 haben Sie
1501 3020 2503 3064 Buntheit schimmert; das Pochen des unbekannten
443 3023 1451 3072 selbst nicht berührt wurden. Entwicklung? Gewiß,
171 3019 395 3080 lassen und
1504 3059 2506 3111 Herrn (in der Liebelei), der unvermitteres Unglück
442 3061 1450 3107 die ist diesem Dichter geschehen oder vielmehr er
181 3064 392 3117 Ihnen ein
1504 3098 2498 3144 bringt, die Kälte, die in die Mainacht fällt, plötzlich¬
439 3098 1454 3151 hat mit dem ganzen Einsatz seiner Künstlerschaft sie
171 3098 395 3159 begegneten,
1504 3138 2506 3188 herbe Begegnungen oder die Empfindung, wie weit
158 3138 395 3191 Sie nie vor
435 3136 1454 3190 an sich vollbracht. Das Märchen, sein erstes Stück,
1501 3175 2509 3227 voneinander sich Menschen entfernen können, die
439 3175 1453 3227 Sterben, seine erste, wundervoll rührende Novelle,
171 3180 395 3235 ja nicht nur
1504 3215 2519 3273 einmal nahe waren, der Blick aufs weite Land, das
164 3215 392 3275 sonen, son¬
439 3219 1454 3264 und Der junge Medardus, sein letztes, das Stück
1501 3254 2509 3317 sich jäh zwischen zwei Männern streckt die Unüber¬
439 3262 1454 3327 des Wiener Knaben, der am Willen zur Helden¬
164 3257 397 3333 jederum als
1953 3367 2380 3528 bene¬
2556 959 3306 1042 britannischen Inselreich seit dem 1. Januar 19
2557 1021 3301 1071 Höchststrafe für Grausamkeit gegen Tiere sind
2557 1053 3319 1127 nate Gefängnis mit harter Arbeit angenom¬
2556 1085 3249 1143 eine Geldstrafe bis zu 500 " treten kann.
2564 1174 3291 1230 brückbarkeit persönlicher Gegensätze
2565 1219 3315 1266 gefühle, dann wieder der Anblick zw
2565 1258 3333 1319 wo von der einen zur andern Schme
2569 1293 3322 1340 lorenes einen Steig baut, indes in de
2567 1334 3309 1385 um sie tausenderlei einfache oder wir
2564 1375 3298 1427 gen ein immer wechselndes Bild von
2557 1416 3236 1456 oder auch Unberührtheit schaffen
2569 1451 3312 1498 mente, die Artur Schnitzler zarter al
2561 1495 3312 1540 als irgend ein Deutscher, der jetzt lebt,
2557 1529 3314 1579 und die das Gedächtnis herbeiwinkt,
2564 1571 3315 1629 vergegenwärtigt, welche neuen Aufse
2562 1604 3119 1671 Dichter uns vermittelt hat.
2636 1654 3322 1721 Der Stoff ist Erotik, nicht Sexuali
2562 1693 3322 1759 die Werke aber geben mehr: die Bez¬
2564 1743 3314 1791 erotischen Charaktere und Schicksale un
2564 1785 3319 1840 einander und die Beziehung der Eroti¬
2565 1821 3272 1866 der Menschen, zur Zeit überhaupt.
2564 1840 3322 1912 nun Silhouetten von Menschen wiede
2564 1900 3323 1953 sehen, die Schnitzler in seinen Stücken
2565 1945 3330 1995 oder Klänge wiederkommen aus seinen
2565 1979 3315 2029 schichten — es sind unsere Schicksal
2557 2014 3319 2070 da ein Lied, eine Ballade, eine Drama¬
2569 2058 3325 2104 Die Betrügenden und die Betrogenen
2570 2096 3320 2159 süchtigen und die Einsamen, die Mar
2557 2135 3315 2180 die mit dem Leben Spielenden — wir
2572 2177 3312 2227 sere Sorgen und unser Lachen, unser
2570 2214 3322 2261 ser Müdewerden, unsere Entscheidungen
2565 2256 3314 2301 steine, die uns auf den Kopf fallen,
2557 2298 3315 2345 allerlei Licht und Lichtern, in aller Fei
2557 2333 3309 2380 heit, die Menschen unserer Zeit haben,
2564 2372 3315 2420 stellt von einem, der alles von uns zu
2569 2411 3312 2456 sozusagen auswendig zu kennen schein
2565 2451 3309 2498 Stück, der eine Roman ist besser, der
2565 2483 3309 2538 ferner. Eines aber ist immer da: wa
2564 2528 3304 2588 spüren, uns bewegt; unser Begehren
2565 2567 3281 2612 Leid ist da nicht nur ausgesprochen,
2565 2606 3309 2646 funden, geformt, und so rüttelt es ans
2553 2643 3309 2691 daß uns Grausamkeit peinigt, wird u
2553 2678 3317 2730 aufgedeckt, und wir sind auf die schön
2557 2722 3314 2770 schüttert, weil in dem Dichter Wärme für
2557 2757 3314 2804 Mädel und ihren alten Vater, den Ver¬
2553 2801 3312 2844 den Toren lebendig ist, und all die
2556 2841 3309 2890 Dramen, Romane, Skizzen denn auch
2553 2870 3309 2923 weil Schnitzler nicht mit dem Gehirne,
2546 2917 3322 2959 dem Gefühl dichtet — es ist traurig gen
2549 2954 3306 2999 dies, weil es ja nicht eben häufig in
2553 2991 3309 3041 Rampe und Druckerpressen ist, so einde
2554 3040 2654 3111 muß.
