3392 4352
208 209 1077 319 13. Miscellaneous
1261 202 1738 305 box 44/10
775 1006 1133 1103 Telefon 12801.
486 1107 1442 1171 Unternehmen für Zeitungs-Ausschnitte.
1364 1167 1508 1235 Ausschnitt
655 1185 1247 1316 OBSERVER
1392 1238 1488 1314 Nr.
247 1284 1671 1384 I. österr. behördl. conc. Bureau für Zeitungsberichte u. Personalnachrichten
426 1375 1493 1481 Wien, IX/1, Türkenstrasse 17.
658 1465 1291 1550 Filiale in Budapest: „Figel“
346 1534 1572 1614 Vertretungen in Berlin, Chicago, London, Newyork, Paris, Stockholm.
250 1644 747 1747 Ausschnitt aus:
905 1630 1557 1790 Kikeriki, Wien.
252 1760 582 1894 VO.
1137 1768 1667 1912 ATZ
569 2118 1579 2253 Die Unterscheidung der Burgtheater-Regisseure.
644 2214 1589 2295 Wenn ein echter Dichter gerufen wird, so hat der
571 2238 1580 2338 Regisseur im Namen des Verfassers oder Autors zu danken,
571 2290 1579 2370 wird aber ein Stück von Schnitzler, Hirschfeld e tutti
568 2334 1575 2426 quanti erstmalig gegeben, so hat der diensthabende Spiel¬
562 2361 1295 2469 leiter im Namen des Dichters zu danken.
686 3047 1219 3147 Bezugs-Bedingungen.
239 3116 1375 3203 Für 50 Zeitungsauschnitte (Artikel oder Notizen) .. fl. 7.50
1421 3124 1580 3207 inclusive
318 3163 396 3212 100
1266 3175 1350 3221 14.—
1437 3196 1559 3246 Porto.
261 3203 396 3253 „ 200
1172 3214 1359 3273 „ 25.—
1428 3234 1572 3287 Zahlbar
1137 3253 1357 3303 . . „ 55.—
263 3278 392 3361 1000
1137 3269 1596 3347 „ 100.— im Voraus.
355 3326 1641 3400 Im Gegensatze zu anderen Bureaux für Zeitungsausschnitte ist das
238 3372 1639 3445 Abonnement durch keine bestimmte Zeitdauer begrenzt; — auch steht es den
234 3420 1497 3512 Abonnenten frei die aufgegebenen Themen zu ergänzen oder zu ändern.
2293 1142 2673 1254 Telefon 1280).
1834 1250 3120 1348 Alex. Weigls Unternehmen für Zeitungs Ausschnitte
2843 1323 2989 1399 Ausschnitt
2175 1350 2767 1483 „OBSERVER
2873 1355 3127 1485 Nr. 88
1768 1469 3186 1541 I. österr. behördl. conc. Bureau für Zeitungsberichte u. Personalnachrichten
2779 1547 3019 1644 sse 17.
1955 1538 2730 1642 Wien, IX. Türkenst
2168 1614 2804 1708 Filiale in Budapest: „Figele¬
1783 1673 3191 1770 Vertretungen in Berlin, Chicago, Genf, London, Newyork, Paris, Rom, Stock.
2368 1765 2882 1891 Das Literarische
1772 1802 2254 1903 Ausschnitt aus:
1781 1878 2169 2049 von
2114 2143 2810 2327 alienischer Be¬
2066 2508 2998 2565 In einem „Doris" unterzeichneten Artikel über
2017 2565 2992 2613 „Deutsche Litteratur bespricht die „Vita Inter¬
2017 2591 2994 2650 nazionale“ (5. Jan.) Hermann Bahrs Roman „Neben
2022 2639 2989 2687 der Liebe, als dessen einzige schwache Seite die Beein¬
2017 2677 3001 2726 trächtigung des Interesses an den Schicksalen der schönen
2022 2723 2998 2765 Margit durch die zahllosen Milieuschilderungen, packenden
1809 2762 2994 2842 por. Figurenskizzen, geistsprühenden Apercus bezeichnet wird.
2027 2778 3145 2850 — Derselbe Kritiker rühmt Arthur Schnitzlers Spontaneität, nclusive
1894 2827 1972 2872 100
2026 2836 3120 2888 Originalität und Gewissenhaftigkeit in der Beobachtung; Porto,
1887 2863 1969 2912 200
2027 2875 3143 2939 die Vorliebe für die Probleme der Vergänglichkeit, der Zahlbar
3026 2918 3166 2996 Voraus.
1834 2939 1972 3019 „ 1000
2022 2941 3001 3026 Enttäuschungen, des Todes führt er auf dessen ärztlichen
3044 2976 3189 3054 ist das
1907 3001 2253 3054 Im Beruf zurück.
1786 3015 3195 3090 Abonnement durch keine bestimmte Zeitdauer begrenzt; — auch steht es den
1790 3077 3047 3148 Abonnenten frei die aufgegebenen Themen zu ergänzen oder zu ändern.
1903 3143 3191 3218 Der „OBSERVER veranstaltet täglich einen Auszug enthaltend die
1795 3205 3191 3250 Inhaltsangabe aller wichtigen Mittheilungen der Wiener Morgen-
1790 3244 3166 3290 blätter (Tagesjournale ausser „Neue Freie Presse“ und „Wiener Zeitung
1790 3285 3182 3329 wodurch eine Uebersicht über das gesammte politische und wirthschaftliche Leben
1790 3320 3191 3374 des In- und Auslandes in drastischer Kürze geboten wird. Diese Mittheilungen
1795 3359 2565 3430 werden in Wien um 9 Uhr Früh verschickt.
2100 3432 2891 3514 Prospecte gratis und franco.
