3392 4320
305 159 1174 287 13. Miscellaneous
385 1264 1447 1377 tillerie vor allem dem Angriff dient, weil die Angriffs¬
385 1366 1442 1423 artillerie aus verdeckter Stellung gegen feststehende
431 1448 1445 1525 Ein seelisch recht seiner Zug. Ein wahrer Zug.
390 1494 872 1550 Ein Zug des Verfassers.
423 1539 1447 1606 Aber der Zug ist, rein technisch, nicht heraus¬
384 1596 1444 1666 gebracht; nicht fertig gebastelt; er ist Rede geblieben.
431 1640 1440 1713 Das, das, das hätte der Angelpunkt in dem Lust¬
384 1690 796 1754 spiel werden müssen.
426 1739 1444 1822 Die Hauptsache. Weil etwas Seelisches mit allen
380 1780 1069 1849 Dämmerwinkeln zu gestalten war.
421 1836 1460 1916 Jedoch zur Hauptsache werden Fünfzigpfennig¬
377 1882 976 1961 Antworten für Parkettbürger.
422 1996 1438 2059 Bahr hat in dem Stück vom Athleten oder vom
382 2035 1438 2119 Meister über den Ehebruch sozusagen geäußert: „Das
381 2088 715 2154 ist nicht schlimm.
421 2127 1438 2207 Diesmal äußert er (im Grunde, doch möglichst
373 2190 1424 2264 geheimgehalten): „Nichtehebruch — das ist schlimm.
380 2239 1439 2317 Mit anderen Worten: halbe Fälle sind am schwersten
384 2284 567 2351 zu heilen.
414 2336 1436 2412 Hier sitzt wirklich der Mann, welcher das Stück.
373 2394 1353 2457 nicht geschrieben (und leider doch geschrieben hat.
421 2427 1430 2510 Die Durchführung dessen, was er zu sagen immerhin
374 2478 1436 2550 die halbe Traute besitzt, hätte geistreich werden können;
380 2535 1434 2596 aber der angeborenen Farbe der Entschließung werden
378 2583 1430 2652 zehn vom Hundert aller Bruttoeinnahmen ange¬
374 2619 542 2678 kränkelt.
415 2678 1428 2753 Bahr! Hermann! entweder man schreibt ein Refor¬
370 2715 1250 2805 matorenstück: oder ein Schwiegermutterstück.
1358 184 1846 275 box 44/10
1512 1293 2572 1391 stellungen und größere Truppenansammlungen aus der
1512 1381 2570 1447 Luft mit Sprengstoffen werden beworfen werden
1550 1467 2567 1533 Das Reformatorenstück aber für uns, und ein
1514 1506 2566 1583 Schwiegermutterstück für das Parkett: es geht nicht.
1550 1559 2567 1628 Entweder die neue Moral; oder die Lauschigkeit.
1510 1609 2558 1686 Manchen. Von Manchen gibt er mehr. Es ist eine
1505 1652 2514 1730 Nichtachtung, eine Nichtachtung, eine Nichtachtung.
1553 1762 2558 1857 Das Lustspiel hätte mit dieser Nichtachtung ein großer
1510 1818 2349 1895 Erfolg sein können; warum war es keiner
1555 1874 2559 1943 Weil (innerhalb der Lauschigkeit) nicht alles fertig
1501 1928 2566 2005 geworden ist; nicht alles zu Ende gebastelt; weil die
1502 1972 2369 2030 Rosinen noch nicht alle hineingepolkt waren.
1550 2015 2559 2092 Besonders nicht am Schluß, wenn Johannes
1506 2068 2558 2135 Parrcida auftritt, nämlich der zweimal unterstrichene
1502 2120 2555 2199 Gegenspieler=Merkstewas, ein Alpler, ohne tiefere Be¬
1501 2162 1644 2219 denken.
1550 2207 2555 2285 Also, es kommt nicht. Schlagt mich tot: es kommt
1498 2251 2546 2334 nicht. Die besseren Schlager sind unherausgeholt —
1498 2312 1988 2375 auch nicht für Manchen.
1542 2349 2558 2418 Und wenn das deutsche Volk seine Millionäre
1501 2394 2560 2478 sieht, will es wirklich wissen, wie es da zugeht — nicht,
1496 2464 2555 2538 wie das ein Außenseiter in Wien halb unkundig malt.
1537 2500 2555 2583 Von der Darstellung nur eins: sie wirkte gut... und
1506 2543 1665 2609 halbecht.
1537 2596 2550 2666 Fehlend war: ein Regisseur als Dichterpädagog.
1496 2632 2374 2711 Anwesend war: Brahms verstorbene Größe.
1538 2701 2546 2772 Selbst bei der Lehmann schlug das durch: wer sie
1489 2738 1840 2809 nicht gelenkt hat.
2633 1308 3368 1411 trachtet die Räumung von Epirus, die er
2625 1406 3362 1463 verlangt, als ein Zugeständnis, für
2675 1484 3355 1554 ... Ein Jammer, daß Hermann
2634 1529 3382 1600 Familien arbeiten will. (Und es nich
2679 1584 3383 1640 Er lasse sich verstoßen. Er zeichnen
2624 1625 3382 1689 die Gattin des Verführers. In ihren
2625 1680 3386 1736 ihrem Waschmirdenpelzundmachmichni¬
2625 1729 3363 1797 Waswillichimgrunde... da steckt eine
2673 1771 3371 1841 Bahr lasse sich verstoßen; sonst werde
2624 1824 3087 1904 zuletzt seine Stücke sein.
2846 2031 3359 2145 Ein Gulbransson-
2621 2105 3351 2197 Seit Olaf Gulbransson — es sind jetzt
2612 2174 3360 2252 als ständiger Zeichner des „Simplicissimu
2620 2234 3351 2300 schien das Wesen dieses Blattes um einen
2621 2280 3349 2354 und um Humor mehr als um Satire, so
2620 2328 3349 2399 satirische Zeichnungen Gulbranssons der
2616 2379 3357 2437 auch brachte. Soweit ich mich an Blätte
2612 2428 3353 2480 innere — politische und literarische Karika
2617 2474 3360 2531 aller möglichen Menschenklassen und Situ¬
2623 2518 3364 2579 schien mir deutlich die Bildnerfreude de¬
2617 2568 3357 2637 die Liebe, viel lebendigeren Anteil an seine
2616 2613 3358 2690 als Tadel und Hohn. Er nahm nicht ein ge¬
2612 2665 3353 2734 Können zu Hilfe, um Antipathien ausz
2620 2716 3351 2783 standesmäßige Ablehnungen und Verspottu
2617 2769 3343 2849 samste Weise hinzuschreiben; sein Stift we
