3436 4256
270 140 1146 253 13. Miscellanos
1314 140 1808 265 b 44/10
579 1151 1064 1239 völkerung verloren hat.
1532 1157 3067 1279 mag, wird die politische Charakterlosigkeit der v. Bienerth, erfolgen.
1556 1291 2500 1364 Großes kommt, ist das Gesetz und die Ehre
2530 1311 3332 1381 Poiret=Gewändern, bei Stucken der in
1556 1343 2498 1413 gerettet. Der Mann mit den aufmerksamen
797 1308 1323 1436 Feuilleton.
2527 1355 3335 1439 kreisen beliebte Marienkultus mit dem ro
1550 1393 2492 1462 und vertrauenden Augen ist schon beschwich¬
2530 1410 3329 1477 schen Apparat der mittelalterlichen
730 1410 1364 1524 Der griechische Traum.
1550 1442 2498 1509 tigt, wenn ich das stattliche Wort „Welt¬
2518 1457 3332 1529 Brahm hat sich wie gewöhnlich am vorsic
1553 1483 2492 1556 literatur ausspreche und ihm noch irgend¬
567 1486 1521 1614 Betrachtung am Schluß der Theater¬
2530 1509 3329 1596 gehalten und sein altes Glück wiederge
1553 1538 2489 1622 einen kleinen Segen mitgebe, den er seiner
968 1553 1140 1625 saison.
2515 1556 3300 1628 Karl Schönherr, gegen den sich das
1550 1585 2495 1649 Frau aus dem vertraulichen Gespräch mit
2524 1608 3335 1675 deutsche Publikum bisher sehr spröde
782 1593 1320 1701 Von Artur Eloesser (Berlin).
1541 1643 2486 1713 einem Maßgebenden nach Hause bringen darf
2518 1657 3332 1727 hat endlich eingeschlagen mit Donner un
619 1651 1521 1756 Ein trefflicher Bekannter von mir, der in
1582 1695 2489 1771 Hinterher beglückwünsche ich mich zu meinen
2521 1704 3323 1771 dank der kulturkämpferischen Gewitterstin
567 1710 1506 1806 jede Premiere mit zwei bezahlten Billetts zu
1547 1721 2486 1811 Zurückhaltung. Sollte ich ihm sagen, daß ich
2515 1759 3338 1826 die die antimodernistische Politik der Ku
570 1785 1515 1846 gehen pflegt, weil man das so tut und weil
1541 1791 2492 1861 weil Kritiker, ein Don Quichotte bin, daß ich,
2518 1806 3323 1884 seinen Gunsten verbreitet hatte. Die
573 1832 1509 1899 seine Frau es ihm sehr übel nehmen würde
1547 1843 2483 1904 nur weil es Sommer war und Winter wurde,
2527 1858 3332 1925 schen Bestrebungen im strengeren Sinn
567 1872 1500 1942 wenn sie nicht dabei wäre, ein strebend Be¬
1547 1878 2492 1951 mir immer wieder einen neuen Glauben mache
2521 1910 3323 1977 nur von den kleinen und den Nebenbühr
561 1925 1515 2006 mühter, der nach jeder Premiere die sechs
1535 1933 2486 2003 an den, der kommen muß, dessen Name wird
2518 1954 3332 2018 fördert worden. Ist Hans Kyser der
564 1974 1515 2041 maßgebendsten Kritiken vergleicht, um seinen
1544 1986 2480 2050 sein Kraft, Macht und Herrlichkeit? Mein liebe¬
2515 2003 3344 2070 Hebbel, für den ihn einige seiner Glä¬
561 2024 1503 2090 Geschmack zu bilden — also ein Mann nach
1538 2029 2483 2096 Bekannter gibt sich schon zufrieden, wenn nur
2512 2050 3323 2125 halten, nach seiner „Medusa", dieser schwi
561 2070 1512 2137 dem Herzen der Theaterdirektoren und Kriti¬
1541 2079 2483 2149 etwas „los" war. Vielleicht erhält er recht, viel¬
2512 2102 3309 2166 Tragödie von Kunst und Brunst? Wird
558 2122 1503 2207 ker, pflegt immer am Ende der Saison mit
1541 2128 2483 2201 leicht kommt es gar nicht mehr darauf an, daß
2521 2149 3323 2210 Heimann, der das Deutschtum noch meh¬
561 2166 1506 2245 der zurückhaltenden Frage an mich heran¬
1541 2178 2474 2250 das Theater eine literarische Mission erfüllt
2512 2195 3317 2265 als besitzt, uns nach dem „Joachim von
555 2227 1500 2294 zutreten: Nicht wahr, dieses Jahr ist wenig
1538 2233 3323 2314 Zirkus und Variété sind ihm über, weil sie ganz zugleich reinliche und unterhaltliche Cha¬
564 2271 1506 2338 los gewesen? Der sympathische Herr meint
1541 2285 2483 2349 aus sich herausarbeiten, um die als legitim und
2506 2303 3320 2364 komödien geben? Hat Hermann Essig,
558 2326 1494 2387 erstens, daß ich es wissen muß, und zweitens
1538 2332 2483 2402 souverän anerkannten Instinkte des Publikums
2512 2349 3323 2422 Gesellschaft Pan vorstellte, die tiefere Ne
555 2370 1503 2431 daß ich es ihm wohl im Vertrauen sagen
1535 2390 2477 2445 zu befriedigen. Lassen sich die Theater auf den
2506 2407 3306 2463 weil er eine grasfressende Kuh auf die
558 2413 1497 2489 könnte. Er gehört nicht zu den Nörglern, geht
1535 2439 2468 2498 niederen Standpunkt des Bedürfnisses ein,
2506 2451 3309 2512 bringt? Ist das Publikum, das „Frühli¬
564 2463 1506 2553 immer auf der richtigen Mitte zwischen Zu¬
1529 2483 2474 2559 werden sie verachtet; erhalten sie sich literarische
2498 2506 3317 2579 wachen" bejubelt und zur klassischen Vor¬
552 2521 1503 2588 friedenheit und Unzufriedenheit, bedauert
1532 2530 2466 2596 Ambitionen, so begeben sie sich in den gefähr
2512 2547 3236 2614 sexuellen Aufklärung erhoben hat,
547 2567 1503 2634 weder das vertane Geld noch die verlorene
1529 2573 2474 2655 lichen Verkehr mit den Dichtern, die der Masse
2506 2559 3323 2669 späteren Mißgeschicke Wedekinds verant¬
555 2611 1497 2678 Zeit, und so gebe ich ihm auch die mittlere
1526 2634 2471 2701 einen persönlichen Willen entgegensetzen, die sich
2503 2657 3317 2730 zu machen? Muß die Kritik verschweige
552 2663 1497 2739 Antwort, die ihn ungefähr befriedigt: Ja, Sie
1538 2678 2468 2742 für wichtig genug halten, um über die Visionen
2509 2698 3277 2762 dieser ehrliche und geniale Charlatan
552 2710 1492 2788 haben recht, viel war nicht los, aber immerhin
1535 2730 2468 2803 ihrer Einsamkeit und Eigenheit dem Volke zu
2498 2748 3297 2817 dramatischen Dialog schreiben kann
544 2753 1494 2838 doch einiges; na, nächstes Jahr wird es schon
1529 2777 1721 2852 predigen.
2498 2791 3291 2864 daß seine Figuren umfallen, wenn der
552 2809 1489 2884 besser werden. Wenn er noch gründlicher unter
1561 2785 2466 2899 Reinhardt hat sich wie gewöhnlich am meisten
2495 2849 3312 2916 tätige Marionettenspieler sie nicht mit se
558 2864 1500 2934 richtet sein will, mache ich ihm nach der
1526 2870 2463 2939 geregt, er stellte neue oder fremde Schriftsteller
2503 2890 3315 2957 baren Drähten emporreißt? Hat überhau
547 2908 1492 2974 Statistik der Weltliteratur klar, mit welchen
1526 2931 2463 2998 vor, Franzosen, Belgier, Ungarn, russische
2500 2942 3312 3003 Gerhart Hauptmann, als er noch Schlesi¬
547 2960 1489 3024 Ansprüchen oder Erwartungen er überhaupt
1526 2974 2463 3044 Juden und Christen, auch Deutsche, aber an
2498 2992 3271 3065 und seit Schnitzlers Wiederentdeckung
552 3001 1489 3076 in eine Saison hineingehen darf. Die Deut¬
1532 3027 2463 3088 jedem Gericht war ein Gewürz, auf das man
2503 3041 3256 3117 ein der Figuren
555 3053 1489 3126 schen, seit Lessing gerechnet, haben ungefähr
1526 3073 2460 3137 sich verließ, bei Pinski jüdisches Milieu und
2503 3096 3285 3152 gebracht, die die eigene Bewegung im
541 3117 1486 3172 oder höchstens dreißig Werke von Ansehen
1526 3120 2460 3192 Jargon, bei Vollmöller eine tadellos montierte
2495 3137 3300 3213 haben, die uns in einem stillen Augenh.
541 3152 1483 3219 hervorgebracht, die sich auf der Bühne be¬
1529 3172 2466 3242 Flugmaschine, bei Sternheim eine verlorene
2495 3187 3312 3288 aufgefordert besuchen und mit vert
535 3213 2873 3341 haupten. Wenn also alle fünf Jahre etwas Damenhose, bei Cavus eine Ausstellung von Stimme anreden?
3131 3317 3265 3416 10
