3392 4352
1207 227 1688 322 box 44/10
155 223 1030 337 13. Miscellaneous
273 587 2173 700 setzungsfehler, etwa ein halbes Dutzend, zum Ge¬ mir seit der Aufführung meines Schau¬
2207 621 3134 715 zehn Jahre so treue Dienste geleistet hatten, zu¬
129 670 227 723 lies
265 678 1207 731 genstand, Uebersetzungsfehler, die sich in den Re¬
1241 681 2169 746 spieles „Helden", eine der „größten in
2207 696 3138 746 sammenzufassen und sie in ein neues Melodrama
125 712 238 772 trieft
273 719 1200 768 giebemerkungen zur „Candida finden. Trotz¬
1234 731 2157 787 tellectuellen Kräfte der Gegenwart erblickte
2203 746 3138 799 umzugießen, das den Anschein eines tiefdurch¬
121 753 238 806 st ein
257 757 1204 814 dem verstand es Kellner, diese Kleinigkeiten in
1234 772 2176 833 Er schlug vor: mein Intellect und seine Bühnen¬
2203 783 3138 844 dachten Originals und eines modernen Schau¬
129 806 1204 855 weiben solches Licht zu rücken, daß es den Eindruck
1234 818 2176 878 erfahrung sollen zusammen ein Stück zuwege
2199 825 3142 886 spieles haben sollte. Das Resultat von alledem
132 848 238 901 guter
265 848 1200 897 machte, als ob die ganze Uebersetzung nichts wei¬
1230 855 3142 927 bringen. Zugleich theilte er mir eines der ver¬ war „Ein Teufelsker!“. Aber Terriss spielte nie¬
132 889 231 939 ckers
261 889 1196 946 ter als ein einziger gigantischer Sprachfehler sei
1230 901 2173 954 blüffendsten Scenarien mit, die mir je vorge¬
2195 916 3138 969 mals darin. Er wurde in New=York von einem
136 927 231 980 habe
257 931 1200 984 Ganz besonders kritisirte er die Uebersetzung des
1234 942 3142 1011 kommen waren. Es vereinigte in sich all die Tollhäusler beim Bühneneingang seines Theaters
254 969 1196 1033 Charakterbildes, das ich von Pastor Morel ent¬
1230 984 2173 1045 Grundideen, Intriguen, all die Zwischenfälle und
2195 995 3130 1056 in demselben Augenblicke ermordet, in dem der
254 1018 1200 1079 worfen habe, eine der sympathischesten Gestalten
1226 1030 3134 1094 fadenscheinigen Situationen, vermittelst deren dortige Erfolg meines Stückes Terriss Zweifel
144 1060 235 1109 die
257 1060 2165 1151 in der „Candida. Um zu zeigen, wie die Sache die Theaterbesucher seit Erschaffung der Welt in
2195 1090 3138 1139 zum Schweigen gebracht hatte, ob „Ein Teufels¬
254 1105 1196 1166 eigentlich deutsch hätte gemacht werden müssen,
1219 1117 2165 1177 und außer Athem gehalten werden. Am Schluß
2195 1124 3130 1185 kerl, alles in allem genommen für den Londoner
254 1151 1196 1207 gab Kellner seine eigene Uebersetzung zum Besten.
1223 1162 2165 1215 eines jeden Actes wurde der Held auf Grund einer
2207 1170 3138 1230 Theaterbesucher nicht doch ein bißchen zu „intellec¬
254 1192 1188 1249 Dann freilich begriff ich alles. Kellner ist einer
1226 1200 2169 1264 Anklage hin, die eine wunderschöne, aber mein¬
2195 1215 3126 1264 tuell sei. Jene Glücklichen, die der Aufführung
132 1241 1188 1294 Under andächtigsten Anbeter der „Candida, und er
1219 1245 2161 1302 eidige Abenteurerin gegen ihn erhob, wegen
2192 1257 3130 1313 des Stückes im Raimund=Theater zu Wien bei¬
257 1279 1188 1336 konnte es nicht ertragen, die Hand eines anderer
1230 1283 1741 1351 Mordes oder anderen
1798 1287 2165 1351 Verbrechen ver¬
2188 1306 3130 1355 wohnen werden, dürften, so hoffe ich wenigstens,
250 1321 1192 1382 auf sein Idol gelegt zu sehen. Daher war es auch
1223 1332 2165 1389 haftet, und zu Beginn des nächsten Aufzuges
2188 1340 3130 1400 von den Vorgängen zu stark gefesselt sein, um
254 1363 3130 1446 klar, daß er die übrigen zwei Stücke im gleichen tauchte er wieder auf ohne das geringste Fleckchen das Drama kritisch zu zerlegen. Aber ein Wert
254 1404 1185 1469 Bande auch nicht eines Blickes gewürdigt hatte
1215 1419 2157 1476 auf seiner Ehre, bis er dann unmittelbar von
2192 1431 3123 1488 von mir muß mehr als einmal gesehen werden.
254 1450 1188 1510 Angesichts dieser Erfahrung schaudere ich bei dem
1219 1461 2161 1518 dem Fallen des Vorhanges wieder unter einer
2192 1476 3126 1533 Deshalb sollte jeder intelligente Wiener minde¬
246 1495 1188 1548 Gedanken, was sich alles ereignen dürfte, wenn
1219 1506 2161 1563 anderen Anklage arretirt wurde. Schließlich war
2192 1518 3123 1575 stens zehnmal hineingehen und sich's anschauen.
242 1540 1185 1590 erst die gesammte deutschsprechende Menschheit
1215 1552 2161 1605 er schon auf dem Punkt, zum Galgen geführt zu
2192 1563 3126 1616 Wenn sich die erste Sensation verflüchtigt haben
254 1578 2161 1650 in Europa mit „Candida bekannt sein wird, werden. Da befreit ihn der Klang froher Hoch¬
2180 1605 3130 1662 wird, dürfte den erfahrene Theaterbesucher
250 1624 1177 1684 Schon Hermann Bahr erklärt, wie er davon be¬
1215 1635 2157 1688 zeitsglocken von seinem Alpdrücken. Er findet
2188 1650 3130 1707 ohne Schwierigkeit in dem einsamen Waisen¬
242 1665 1188 1741 rückt sei, und Schnitzler wird sicherlich ins Kloster
1215 1681 2157 1734 daß er das ganze Stück hindurch geträumt hat,
2180 1688 3126 1745 finde, in der Vorlesung des Testaments, in
242 1718 1185 1764 gehen, wenn er erst in den Zauberbann der
1207 1726 3126 1790 und erlangt so jene glückliche Lösung“, die für der heroischen Selbstopferung, in dem Kriegs¬
246 1756 1181 1813 „Condida geraten ist. Trebitsch wird hoffent¬
1211 1768 2154 1824 ein populäres Stück in England absolut unent¬
2188 1783 3119 1836 gerichte, in der Hinrichtungsscene und in der
235 1787 2146 1866 lich dieser Sache mit der Zeit entwachsen, und behrlich ist. Ich versuchte nun mit allen mög
2192 1821 3115 1881 Begnadigung im letzten Augenblick die alten
246 1843 1181 1919 was mich betrifft, so thue ich mein Bestes, un
1204 1851 2157 1919 lichen Vernunftgründen, diesem fürchterlichen
2180 1862 3123 1919 wohlbekannten Kniffe aus dem Potpourri
235 1877 685 1957 mich davon zu heilen.
1207 1896 3119 1964 Terriss auseinanderzusetzen, daß ein solches des Melodramas wieder erkennen. Kritiker
280 1896 1177 1987 „Ein Teufelsker!“ kam folgendermaßen zu
1204 1945 2150 1998 Scenarium viel zu viel Handlung und viel zu
2176 1949 3123 2002 wie Dr. Kellner, die in der englischen Literatur
242 1957 666 2029 stande. Ihr Wiener
708 1976 1181 2025 habt wahrscheinlich den
1204 1983 2150 2033 wenig Anlaß zur Darstellung von Charakteren
2176 1995 3119 2055 zu Hause sind, werden freilich bald entdecken, daß
117 2017 1173 2074 ezirke Namen von William Terriss noch nicht gehört
1204 2025 2150 2101 biete, worauf er entschlossen erklärte: „Sie
2173 2036 3115 2093 der Charakter der Mutter des Teufelskerls eines
114 2063 212 2108 gang
238 2059 1181 2123 Das war der weitaus beste Schauspieler unter all
1211 2070 3119 2139 haben mich überzeugt, Mister Shaw." Mit meiner zahlreichen Plagiate sei, das ich direct aus
106 2104 1181 2157 ten den melodramatischen Helden der englischen
1204 2112 2146 2169 diesen Worten warf er ohne weiteres Zögern das
2176 2127 3107 2184 Charles Dickens „Little Darrit" entnommen
87 2139 208 2203 rebitsch
238 2142 2146 2214 Bühne am Schluß des letzten Jahrhunderts, Ein ganze Scenarium ins Feuer mit dem Mute und
2169 2165 3111 2229 geradeso wie der Advocat in einem anderen
83 2180 212 2237 a für
238 2184 2146 2256 bildhübscher Mensch und so popular, daß er kraft der Entschlossenheit eines Mannes, der ganz gut
2169 2207 3119 2271 meiner von Trebitsch übersetzten Stücke aus
83 2229 208 2279 te sich
242 2229 1177 2290 seiner Individualität noch den gewissen Typus
1200 2245 2146 2301 weiß, daß er noch eine Abschrift in seinem Schreib¬
2169 2252 3104 2309 Dickens' „Große Erwartungen" gestohlen wurde
79 2279 2142 2339 tischen des rohen, aber packenden Effectstückes am Leben pulte liegen habe. Die Thatsache jedoch, daß er
2165 2294 3111 2366 Ich bin in der That ein begeisterter Bewunderer
76 2316 1177 2377 rte er zu erhalten vermochte, lange nachdem es alt¬
1204 2335 3111 2400 mich als große intellectuelle Kraft begrüßt und dieses Dichters und hoffe, bevor ich sterbe, noch
83 2362 3107 2445 rompt modisch geworden und den modernen Rivalen das damit angedeutet hatte, ich sei unfähig, ein manche andere Charaktere aus seinen Büchern zu
76 2396 204 2449 Wiener
231 2403 3107 2483 Feld geräumt hatte. Er spielte gerade in einem populäres Melodrama zu schreiben, reizte mich stehlen. Aber das sind Kleinigkeiten, an denen
114 2441 208 2494 kön¬
238 2449 2131 2513 fabelhaft erfolgreichen militärischen Drama, das auf das äußerste und ich beschloß, all die abge
2173 2464 3104 2528 nicht viel liegt. Die wahre Probe auf das Kunst¬
110 2483 2135 2559 Die die Dreyfus=Affaire behandelte. Da schickte droschenen Zwischenfälle, all die abgestandenen
2165 2513 3107 2566 verständniß der Wiener Kritiker wird darin be¬
83 2509 3123 2612 Ueber zu mir und ließ sagen, daß er in Situationen, die in den Schundstücken der letzt stehen, in welcher Art sie den Charakter des Puri¬
2173 2597 3115 2650 alters erfussen. Man sagt mir, daß es in Wien
2173 2627 3123 2699 keine Puritaner gäbe, aber das ist ein Irrthum;
2173 2668 3123 2733 der Puritaner ist überall zu finden. Nur ein Puri¬
2165 2725 3111 2786 taner kann Nietzsche verstehen. Vielleicht aber ver¬
2169 2759 2763 2820 steht Wien nicht Nietzsche?!..
2210 2774 3115 2861 Ich habe den leisen Verdacht, daß Wien
2173 2843 3115 2903 romantisch und künstlerisch veranlagt ist, und das
2180 2884 3107 2960 sind zwei Dinge, die in meinen Augen Mutlosig¬
2169 2930 3115 2994 keit und Verzweiflung unmöglich machen. Man
2173 2975 3115 3032 sagt, daß Glückseligkeit und Schönheit in Wien
2176 3028 3107 3089 genau so hochgeschätzt werden wie in London. Ich
2173 3066 3115 3123 persönlich bin kein besonderer Freund weder von
2173 3104 3107 3164 dem einen noch von dem anderen. Ich kann ein
2161 3145 3107 3221 mal im Monat so etwa zehn Minuten lang
2169 3195 3111 3248 Glückseligkeit ganz gut vertragen, geradeso wie
2165 3232 3107 3308 ich zuweilen ein Zuckerplätzchen esse; aber ich
2165 3278 3107 3338 würde lieber sterben, als von Zuckerplätzchen
2165 3319 3107 3376 allein zu leben, und ich möchte lieber von Zucker¬
2165 3361 3096 3422 plätzchen allein leben, als ein Dasein von Glück
2165 3410 3100 3463 seligkeit ausstehen zu müssen. Eines kann ich in
2161 3444 3107 3512 des dem Wiener Theaterbesucher versprechen: In
2161 3494 3107 3547 meinem Stücke wird er nicht mit Schönheit und
2157 3539 3100 3596 nicht mit Glückseligkeit, nicht mit Güte und
2165 3581 3096 3637 Tugend oder mit Schlechtigkeit und Romanti¬
2157 3622 3100 3683 oder mit sonst einem derartigen Unsinn geplagt
2157 3671 3107 3724 und gehetzt werden. Mein Stück behandelt nur
2157 3713 3123 3785 einen Gegenstand: das Leben, und es hat nur
2161 3755 3024 3834 eine Eigenschaft: das Interesse am Leben.
