<?xml version="1.0" encoding="UTF-8" standalone="yes"?>
<PcGts xmlns="http://schema.primaresearch.org/PAGE/gts/pagecontent/2013-07-15" xmlns:xsi="http://www.w3.org/2001/XMLSchema-instance" xsi:schemaLocation="http://schema.primaresearch.org/PAGE/gts/pagecontent/2013-07-15 http://schema.primaresearch.org/PAGE/gts/pagecontent/2013-07-15/pagecontent.xsd">
    <Metadata>
        <Creator>prov=READ-COOP:name=PyLaia@TranskribusPlatform:version=2.12.1:model_id=39995:lm=provided:date=29_03_2024_17:56</Creator>
        <Created>2019-10-07T20:39:57.904+02:00</Created>
        <LastChange>2024-03-29T17:56:07.079+01:00</LastChange>
        <TranskribusMetadata docId="224465" pageId="9580843" pageNr="158" tsid="156506638" status="IN_PROGRESS" userId="40391" imgUrl="https://files.transkribus.eu/Get?id=TTKBCAQJPSSYWUCLZLFHTDTC&amp;fileType=view" xmlUrl="https://files.transkribus.eu/Get?id=GORNLSFHCNNAIMIPCOJGODFR" imageId="6208779"/>
    </Metadata>
    <Page imageFilename="224465_0158.jpeg" imageWidth="3392" imageHeight="4256">
        <ReadingOrder>
            <OrderedGroup id="ro_1712662346079" caption="Regions reading order">
                <RegionRefIndexed index="0" regionRef="tr_1"/>
            </OrderedGroup>
        </ReadingOrder>
        <TextRegion orientation="0.0" id="tr_1" custom="readingOrder {index:0;}">
            <Coords points="196,237 196,3239 3286,3239 3286,237"/>
            <TextLine id="tr_1_tl_1" custom="readingOrder {index:0;}">
                <Coords points="181,276 1050,310 1030,204 784,223 659,193 544,221 466,195 354,232 257,193 181,207"/>
                <Baseline points="196,259 238,259 281,262 324,265 367,263 410,264 453,267 495,264 538,262 581,260 624,259 667,261 710,263 753,266 795,268 838,270 881,275 924,278 967,280 1010,281 1053,283"/>
                <TextEquiv>
                    <Unicode>13. Miscellaneous</Unicode>
                </TextEquiv>
            </TextLine>
            <TextLine id="tr_1_tl_2" custom="readingOrder {index:1;}">
                <Coords points="1228,293 1384,287 1443,260 1507,299 1714,293 1714,223 1658,207 1602,218 1583,204 1563,221 1527,198 1507,218 1479,204 1451,229 1401,232 1306,226 1270,204 1228,215"/>
                <Baseline points="1244,265 1269,267 1294,268 1319,268 1344,268 1369,268 1394,268 1420,268 1445,269 1470,271 1495,271 1520,271 1545,271 1571,271 1596,271 1621,271 1646,271 1671,269 1696,268 1722,268"/>
                <TextEquiv>
                    <Unicode>box 44/10</Unicode>
                </TextEquiv>
            </TextLine>
            <TextLine id="tr_1_tl_3" custom="readingOrder {index:2;}">
                <Coords points="2582,1326 3263,1326 3246,1253 3160,1278 3062,1250 2582,1273"/>
                <Baseline points="2596,1322 2629,1322 2663,1322 2697,1322 2731,1322 2764,1322 2798,1322 2832,1322 2866,1322 2899,1322 2933,1320 2967,1320 3001,1322 3034,1322 3068,1322 3102,1322 3136,1322 3169,1322 3203,1322 3237,1322 3271,1322"/>
                <TextEquiv>
                    <Unicode>Erobererlaten verbeutete, so ha¬</Unicode>
                </TextEquiv>
            </TextLine>
            <TextLine id="tr_1_tl_4" custom="readingOrder {index:3;}">
                <Coords points="287,1365 1415,1373 1387,1287 287,1292"/>
                <Baseline points="304,1360 362,1360 421,1360 480,1363 539,1360 598,1360 657,1360 716,1361 775,1363 834,1363 892,1363 951,1363 1010,1363 1069,1366 1128,1363 1187,1363 1246,1363 1305,1363 1364,1363 1423,1363"/>
                <TextEquiv>
                    <Unicode>bis herab zum Balder Laternenanzünder. Immer trug er eine</Unicode>
                </TextEquiv>
            </TextLine>
            <TextLine id="tr_1_tl_5" custom="readingOrder {index:4;}">
                <Coords points="1446,1371 3252,1373 3252,1337 2911,1317 1446,1329"/>
                <Baseline points="1462,1363 1551,1363 1641,1363 1731,1363 1821,1363 1911,1365 2001,1363 2090,1363 2180,1360 2270,1363 2360,1363 2450,1363 2540,1362 2630,1368 2719,1369 2809,1369 2899,1369 2989,1369 3079,1367 3169,1368 3259,1366"/>
                <TextEquiv>
                    <Unicode>bei den Vorträgen des „kleinen Fischer unterhalten, dessen bewußte Partei, die dem ge¬</Unicode>
                </TextEquiv>
            </TextLine>
            <TextLine id="tr_1_tl_6" custom="readingOrder {index:5;}">
                <Coords points="299,1424 1412,1421 1412,1371 1348,1365 1290,1393 299,1373"/>
                <Baseline points="313,1405 368,1408 423,1408 479,1408 534,1408 589,1408 645,1408 700,1410 755,1411 811,1411 866,1411 921,1411 977,1408 1032,1411 1087,1410 1143,1410 1198,1411 1253,1411 1309,1411 1364,1411 1420,1408"/>
                <TextEquiv>
                    <Unicode>absichtliche Ungeniertheit zu Tage. Wildfremde Leute grüßte</Unicode>
                </TextEquiv>
            </TextLine>
            <TextLine id="tr_1_tl_7" custom="readingOrder {index:6;}">
                <Coords points="1449,1421 3260,1426 3260,1376 3165,1368 1449,1376"/>
                <Baseline points="1465,1411 1555,1411 1645,1408 1735,1408 1825,1411 1915,1408 2005,1408 2095,1408 2185,1408 2275,1408 2365,1408 2455,1411 2545,1412 2635,1417 2725,1417 2815,1414 2905,1414 2995,1414 3085,1414 3175,1414 3265,1414"/>
                <TextEquiv>
                    <Unicode>Gstanzeln eine Zeitlang bei keiner intimen Unterhaltung Reverenz versagte und so wenig</Unicode>
                </TextEquiv>
            </TextLine>
            <TextLine id="tr_1_tl_8" custom="readingOrder {index:7;}">
                <Coords points="304,1465 1412,1471 1393,1421 304,1424"/>
                <Baseline points="319,1459 374,1459 429,1459 484,1457 539,1456 594,1456 649,1456 704,1456 759,1456 814,1459 869,1459 924,1459 979,1459 1034,1459 1089,1459 1144,1459 1199,1459 1254,1459 1309,1459 1364,1459 1420,1459"/>
                <TextEquiv>
                    <Unicode>er mit „Servus" und mit dem „Du war er schnell bei der</Unicode>
                </TextEquiv>
            </TextLine>
            <TextLine id="tr_1_tl_9" custom="readingOrder {index:8;}">
                <Coords points="1446,1488 1482,1491 1513,1468 1560,1482 1574,1468 1658,1482 1708,1468 1708,1426 1650,1424 1636,1410 1619,1424 1580,1418 1560,1429 1446,1421"/>
                <Baseline points="1462,1462 1487,1459 1512,1459 1537,1459 1562,1459 1587,1459 1612,1459 1637,1459 1662,1459 1687,1458 1713,1456"/>
                <TextEquiv>
                    <Unicode>fehlen durften.</Unicode>
                </TextEquiv>
            </TextLine>
            <TextLine id="tr_1_tl_10" custom="readingOrder {index:9;}">
                <Coords points="2585,1474 3266,1471 3266,1429 3204,1421 2585,1432"/>
                <Baseline points="2599,1462 2632,1464 2666,1465 2699,1464 2733,1462 2767,1462 2800,1462 2834,1462 2867,1462 2901,1462 2935,1462 2968,1462 3002,1462 3035,1462 3069,1462 3103,1462 3136,1462 3170,1462 3203,1462 3237,1461 3271,1459"/>
                <TextEquiv>
                    <Unicode>von der persönlichen Charme des</Unicode>
                </TextEquiv>
            </TextLine>
            <TextLine id="tr_1_tl_11" custom="readingOrder {index:10;}">
                <Coords points="304,1521 1412,1527 1390,1468 304,1465"/>
                <Baseline points="319,1510 374,1505 429,1507 484,1504 539,1504 594,1504 649,1504 704,1504 759,1504 814,1504 869,1506 924,1507 979,1507 1034,1505 1089,1507 1144,1507 1199,1507 1254,1507 1309,1507 1364,1507 1420,1507"/>
                <TextEquiv>
                    <Unicode>Hand. Manchmal war diese gemütliche Vertraulichkeit schon mehr</Unicode>
                </TextEquiv>
            </TextLine>
            <TextLine id="tr_1_tl_12" custom="readingOrder {index:11;}">
                <Coords points="1555,1516 3283,1530 3283,1463 1555,1460"/>
                <Baseline points="1569,1507 1654,1507 1740,1507 1826,1507 1912,1507 1998,1506 2084,1506 2169,1504 2255,1506 2341,1507 2427,1504 2513,1507 2599,1513 2685,1513 2770,1511 2856,1513 2942,1510 3028,1510 3114,1510 3200,1510 3286,1507"/>
                <TextEquiv>
                    <Unicode>Wie viele politische Schachzüge hat er hinter seiner einfangen zu lassen. Aber vor af</Unicode>
                </TextEquiv>
            </TextLine>
            <TextLine id="tr_1_tl_13" custom="readingOrder {index:12;}">
                <Coords points="1446,1566 2560,1569 2560,1521 2440,1504 1446,1513"/>
                <Baseline points="1462,1551 1517,1554 1572,1554 1627,1554 1682,1551 1737,1554 1792,1554 1847,1554 1902,1554 1957,1554 2012,1554 2067,1554 2122,1554 2177,1554 2232,1552 2287,1554 2342,1554 2397,1554 2452,1554 2507,1554 2563,1554"/>
                <TextEquiv>
                    <Unicode>Gemütlichkeit versteckt! Manchen suchte er zu diskreditieren,</Unicode>
                </TextEquiv>
            </TextLine>
            <TextLine id="tr_1_tl_14" custom="readingOrder {index:13;}">
                <Coords points="304,1574 1412,1566 1412,1524 1326,1510 304,1524"/>
                <Baseline points="319,1554 374,1552 429,1553 484,1551 539,1551 594,1554 649,1553 704,1551 759,1553 814,1554 869,1552 924,1554 979,1554 1034,1554 1089,1556 1144,1554 1199,1554 1254,1557 1309,1554 1364,1554 1420,1557"/>
                <TextEquiv>
                    <Unicode>peinlich. Wenn er Fremden bei einem Gelage im Rathauskeller</Unicode>
                </TextEquiv>
            </TextLine>
            <TextLine id="tr_1_tl_15" custom="readingOrder {index:14;}">
                <Coords points="2590,1566 3232,1574 3232,1521 3202,1513 3059,1530 3015,1507 2878,1538 2791,1513 2724,1538 2691,1516 2590,1518"/>
                <Baseline points="2605,1560 2636,1559 2668,1560 2699,1560 2731,1560 2763,1559 2794,1557 2826,1557 2858,1557 2889,1557 2921,1557 2953,1557 2984,1558 3016,1560 3048,1558 3079,1557 3111,1557 3143,1557 3174,1557 3206,1556 3238,1554"/>
                <TextEquiv>
                    <Unicode>Ernst fremd und fremdartig</Unicode>
                </TextEquiv>
            </TextLine>
            <TextLine id="tr_1_tl_16" custom="readingOrder {index:15;}">
                <Coords points="301,1613 1410,1611 1379,1566 299,1560"/>
                <Baseline points="316,1602 371,1602 426,1602 481,1600 536,1599 591,1599 646,1599 701,1599 756,1599 811,1602 866,1602 921,1602 976,1602 1031,1602 1086,1602 1141,1602 1196,1602 1251,1602 1306,1602 1361,1603 1417,1605"/>
                <TextEquiv>
                    <Unicode>zurief: „Besuchen Sie nur alle Lokale, auch die gewissen! ..."</Unicode>
                </TextEquiv>
            </TextLine>
            <TextLine id="tr_1_tl_17" custom="readingOrder {index:16;}">
                <Coords points="1446,1619 3266,1616 3243,1566 1446,1563"/>
                <Baseline points="1462,1599 1552,1599 1643,1602 1733,1602 1824,1602 1915,1602 2005,1602 2096,1599 2186,1600 2277,1602 2368,1602 2458,1603 2549,1605 2639,1608 2730,1608 2821,1605 2911,1605 3002,1608 3092,1605 3183,1605 3274,1602"/>
                <TextEquiv>
                    <Unicode>indem er ihn öffentlich allzu freundlich behandelte. Da klopfte Dingen des Lebens zu ringen, un</Unicode>
                </TextEquiv>
            </TextLine>
            <TextLine id="tr_1_tl_18" custom="readingOrder {index:17;}">
                <Coords points="301,1678 1415,1661 1415,1619 1345,1611 301,1613"/>
                <Baseline points="316,1650 371,1649 426,1647 482,1647 537,1647 592,1645 648,1647 703,1647 758,1647 814,1650 869,1650 924,1650 980,1650 1035,1650 1090,1653 1146,1653 1201,1651 1256,1650 1312,1650 1367,1650 1423,1650"/>
                <TextEquiv>
                    <Unicode>so wurde seine Gemütlichkeit doch auch schon ungemütlich. Wenn</Unicode>
                </TextEquiv>
            </TextLine>
            <TextLine id="tr_1_tl_19" custom="readingOrder {index:18;}">
                <Coords points="1446,1664 2562,1669 2562,1613 1446,1619"/>
                <Baseline points="1462,1650 1517,1647 1572,1648 1628,1650 1683,1650 1738,1650 1794,1649 1849,1649 1904,1650 1960,1650 2015,1649 2070,1647 2126,1647 2181,1650 2236,1650 2292,1650 2347,1650 2402,1650 2458,1650 2513,1650 2569,1650"/>
                <TextEquiv>
                    <Unicode>er einem seiner schärfsten politischen Gegner wohlwollend auf</Unicode>
                </TextEquiv>
            </TextLine>
            <TextLine id="tr_1_tl_20" custom="readingOrder {index:19;}">
                <Coords points="2596,1672 3266,1658 3266,1613 3216,1605 3182,1633 3062,1608 2984,1627 2596,1616"/>
                <Baseline points="2611,1656 2644,1656 2677,1656 2710,1656 2743,1656 2776,1656 2809,1656 2843,1656 2876,1656 2909,1653 2942,1653 2975,1653 3008,1653 3041,1653 3075,1653 3108,1653 3141,1653 3174,1651 3207,1650 3240,1650 3274,1650"/>
                <TextEquiv>
                    <Unicode>fassung, die in die politische Pa</Unicode>
                </TextEquiv>
            </TextLine>
            <TextLine id="tr_1_tl_21" custom="readingOrder {index:20;}">
                <Coords points="1446,1714 2554,1708 2554,1658 2495,1652 1446,1658"/>
                <Baseline points="1462,1698 1516,1698 1571,1698 1626,1698 1681,1698 1736,1698 1791,1698 1846,1696 1901,1695 1956,1698 2011,1697 2065,1695 2120,1697 2175,1698 2230,1698 2285,1698 2340,1698 2395,1698 2450,1701 2505,1698 2560,1698"/>
                <TextEquiv>
                    <Unicode>die Schulter, nannte ihn mit absichtlicher Vertraulichkeit „Mein</Unicode>
                </TextEquiv>
            </TextLine>
            <TextLine id="tr_1_tl_22" custom="readingOrder {index:21;}">
                <Coords points="296,1714 1410,1708 1410,1664 1295,1658 296,1678"/>
                <Baseline points="310,1695 365,1698 420,1698 476,1696 531,1698 586,1698 642,1696 697,1698 752,1698 808,1698 863,1698 918,1698 974,1698 1029,1698 1084,1701 1140,1701 1195,1701 1250,1701 1306,1701 1361,1701 1417,1698"/>
                <TextEquiv>
                    <Unicode>er mitten in einer ernsten Gemeinderatssitzung über Schulärzte</Unicode>
                </TextEquiv>
            </TextLine>
            <TextLine id="tr_1_tl_23" custom="readingOrder {index:22;}">
                <Coords points="2585,1711 2780,1708 2814,1728 2850,1705 3012,1725 3280,1708 3280,1664 3199,1652 3132,1675 2841,1655 2585,1678"/>
                <Baseline points="2599,1698 2633,1703 2667,1704 2702,1704 2736,1704 2770,1704 2805,1702 2839,1701 2873,1701 2908,1701 2942,1701 2976,1701 3011,1701 3045,1701 3079,1701 3114,1701 3148,1701 3182,1701 3217,1699 3251,1698 3286,1698"/>
                <TextEquiv>
                    <Unicode>anschauung hineinlegt. Er hat an</Unicode>
                </TextEquiv>
            </TextLine>
            <TextLine id="tr_1_tl_24" custom="readingOrder {index:23;}">
                <Coords points="1449,1753 2557,1756 2557,1708 2520,1705 1449,1708"/>
                <Baseline points="1465,1745 1519,1745 1574,1745 1629,1745 1684,1742 1739,1742 1794,1745 1849,1743 1904,1742 1959,1745 2014,1742 2068,1742 2123,1742 2178,1742 2233,1745 2288,1746 2343,1746 2398,1745 2453,1745 2508,1747 2563,1748"/>
                <TextEquiv>
                    <Unicode>Lieber... und fügte unter den Gelächter der Intimen, die</Unicode>
                </TextEquiv>
            </TextLine>
            <TextLine id="tr_1_tl_25" custom="readingOrder {index:24;}">
                <Coords points="301,1761 1415,1758 1415,1711 1362,1705 301,1708"/>
                <Baseline points="316,1748 371,1745 426,1745 481,1745 536,1745 592,1745 647,1745 702,1745 757,1745 812,1745 868,1745 923,1745 978,1745 1033,1745 1088,1745 1144,1745 1199,1745 1254,1748 1309,1748 1364,1748 1420,1745"/>
                <TextEquiv>
                    <Unicode>sagte: „Ich bin dagegen, die könnten mir die Madeln zu genau</Unicode>
                </TextEquiv>
            </TextLine>
            <TextLine id="tr_1_tl_26" custom="readingOrder {index:25;}">
                <Coords points="2587,1758 2833,1750 2895,1778 2925,1753 3042,1750 3076,1772 3221,1758 3204,1700 3017,1725 2925,1705 2814,1728 2772,1705 2587,1711"/>
                <Baseline points="2602,1748 2633,1750 2664,1751 2696,1751 2727,1749 2758,1748 2790,1749 2821,1751 2852,1749 2884,1748 2915,1748 2946,1748 2978,1748 3009,1748 3040,1748 3072,1748 3103,1748 3134,1748 3166,1746 3197,1745 3229,1745"/>
                <TextEquiv>
                    <Unicode>demokratie schlimm gefrevelt</Unicode>
                </TextEquiv>
            </TextLine>
            <TextLine id="tr_1_tl_27" custom="readingOrder {index:26;}">
                <Coords points="1449,1806 2551,1803 2551,1758 2512,1753 1449,1756"/>
                <Baseline points="1465,1793 1519,1793 1574,1793 1628,1791 1683,1790 1738,1790 1792,1793 1847,1791 1901,1792 1956,1790 2011,1790 2065,1791 2120,1791 2174,1793 2229,1793 2284,1793 2338,1794 2393,1794 2447,1796 2502,1793 2557,1796"/>
                <TextEquiv>
                    <Unicode>das Manöver verstanden, liebevoll hinzu: „Sie san ja doch</Unicode>
                </TextEquiv>
            </TextLine>
            <TextLine id="tr_1_tl_28" custom="readingOrder {index:27;}">
                <Coords points="304,1803 1418,1817 1418,1758 1384,1756 304,1761"/>
                <Baseline points="319,1793 374,1794 429,1795 484,1793 539,1793 595,1791 650,1793 705,1791 760,1793 815,1793 871,1793 926,1793 981,1793 1036,1796 1091,1796 1147,1796 1202,1796 1257,1796 1312,1798 1367,1794 1423,1793"/>
                <TextEquiv>
                    <Unicode>untersuchen, so lachten doch nur die geschmacklosesten unter</Unicode>
                </TextEquiv>
            </TextLine>
            <TextLine id="tr_1_tl_29" custom="readingOrder {index:28;}">
                <Coords points="2587,1809 2738,1806 2775,1831 2883,1798 3101,1795 3157,1825 3185,1800 3227,1809 3227,1761 3179,1753 3079,1775 3040,1747 2934,1753 2900,1778 2830,1747 2587,1756"/>
                <Baseline points="2602,1799 2633,1798 2665,1799 2696,1799 2728,1797 2760,1796 2791,1796 2823,1796 2855,1796 2886,1796 2918,1796 2950,1796 2981,1796 3013,1796 3045,1796 3076,1795 3108,1794 3140,1796 3171,1794 3203,1793 3235,1793"/>
                <TextEquiv>
                    <Unicode>der politischen Kämpfe dieser</Unicode>
                </TextEquiv>
            </TextLine>
            <TextLine id="tr_1_tl_30" custom="readingOrder {index:29;}">
                <Coords points="304,1856 371,1867 519,1839 539,1859 636,1848 664,1865 796,1848 796,1803 533,1800 514,1820 491,1803 374,1814 304,1800"/>
                <Baseline points="319,1841 344,1841 369,1841 395,1841 420,1841 446,1841 471,1840 496,1838 522,1838 547,1838 573,1840 598,1841 624,1841 649,1841 674,1841 700,1839 725,1838 751,1838 776,1839 802,1841"/>
                <TextEquiv>
                    <Unicode>den eigene Parteifreunden.</Unicode>
                </TextEquiv>
            </TextLine>
            <TextLine id="tr_1_tl_31" custom="readingOrder {index:30;}">
                <Coords points="1446,1848 2554,1859 2554,1806 2490,1798 1446,1812"/>
                <Baseline points="1462,1841 1516,1841 1571,1841 1626,1841 1681,1838 1736,1835 1791,1844 1846,1847 1901,1841 1956,1840 2011,1840 2065,1841 2120,1841 2175,1839 2230,1841 2285,1841 2340,1841 2395,1841 2450,1841 2505,1841 2560,1838"/>
                <TextEquiv>
                    <Unicode>mein Freund!"... Zuweilen wagte er im Stile der Gemüt¬</Unicode>
                </TextEquiv>
            </TextLine>
            <TextLine id="tr_1_tl_32" custom="readingOrder {index:31;}">
                <Coords points="2587,1853 3269,1848 3252,1792 3157,1825 3093,1792 2780,1825 2587,1809"/>
                <Baseline points="2602,1853 2635,1851 2669,1849 2702,1847 2736,1847 2770,1845 2803,1844 2837,1844 2870,1844 2904,1844 2938,1844 2971,1844 3005,1844 3038,1844 3072,1843 3106,1842 3139,1844 3173,1844 3206,1843 3240,1842 3274,1844"/>
                <TextEquiv>
                    <Unicode>gegeben, wo kein Arbeiter Lueg</Unicode>
                </TextEquiv>
            </TextLine>
            <TextLine id="tr_1_tl_33" custom="readingOrder {index:32;}">
                <Coords points="416,1901 1418,1904 1418,1856 1376,1842 1147,1851 1105,1817 1041,1856 416,1856"/>
                <Baseline points="432,1892 481,1886 531,1887 580,1889 630,1889 679,1889 729,1889 778,1887 828,1889 877,1889 927,1889 977,1889 1026,1889 1076,1889 1125,1890 1175,1890 1224,1891 1274,1892 1323,1892 1373,1892 1423,1892"/>
                <TextEquiv>
                    <Unicode>Zu der Zeit, da Lueger seine Gemütlichkeit zu einem</Unicode>
                </TextEquiv>
            </TextLine>
            <TextLine id="tr_1_tl_34" custom="readingOrder {index:33;}">
                <Coords points="1451,1898 3271,1901 3271,1839 1451,1851"/>
                <Baseline points="1468,1886 1558,1889 1648,1889 1739,1889 1829,1889 1920,1889 2010,1886 2101,1886 2191,1889 2282,1889 2372,1889 2462,1890 2553,1889 2643,1895 2734,1892 2824,1895 2915,1892 3005,1892 3096,1892 3186,1892 3277,1892"/>
                <TextEquiv>
                    <Unicode>lichkeit noch viel gewagtere Dinge. Er hatte zwar in pathetischen denn mit Ingrimm vernahm. V</Unicode>
                </TextEquiv>
            </TextLine>
            <TextLine id="tr_1_tl_35" custom="readingOrder {index:34;}">
                <Coords points="1457,1951 3257,1951 3218,1895 1457,1898"/>
                <Baseline points="1471,1936 1560,1936 1650,1934 1740,1936 1829,1936 1919,1934 2009,1934 2098,1934 2188,1934 2278,1936 2368,1936 2457,1936 2547,1936 2637,1942 2726,1939 2816,1939 2906,1936 2995,1936 3085,1939 3175,1936 3265,1939"/>
                <TextEquiv>
                    <Unicode>Reden oft versichert: „Wenn man mich auseinanderschneidet, wird Verhöhnung der Wiener Arbeiter</Unicode>
                </TextEquiv>
            </TextLine>
            <TextLine id="tr_1_tl_36" custom="readingOrder {index:35;}">
                <Coords points="304,1948 1418,1951 1418,1904 1306,1892 304,1901"/>
                <Baseline points="319,1936 374,1936 429,1935 484,1935 539,1934 595,1936 650,1936 705,1936 760,1934 815,1936 871,1936 926,1936 981,1936 1036,1936 1091,1936 1147,1938 1202,1941 1257,1939 1312,1939 1367,1939 1423,1936"/>
                <TextEquiv>
                    <Unicode>bewußten System ausgearbeitet hatte, ist er eigentlich am</Unicode>
                </TextEquiv>
            </TextLine>
            <TextLine id="tr_1_tl_37" custom="readingOrder {index:36;}">
                <Coords points="1451,1996 2560,1993 2540,1943 1451,1948"/>
                <Baseline points="1468,1984 1522,1984 1577,1984 1632,1984 1687,1984 1742,1984 1797,1984 1852,1982 1907,1983 1962,1981 2017,1981 2071,1981 2126,1981 2181,1981 2236,1984 2291,1982 2346,1984 2401,1984 2456,1984 2511,1984 2566,1984"/>
                <TextEquiv>
                    <Unicode>man finden, daß ich schwarz=gelb bin durch und durch." Das</Unicode>
                </TextEquiv>
            </TextLine>
            <TextLine id="tr_1_tl_38" custom="readingOrder {index:37;}">
                <Coords points="301,2001 1415,1996 1415,1951 1357,1940 301,1948"/>
                <Baseline points="316,1984 371,1984 426,1984 482,1984 537,1984 592,1984 648,1985 703,1985 758,1984 814,1984 869,1984 924,1984 980,1984 1035,1984 1090,1985 1146,1987 1201,1987 1256,1987 1312,1988 1367,1989 1423,1984"/>
                <TextEquiv>
                    <Unicode>wenigsten gemütlich gewesen. Er ist zeitlebens, so glatt seine</Unicode>
                </TextEquiv>
            </TextLine>
            <TextLine id="tr_1_tl_39" custom="readingOrder {index:38;}">
                <Coords points="2587,2004 3241,1999 3241,1943 3157,1959 2928,1937 2875,1962 2713,1943 2680,1965 2587,1948"/>
                <Baseline points="2602,1990 2634,1990 2666,1990 2698,1990 2731,1990 2763,1989 2795,1987 2827,1987 2860,1986 2892,1984 2924,1984 2956,1984 2989,1985 3021,1987 3053,1987 3085,1986 3118,1984 3150,1984 3182,1984 3214,1984 3247,1984"/>
                <TextEquiv>
                    <Unicode>der Wiener Wahlreform bis</Unicode>
                </TextEquiv>
            </TextLine>
            <TextLine id="tr_1_tl_40" custom="readingOrder {index:39;}">
                <Coords points="1449,2052 2562,2052 2562,1996 2518,1993 1449,1996"/>
                <Baseline points="1465,2035 1520,2032 1575,2032 1630,2032 1685,2032 1741,2032 1796,2032 1851,2032 1906,2030 1961,2031 2017,2031 2072,2029 2127,2029 2182,2029 2237,2031 2293,2032 2348,2032 2403,2032 2458,2032 2513,2032 2569,2032"/>
                <TextEquiv>
                    <Unicode>hat ihn aber noch vor zwei Jahren nicht gehindert, bei</Unicode>
                </TextEquiv>
            </TextLine>
            <TextLine id="tr_1_tl_41" custom="readingOrder {index:40;}">
                <Coords points="301,2043 1415,2052 1415,1999 1329,1990 301,2001"/>
                <Baseline points="316,2032 371,2032 426,2032 482,2032 537,2032 592,2032 648,2032 703,2032 758,2032 814,2032 869,2032 924,2032 980,2032 1035,2032 1090,2032 1146,2032 1201,2034 1256,2035 1312,2035 1367,2035 1423,2038"/>
                <TextEquiv>
                    <Unicode>Oberfläche schien, ein giftiger Hasser gewesen. Wie unerbittlich,</Unicode>
                </TextEquiv>
            </TextLine>
            <TextLine id="tr_1_tl_42" custom="readingOrder {index:41;}">
                <Coords points="2596,2060 2735,2040 3266,2046 3266,1990 2596,2001"/>
                <Baseline points="2611,2038 2644,2038 2677,2038 2710,2038 2743,2038 2776,2035 2809,2035 2843,2035 2876,2035 2909,2035 2942,2035 2975,2035 3008,2035 3041,2033 3075,2032 3108,2032 3141,2032 3174,2032 3207,2032 3240,2031 3274,2029"/>
                <TextEquiv>
                    <Unicode>gehässigen Wort, das er ihr im</Unicode>
                </TextEquiv>
            </TextLine>
            <TextLine id="tr_1_tl_43" custom="readingOrder {index:42;}">
                <Coords points="1457,2088 2557,2093 2557,2049 2504,2032 1457,2049"/>
                <Baseline points="1471,2080 1525,2080 1580,2080 1634,2078 1689,2077 1744,2077 1798,2077 1853,2077 1907,2077 1962,2077 2017,2077 2071,2077 2126,2077 2180,2077 2235,2077 2290,2077 2344,2079 2399,2080 2453,2083 2508,2080 2563,2080"/>
                <TextEquiv>
                    <Unicode>einem Bankett, wo Norddeutsche ihren Wilhelm hochleben</Unicode>
                </TextEquiv>
            </TextLine>
            <TextLine id="tr_1_tl_44" custom="readingOrder {index:43;}">
                <Coords points="304,2088 1418,2088 1379,2043 304,2043"/>
                <Baseline points="319,2080 374,2077 429,2077 485,2077 540,2080 595,2077 651,2077 706,2077 761,2077 817,2080 872,2080 927,2080 983,2080 1038,2080 1093,2080 1149,2080 1204,2082 1259,2080 1315,2082 1370,2080 1426,2080"/>
                <TextEquiv>
                    <Unicode>bis ins Grab, hat er den Bürgermeister Prix verfolgt und ver¬</Unicode>
                </TextEquiv>
            </TextLine>
            <TextLine id="tr_1_tl_45" custom="readingOrder {index:44;}">
                <Coords points="2593,2099 3199,2091 3199,2043 3179,2038 2593,2043"/>
                <Baseline points="2608,2086 2637,2086 2667,2086 2697,2086 2727,2085 2757,2083 2787,2083 2816,2083 2846,2083 2876,2081 2906,2080 2936,2080 2966,2080 2996,2080 3025,2080 3055,2080 3085,2080 3115,2080 3145,2080 3175,2080 3205,2080"/>
                <TextEquiv>
                    <Unicode>schien sein Sinnen auf nichts</Unicode>
                </TextEquiv>
            </TextLine>
            <TextLine id="tr_1_tl_46" custom="readingOrder {index:45;}">
                <Coords points="1446,2138 2560,2146 2560,2096 2389,2082 1446,2088"/>
                <Baseline points="1462,2125 1517,2128 1572,2128 1627,2126 1682,2128 1738,2125 1793,2125 1848,2125 1903,2125 1958,2122 2014,2125 2069,2125 2124,2125 2179,2125 2234,2125 2290,2125 2345,2125 2400,2125 2455,2126 2510,2129 2566,2133"/>
                <TextEquiv>
                    <Unicode>ließen, einen Kaisertoast mit der harmlos=gemütlichen Bemerkung</Unicode>
                </TextEquiv>
            </TextLine>
            <TextLine id="tr_1_tl_47" custom="readingOrder {index:46;}">
                <Coords points="304,2138 1407,2141 1407,2091 1351,2088 304,2088"/>
                <Baseline points="319,2128 373,2128 428,2128 483,2127 538,2125 592,2125 647,2125 702,2128 757,2126 811,2128 866,2128 921,2125 976,2128 1030,2128 1085,2126 1140,2128 1195,2128 1249,2128 1304,2128 1359,2128 1414,2125"/>
                <TextEquiv>
                    <Unicode>dächtigt! Wie unbarmherzig hat er später die Macht seine</Unicode>
                </TextEquiv>
            </TextLine>
            <TextLine id="tr_1_tl_48" custom="readingOrder {index:47;}">
                <Coords points="2593,2135 2747,2155 2830,2130 3118,2130 3188,2160 3246,2141 3246,2049 3132,2107 2984,2079 2830,2105 2593,2099"/>
                <Baseline points="2608,2130 2640,2131 2672,2133 2704,2131 2737,2130 2769,2130 2801,2128 2833,2128 2866,2128 2898,2128 2930,2130 2962,2129 2995,2128 3027,2128 3059,2129 3091,2129 3124,2128 3156,2128 3188,2128 3220,2126 3253,2119"/>
                <TextEquiv>
                    <Unicode>auf unsere Vernichtung. Auf</Unicode>
                </TextEquiv>
            </TextLine>
            <TextLine id="tr_1_tl_49" custom="readingOrder {index:48;}">
                <Coords points="1446,2186 2560,2183 2520,2135 1446,2138"/>
                <Baseline points="1462,2178 1517,2178 1572,2175 1627,2175 1682,2175 1737,2173 1792,2172 1847,2172 1902,2172 1957,2172 2012,2172 2067,2172 2122,2172 2177,2172 2232,2172 2287,2172 2342,2172 2397,2172 2452,2174 2507,2175 2563,2175"/>
                <TextEquiv>
                    <Unicode>zu schmücken, daß unser Kaiser nicht so viel redet wie der</Unicode>
                </TextEquiv>
            </TextLine>
            <TextLine id="tr_1_tl_50" custom="readingOrder {index:49;}">
                <Coords points="304,2186 1418,2194 1418,2141 1298,2130 304,2135"/>
                <Baseline points="319,2169 374,2172 429,2172 484,2172 539,2172 595,2172 650,2172 705,2174 760,2172 815,2172 871,2175 926,2175 981,2175 1036,2175 1091,2175 1147,2175 1202,2175 1257,2175 1312,2178 1367,2178 1423,2175"/>
                <TextEquiv>
                    <Unicode>Amtes benützt, um einzelne Sozialdemokraten und Deutsch¬</Unicode>
                </TextEquiv>
            </TextLine>
            <TextLine id="tr_1_tl_51" custom="readingOrder {index:50;}">
                <Coords points="2596,2194 2819,2180 2875,2205 2962,2183 3037,2208 3093,2183 3252,2188 3235,2138 3188,2158 3115,2130 2828,2130 2744,2155 2596,2141"/>
                <Baseline points="2611,2178 2643,2178 2675,2178 2708,2178 2740,2178 2773,2178 2805,2178 2837,2176 2870,2175 2902,2175 2935,2177 2967,2178 2999,2177 3032,2175 3064,2177 3097,2177 3129,2175 3161,2177 3194,2176 3226,2174 3259,2172"/>
                <TextEquiv>
                    <Unicode>uns als Feind gegenüber, un</Unicode>
                </TextEquiv>
            </TextLine>
            <TextLine id="tr_1_tl_52" custom="readingOrder {index:51;}">
                <Coords points="1457,2233 2562,2247 2562,2188 2493,2174 1457,2188"/>
                <Baseline points="1471,2223 1525,2223 1580,2223 1635,2223 1690,2220 1745,2220 1800,2220 1855,2220 1910,2220 1965,2220 2020,2220 2074,2220 2129,2220 2184,2220 2239,2220 2294,2220 2349,2220 2404,2223 2459,2223 2514,2223 2569,2223"/>
                <TextEquiv>
                    <Unicode>deutsche: „Aber man muß halt zufrieden sein mit dem, was</Unicode>
                </TextEquiv>
            </TextLine>
            <TextLine id="tr_1_tl_53" custom="readingOrder {index:52;}">
                <Coords points="307,2233 1415,2236 1415,2194 1183,2177 307,2188"/>
                <Baseline points="322,2220 377,2220 432,2220 487,2220 542,2220 597,2220 652,2220 707,2222 762,2223 817,2223 872,2221 927,2223 982,2223 1037,2223 1092,2223 1147,2223 1202,2223 1257,2223 1312,2223 1367,2223 1423,2226"/>
                <TextEquiv>
                    <Unicode>nationale wirtschaftlich zu schädigen! Damals hat er, vor dem</Unicode>
                </TextEquiv>
            </TextLine>
            <TextLine id="tr_1_tl_54" custom="readingOrder {index:53;}">
                <Coords points="2593,2241 3246,2227 3246,2188 3190,2174 3162,2197 3073,2183 3042,2205 2914,2186 2869,2208 2830,2180 2593,2188"/>
                <Baseline points="2608,2223 2640,2226 2672,2226 2704,2224 2736,2225 2768,2225 2800,2223 2832,2225 2864,2225 2896,2223 2929,2223 2961,2223 2993,2223 3025,2223 3057,2223 3089,2223 3121,2223 3153,2223 3185,2223 3217,2221 3250,2217"/>
                <TextEquiv>
                    <Unicode>rechen auf, wenn wir der</Unicode>
                </TextEquiv>
            </TextLine>
            <TextLine id="tr_1_tl_55" custom="readingOrder {index:54;}">
                <Coords points="1449,2292 1477,2292 1485,2300 1491,2294 1502,2306 1546,2283 1563,2292 1583,2278 1616,2280 1616,2230 1602,2230 1594,2239 1588,2233 1555,2236 1546,2244 1516,2236 1499,2241 1485,2233 1449,2236"/>
                <Baseline points="1465,2268 1491,2270 1517,2271 1544,2271 1570,2270 1596,2268 1623,2268"/>
                <TextEquiv>
                    <Unicode>man hat.</Unicode>
                </TextEquiv>
            </TextLine>
            <TextLine id="tr_1_tl_56" custom="readingOrder {index:55;}">
                <Coords points="301,2289 1415,2280 1415,2233 1345,2227 301,2230"/>
                <Baseline points="316,2268 371,2270 426,2268 481,2270 536,2268 592,2270 647,2268 702,2270 757,2268 812,2268 868,2268 923,2268 978,2270 1033,2271 1088,2271 1144,2271 1199,2271 1254,2271 1309,2271 1364,2271 1420,2271"/>
                <TextEquiv>
                    <Unicode>Ansturm der Arbeiter zitternd, die Sozialdemokraten Diebs¬</Unicode>
                </TextEquiv>
            </TextLine>
            <TextLine id="tr_1_tl_57" custom="readingOrder {index:56;}">
                <Coords points="2593,2283 3260,2289 3260,2225 2593,2241"/>
                <Baseline points="2608,2274 2641,2274 2674,2276 2707,2276 2740,2274 2773,2274 2806,2274 2839,2273 2872,2271 2905,2271 2938,2271 2971,2271 3004,2271 3037,2271 3070,2271 3103,2271 3136,2271 3169,2271 3202,2271 3235,2270 3268,2268"/>
                <TextEquiv>
                    <Unicode>gedenken. Aber brauchen die Wie</Unicode>
                </TextEquiv>
            </TextLine>
            <TextLine id="tr_1_tl_58" custom="readingOrder {index:57;}">
                <Coords points="1566,2333 2554,2328 2554,2272 2322,2280 2280,2247 2227,2283 1934,2253 1566,2278"/>
                <Baseline points="1581,2321 1632,2318 1684,2316 1735,2316 1787,2316 1838,2316 1890,2316 1941,2316 1993,2316 2044,2316 2096,2316 2147,2316 2199,2316 2250,2316 2302,2317 2353,2319 2405,2319 2456,2317 2508,2319 2560,2319"/>
                <TextEquiv>
                    <Unicode>In den letzten Jahren seines Lebens hat Lueger nach eine</Unicode>
                </TextEquiv>
            </TextLine>
            <TextLine id="tr_1_tl_59" custom="readingOrder {index:58;}">
                <Coords points="304,2336 1418,2331 1418,2289 1287,2269 304,2292"/>
                <Baseline points="319,2321 374,2318 429,2316 484,2316 539,2316 595,2316 650,2316 705,2316 760,2316 815,2316 871,2316 926,2316 981,2316 1036,2316 1091,2319 1147,2319 1202,2319 1257,2321 1312,2321 1367,2320 1423,2321"/>
                <TextEquiv>
                    <Unicode>gesindel, Buben, Mörder genannt. Das alles, als er sich schon</Unicode>
                </TextEquiv>
            </TextLine>
            <TextLine id="tr_1_tl_60" custom="readingOrder {index:59;}">
                <Coords points="2585,2331 2822,2342 2861,2322 2920,2345 2939,2325 3224,2325 3224,2278 3176,2269 3031,2297 2788,2272 2585,2292"/>
                <Baseline points="2599,2321 2630,2321 2662,2322 2693,2324 2725,2322 2757,2321 2788,2321 2820,2319 2852,2320 2883,2321 2915,2321 2947,2320 2978,2320 3010,2321 3042,2319 3073,2319 3105,2319 3137,2319 3168,2317 3200,2315 3232,2313"/>
                <TextEquiv>
                    <Unicode>ihm deshalb gram zu sein?</Unicode>
                </TextEquiv>
            </TextLine>
            <TextLine id="tr_1_tl_61" custom="readingOrder {index:60;}">
                <Coords points="1446,2375 2560,2375 2560,2336 2501,2328 1446,2322"/>
                <Baseline points="1462,2366 1517,2366 1572,2365 1627,2363 1682,2363 1738,2363 1793,2363 1848,2363 1903,2363 1958,2363 2014,2363 2069,2363 2124,2365 2179,2363 2234,2363 2290,2363 2345,2365 2400,2366 2455,2367 2510,2368 2566,2366"/>
                <TextEquiv>
                    <Unicode>versöhnenden Unparteilichkeit wirklich gestrebt. Daß er zum</Unicode>
                </TextEquiv>
            </TextLine>
            <TextLine id="tr_1_tl_62" custom="readingOrder {index:61;}">
                <Coords points="301,2378 1415,2381 1415,2333 1329,2325 301,2333"/>
                <Baseline points="316,2366 371,2366 426,2366 481,2364 536,2363 592,2364 647,2365 702,2363 757,2363 812,2366 868,2366 923,2366 978,2366 1033,2366 1088,2366 1144,2366 1199,2366 1254,2366 1309,2366 1364,2366 1420,2366"/>
                <TextEquiv>
                    <Unicode>auf dem errungenen Bürgermeistersitz ausruhen konnte, als der</Unicode>
                </TextEquiv>
            </TextLine>
            <TextLine id="tr_1_tl_63" custom="readingOrder {index:62;}">
                <Coords points="2587,2381 3271,2373 3271,2292 3115,2347 3076,2322 2587,2328"/>
                <Baseline points="2602,2369 2635,2369 2669,2369 2703,2369 2737,2369 2770,2367 2804,2366 2838,2366 2872,2366 2905,2366 2939,2366 2973,2366 3007,2366 3040,2366 3074,2366 3108,2366 3142,2366 3175,2366 3209,2366 3243,2365 3277,2360"/>
                <TextEquiv>
                    <Unicode>Nutzen für uns, daß wir den stär</Unicode>
                </TextEquiv>
            </TextLine>
            <TextLine id="tr_1_tl_64" custom="readingOrder {index:63;}">
                <Coords points="1446,2423 2560,2420 2560,2384 2417,2370 1446,2375"/>
                <Baseline points="1462,2411 1517,2413 1572,2411 1627,2411 1682,2411 1737,2411 1792,2411 1847,2409 1902,2410 1957,2414 2012,2411 2067,2411 2122,2411 2177,2411 2232,2411 2287,2411 2342,2411 2397,2411 2452,2414 2507,2413 2563,2414"/>
                <TextEquiv>
                    <Unicode>Beispiel der Witwe unseres „Habakuk“, dessen treuer Leser er</Unicode>
                </TextEquiv>
            </TextLine>
            <TextLine id="tr_1_tl_65" custom="readingOrder {index:64;}">
                <Coords points="304,2423 1418,2437 1398,2375 304,2375"/>
                <Baseline points="319,2414 374,2414 429,2414 485,2412 540,2411 595,2411 651,2412 706,2412 761,2411 817,2412 872,2414 927,2414 983,2414 1038,2414 1093,2414 1149,2414 1204,2414 1259,2414 1315,2413 1370,2412 1426,2414"/>
                <TextEquiv>
                    <Unicode>hitzigste Durst nach Macht eigentlich schon gelöscht war - in</Unicode>
                </TextEquiv>
            </TextLine>
            <TextLine id="tr_1_tl_66" custom="readingOrder {index:65;}">
                <Coords points="2590,2434 3263,2426 3263,2370 3006,2384 2934,2364 2886,2395 2819,2364 2763,2387 2744,2367 2590,2381"/>
                <Baseline points="2605,2420 2638,2417 2671,2417 2704,2417 2738,2417 2771,2417 2804,2415 2838,2414 2871,2414 2904,2414 2938,2414 2971,2414 3004,2414 3037,2412 3071,2411 3104,2412 3137,2414 3171,2412 3204,2411 3237,2412 3271,2414"/>
                <TextEquiv>
                    <Unicode>zeitig fanden, daß wir in diese</Unicode>
                </TextEquiv>
            </TextLine>
            <TextLine id="tr_1_tl_67" custom="readingOrder {index:66;}">
                <Coords points="1449,2473 3274,2467 3274,2420 3101,2412 1449,2431"/>
                <Baseline points="1465,2465 1555,2459 1646,2459 1736,2459 1827,2456 1918,2456 2008,2456 2099,2456 2189,2458 2280,2459 2371,2461 2461,2462 2552,2462 2642,2465 2733,2465 2824,2462 2914,2462 3005,2459 3095,2459 3186,2459 3277,2462"/>
                <TextEquiv>
                    <Unicode>gewesen ist, in so warmen Worten kondolierte, war eine Ringen unsere Kraft stählen konnt</Unicode>
                </TextEquiv>
            </TextLine>
            <TextLine id="tr_1_tl_68" custom="readingOrder {index:67;}">
                <Coords points="310,2487 352,2470 382,2495 455,2470 614,2473 642,2490 673,2470 776,2473 776,2426 726,2420 310,2423"/>
                <Baseline points="325,2459 350,2461 376,2462 401,2462 427,2462 452,2462 478,2462 503,2462 529,2460 554,2459 580,2461 605,2461 631,2459 656,2459 682,2459 707,2461 733,2462 758,2462 784,2462"/>
                <TextEquiv>
                    <Unicode>seiner gemütlichsten Epoche</Unicode>
                </TextEquiv>
            </TextLine>
            <TextLine id="tr_1_tl_69" custom="readingOrder {index:68;}">
                <Coords points="1446,2520 2554,2523 2554,2473 2381,2459 1446,2476"/>
                <Baseline points="1462,2507 1516,2507 1571,2507 1626,2507 1681,2504 1736,2507 1791,2507 1846,2505 1901,2504 1956,2507 2011,2506 2065,2504 2120,2506 2175,2507 2230,2507 2285,2507 2340,2507 2395,2510 2450,2510 2505,2510 2560,2507"/>
                <TextEquiv>
                    <Unicode>liebenswürdige Regung. Auch im Gemeinderat hat sich Lueger</Unicode>
                </TextEquiv>
            </TextLine>
            <TextLine id="tr_1_tl_70" custom="readingOrder {index:69;}">
                <Coords points="413,2526 1415,2523 1415,2476 1228,2448 1153,2476 413,2476"/>
                <Baseline points="429,2507 478,2510 528,2507 578,2507 627,2507 677,2507 727,2509 776,2510 826,2507 876,2507 926,2510 975,2507 1025,2508 1075,2510 1124,2510 1174,2510 1224,2510 1273,2510 1323,2510 1373,2510 1423,2507"/>
                <TextEquiv>
                    <Unicode>Was hat er nicht alles hinter seiner Gemütlichkeit ver¬</Unicode>
                </TextEquiv>
            </TextLine>
            <TextLine id="tr_1_tl_71" custom="readingOrder {index:70;}">
                <Coords points="2587,2529 3271,2523 3271,2465 2587,2473"/>
                <Baseline points="2602,2513 2635,2513 2669,2513 2703,2512 2737,2510 2770,2510 2804,2510 2838,2510 2872,2510 2905,2508 2939,2507 2973,2507 3007,2507 3040,2507 3074,2508 3108,2509 3142,2507 3175,2507 3209,2507 3243,2507 3277,2507"/>
                <TextEquiv>
                    <Unicode>haftigkeit unserer Bewegung an kei¬</Unicode>
                </TextEquiv>
            </TextLine>
            <TextLine id="tr_1_tl_72" custom="readingOrder {index:71;}">
                <Coords points="1446,2562 3263,2562 3232,2515 1446,2520"/>
                <Baseline points="1462,2554 1552,2554 1642,2554 1733,2554 1823,2554 1914,2551 2004,2554 2095,2551 2185,2551 2276,2554 2366,2554 2456,2558 2547,2557 2637,2560 2728,2557 2818,2557 2909,2557 2999,2557 3090,2554 3180,2554 3271,2554"/>
                <TextEquiv>
                    <Unicode>niemals so objektiv benommen wie in der letzten Wirkungszeit, und bewiesen haben. Lueger ha</Unicode>
                </TextEquiv>
            </TextLine>
            <TextLine id="tr_1_tl_73" custom="readingOrder {index:72;}">
                <Coords points="301,2568 1415,2571 1415,2529 1354,2518 301,2518"/>
                <Baseline points="316,2557 371,2554 426,2554 482,2554 537,2554 592,2554 648,2554 703,2554 758,2557 814,2557 869,2556 924,2556 980,2557 1035,2557 1090,2556 1146,2556 1201,2557 1256,2557 1312,2559 1367,2557 1423,2557"/>
                <TextEquiv>
                    <Unicode>steckt! Vor allem einen schrecklich niedrigen Geschmack, einen</Unicode>
                </TextEquiv>
            </TextLine>
            <TextLine id="tr_1_tl_74" custom="readingOrder {index:73;}">
                <Coords points="3118,2604 3132,2607 3149,2627 3154,2624 3165,2627 3188,2615 3190,2618 3204,2618 3204,2568 3185,2568 3179,2562 3174,2565 3143,2562 3137,2568 3118,2562"/>
                <Baseline points="3133,2602 3159,2602 3185,2601 3211,2599"/>
                <TextEquiv>
                    <Unicode>der</Unicode>
                </TextEquiv>
            </TextLine>
            <TextLine id="tr_1_tl_75" custom="readingOrder {index:74;}">
                <Coords points="1451,2613 2554,2621 2554,2574 2490,2565 1451,2565"/>
                <Baseline points="1468,2602 1522,2602 1577,2602 1631,2602 1686,2602 1741,2602 1795,2599 1850,2599 1904,2599 1959,2599 2014,2599 2068,2599 2123,2601 2177,2599 2232,2602 2287,2602 2341,2602 2396,2602 2450,2605 2505,2605 2560,2605"/>
                <TextEquiv>
                    <Unicode>die ihm beschieden war. Es hat ihm sichtlich wohlgetan, daß er</Unicode>
                </TextEquiv>
            </TextLine>
            <TextLine id="tr_1_tl_76" custom="readingOrder {index:75;}">
                <Coords points="2694,2627 2724,2615 2772,2635 2864,2610 2889,2627 2950,2607 3026,2627 3062,2607 3082,2613 3082,2565 3023,2557 2992,2582 2973,2565 2931,2565 2911,2585 2869,2560 2828,2579 2694,2568"/>
                <Baseline points="2709,2605 2734,2605 2759,2605 2784,2605 2809,2604 2834,2603 2859,2603 2884,2605 2910,2604 2935,2602 2960,2602 2985,2602 3010,2602 3035,2602 3060,2602 3086,2605"/>
                <TextEquiv>
                    <Unicode>Nun ist er tot,</Unicode>
                </TextEquiv>
            </TextLine>
            <TextLine id="tr_1_tl_77" custom="readingOrder {index:76;}">
                <Coords points="307,2618 1415,2621 1415,2574 1315,2562 307,2571"/>
                <Baseline points="322,2602 377,2605 432,2605 487,2603 542,2602 597,2605 652,2603 707,2605 762,2605 817,2605 872,2605 927,2605 982,2605 1037,2605 1092,2605 1147,2605 1202,2605 1257,2605 1312,2605 1367,2609 1423,2611"/>
                <TextEquiv>
                    <Unicode>bei einem Akademiker ganz ungewöhnlichen Mangel an Bildung.</Unicode>
                </TextEquiv>
            </TextLine>
            <TextLine id="tr_1_tl_78" custom="readingOrder {index:77;}">
                <Coords points="1446,2660 2554,2666 2554,2618 2440,2610 1446,2613"/>
                <Baseline points="1462,2650 1516,2650 1571,2650 1626,2650 1681,2650 1736,2650 1791,2649 1846,2647 1901,2647 1956,2647 2011,2649 2065,2647 2120,2647 2175,2650 2230,2647 2285,2650 2340,2650 2395,2650 2450,2650 2505,2652 2560,2650"/>
                <TextEquiv>
                    <Unicode>durch seine anständige Haltung im Kampfe um die Wahlreform</Unicode>
                </TextEquiv>
            </TextLine>
            <TextLine id="tr_1_tl_79" custom="readingOrder {index:78;}">
                <Coords points="2590,2671 3031,2652 3065,2680 3238,2654 3241,2593 3165,2627 3123,2601 3034,2627 2975,2607 2886,2627 2861,2607 2772,2638 2685,2596 2590,2607"/>
                <Baseline points="2605,2659 2638,2658 2672,2656 2705,2656 2739,2656 2773,2655 2806,2652 2840,2650 2874,2650 2907,2649 2941,2648 2974,2650 3008,2650 3042,2650 3075,2650 3109,2650 3143,2648 3176,2647 3210,2647 3244,2647"/>
                <TextEquiv>
                    <Unicode>gewesen, und der Leib ist</Unicode>
                </TextEquiv>
            </TextLine>
            <TextLine id="tr_1_tl_80" custom="readingOrder {index:79;}">
                <Coords points="307,2666 1421,2666 1421,2621 1357,2615 307,2621"/>
                <Baseline points="322,2650 377,2651 432,2653 487,2651 542,2650 598,2650 653,2650 708,2650 763,2650 818,2653 874,2650 929,2652 984,2653 1039,2653 1094,2653 1150,2653 1205,2653 1260,2653 1315,2656 1370,2655 1426,2653"/>
                <TextEquiv>
                    <Unicode>So unermüdlich Lueger als Agitator, als Advokat, als Organi¬</Unicode>
                </TextEquiv>
            </TextLine>
            <TextLine id="tr_1_tl_81" custom="readingOrder {index:80;}">
                <Coords points="1446,2708 2554,2713 2554,2663 2347,2652 1446,2660"/>
                <Baseline points="1462,2698 1516,2698 1571,2698 1626,2698 1681,2698 1736,2695 1791,2695 1846,2695 1901,2695 1956,2695 2011,2696 2065,2698 2120,2696 2175,2695 2230,2698 2285,2695 2340,2697 2395,2698 2450,2698 2505,2698 2560,2698"/>
                <TextEquiv>
                    <Unicode>auch uns Sozialdemokraten sanfter gestimmt hatte. Die Friedens¬</Unicode>
                </TextEquiv>
            </TextLine>
            <TextLine id="tr_1_tl_82" custom="readingOrder {index:81;}">
                <Coords points="2582,2710 2663,2699 2811,2730 2861,2708 3040,2721 3076,2699 3243,2713 3246,2660 3227,2654 3059,2680 3026,2652 2981,2668 2928,2646 2769,2680 2585,2674"/>
                <Baseline points="2599,2698 2631,2698 2664,2699 2697,2700 2729,2698 2762,2698 2795,2698 2827,2698 2860,2698 2893,2698 2926,2698 2958,2698 2991,2698 3024,2698 3056,2698 3089,2698 3122,2698 3154,2698 3187,2698 3220,2698 3253,2698"/>
                <TextEquiv>
                    <Unicode>es von Lebenskraft, gesprüht</Unicode>
                </TextEquiv>
            </TextLine>
            <TextLine id="tr_1_tl_83" custom="readingOrder {index:82;}">
                <Coords points="307,2716 1421,2710 1393,2663 307,2657"/>
                <Baseline points="322,2704 377,2701 432,2701 487,2698 542,2698 598,2700 653,2699 708,2701 763,2699 818,2701 874,2701 929,2701 984,2701 1039,2701 1094,2701 1150,2701 1205,2704 1260,2701 1315,2701 1370,2701 1426,2701"/>
                <TextEquiv>
                    <Unicode>sator, als Verwaltungsmensch gewesen ist, so wenig Zeit ließ er</Unicode>
                </TextEquiv>
            </TextLine>
            <TextLine id="tr_1_tl_84" custom="readingOrder {index:83;}">
                <Coords points="1460,2761 2551,2758 2515,2708 1460,2710"/>
                <Baseline points="1474,2742 1528,2745 1582,2745 1636,2745 1690,2743 1744,2742 1798,2742 1853,2742 1907,2742 1961,2742 2015,2742 2069,2742 2123,2742 2177,2742 2232,2745 2286,2745 2340,2745 2394,2745 2448,2745 2502,2748 2557,2748"/>
                <TextEquiv>
                    <Unicode>stimmung eines Menschen, der Abschied nimmt, lag schon über ihm</Unicode>
                </TextEquiv>
            </TextLine>
            <TextLine id="tr_1_tl_85" custom="readingOrder {index:84;}">
                <Coords points="2590,2755 3249,2752 3249,2708 3188,2699 2970,2705 2936,2727 2911,2708 2590,2708"/>
                <Baseline points="2605,2748 2637,2748 2670,2748 2702,2748 2735,2747 2767,2745 2800,2743 2832,2744 2865,2745 2897,2745 2930,2745 2963,2745 2995,2744 3028,2742 3060,2744 3093,2745 3125,2745 3158,2745 3190,2743 3223,2743 3256,2745"/>
                <TextEquiv>
                    <Unicode>Menschen wird die Geschichte</Unicode>
                </TextEquiv>
            </TextLine>
            <TextLine id="tr_1_tl_86" custom="readingOrder {index:85;}">
                <Coords points="315,2763 1404,2763 1382,2705 315,2713"/>
                <Baseline points="331,2748 385,2749 439,2751 493,2749 547,2748 601,2748 655,2747 709,2745 763,2747 817,2748 871,2748 925,2748 979,2748 1033,2748 1087,2748 1141,2748 1195,2748 1249,2748 1303,2750 1357,2751 1411,2751"/>
                <TextEquiv>
                    <Unicode>sich für „zwecklose Beschäftigungen. Nie hat man von ihm gehört</Unicode>
                </TextEquiv>
            </TextLine>
            <TextLine id="tr_1_tl_87" custom="readingOrder {index:86;}">
                <Coords points="1446,2811 2554,2814 2554,2758 1446,2758"/>
                <Baseline points="1462,2793 1516,2793 1571,2793 1626,2793 1681,2793 1736,2790 1791,2790 1846,2790 1901,2790 1956,2790 2011,2790 2065,2790 2120,2790 2175,2790 2230,2790 2285,2791 2340,2793 2395,2793 2450,2793 2505,2796 2560,2796"/>
                <TextEquiv>
                    <Unicode>Kam ein sozialdemokratischer Gemeinderat ins Rathaus, um sich</Unicode>
                </TextEquiv>
            </TextLine>
            <TextLine id="tr_1_tl_88" custom="readingOrder {index:87;}">
                <Coords points="2587,2814 3269,2800 3269,2749 3249,2747 3109,2766 3037,2744 2587,2755"/>
                <Baseline points="2602,2796 2635,2794 2669,2794 2702,2795 2736,2793 2770,2793 2803,2793 2837,2793 2870,2793 2904,2793 2938,2793 2971,2793 3005,2793 3038,2793 3072,2793 3106,2793 3139,2793 3173,2793 3206,2792 3240,2791 3274,2793"/>
                <TextEquiv>
                    <Unicode>historische Entwicklung verläuft</Unicode>
                </TextEquiv>
            </TextLine>
            <TextLine id="tr_1_tl_89" custom="readingOrder {index:88;}">
                <Coords points="307,2814 1412,2811 1412,2758 307,2766"/>
                <Baseline points="322,2796 376,2796 431,2796 486,2796 541,2793 596,2796 651,2794 706,2794 761,2795 816,2796 871,2794 925,2795 980,2795 1035,2796 1090,2796 1145,2796 1200,2796 1255,2796 1310,2796 1365,2797 1420,2796"/>
                <TextEquiv>
                    <Unicode>nie hat man in einer seiner Reden wahrgenommen, daß</Unicode>
                </TextEquiv>
            </TextLine>
            <TextLine id="tr_1_tl_90" custom="readingOrder {index:89;}">
                <Coords points="2582,2853 3263,2844 3263,2800 3199,2794 3079,2822 2922,2797 2861,2819 2819,2791 2763,2814 2582,2814"/>
                <Baseline points="2596,2841 2629,2841 2663,2841 2697,2841 2731,2841 2764,2841 2798,2841 2832,2841 2866,2841 2899,2841 2933,2840 2967,2839 3001,2841 3034,2841 3068,2841 3102,2840 3136,2838 3169,2838 3203,2838 3237,2838 3271,2838"/>
                <TextEquiv>
                    <Unicode>wandelbaren Gesetzen, und ih</Unicode>
                </TextEquiv>
            </TextLine>
            <TextLine id="tr_1_tl_91" custom="readingOrder {index:90;}">
                <Coords points="310,2853 2554,2850 2554,2805 2490,2800 310,2805"/>
                <Baseline points="325,2844 436,2844 548,2841 659,2844 771,2841 883,2844 994,2847 1106,2844 1217,2844 1329,2844 1441,2842 1552,2841 1664,2841 1775,2838 1887,2838 1999,2838 2110,2838 2222,2838 2333,2841 2445,2841 2557,2838"/>
                <TextEquiv>
                    <Unicode>er seit seiner Studienzeit ein Buch gelesen hätte. Nie hat nach dem Befinden des Bürgermeisters zu erkundigen, so über¬</Unicode>
                </TextEquiv>
            </TextLine>
            <TextLine id="tr_1_tl_92" custom="readingOrder {index:91;}">
                <Coords points="1451,2900 2551,2900 2551,2853 2495,2850 1451,2850"/>
                <Baseline points="1468,2889 1522,2888 1576,2886 1631,2886 1685,2886 1740,2886 1794,2886 1849,2886 1903,2886 1958,2886 2012,2886 2066,2886 2121,2886 2175,2888 2230,2886 2284,2886 2339,2886 2393,2888 2448,2889 2502,2889 2557,2889"/>
                <TextEquiv>
                    <Unicode>fiel den kranken Mann immer eine unglaublich weiche und</Unicode>
                </TextEquiv>
            </TextLine>
            <TextLine id="tr_1_tl_93" custom="readingOrder {index:92;}">
                <Coords points="2593,2900 3274,2892 3274,2847 3188,2839 3151,2858 3095,2841 2593,2853"/>
                <Baseline points="2608,2892 2641,2892 2674,2892 2708,2891 2741,2889 2775,2889 2808,2889 2842,2888 2875,2886 2909,2888 2942,2889 2975,2889 3009,2889 3042,2889 3076,2887 3109,2886 3143,2886 3176,2886 3210,2886 3243,2887 3277,2889"/>
                <TextEquiv>
                    <Unicode>zuschreiben ist menschlicher Kraft</Unicode>
                </TextEquiv>
            </TextLine>
            <TextLine id="tr_1_tl_94" custom="readingOrder {index:93;}">
                <Coords points="307,2903 1412,2908 1412,2855 1270,2844 307,2858"/>
                <Baseline points="322,2892 376,2892 431,2892 486,2892 541,2892 596,2890 651,2891 706,2892 761,2889 816,2891 871,2892 925,2892 980,2891 1035,2890 1090,2892 1145,2892 1200,2889 1255,2890 1310,2892 1365,2892 1420,2889"/>
                <TextEquiv>
                    <Unicode>man ihn in einem ernsten Konzert, nie in einer Ausstellung</Unicode>
                </TextEquiv>
            </TextLine>
            <TextLine id="tr_1_tl_95" custom="readingOrder {index:94;}">
                <Coords points="1451,2953 3263,2953 3263,2911 3154,2886 1451,2900"/>
                <Baseline points="1468,2936 1558,2933 1648,2933 1738,2933 1828,2936 1918,2936 2008,2933 2098,2936 2188,2933 2278,2936 2368,2933 2458,2936 2548,2937 2638,2939 2728,2936 2818,2936 2908,2933 2998,2933 3088,2933 3178,2933 3268,2930"/>
                <TextEquiv>
                    <Unicode>dankbare Stimmung. Jetzt, wo's zu spät war, hätte er vielleicht dennoch behauptet sich im Fluß</Unicode>
                </TextEquiv>
            </TextLine>
            <TextLine id="tr_1_tl_96" custom="readingOrder {index:95;}">
                <Coords points="310,2956 1412,2953 1379,2900 310,2906"/>
                <Baseline points="325,2942 379,2939 434,2939 489,2939 544,2939 598,2939 653,2939 708,2939 763,2939 817,2939 872,2939 927,2942 982,2939 1036,2939 1091,2937 1146,2936 1201,2939 1255,2937 1310,2939 1365,2939 1420,2936"/>
                <TextEquiv>
                    <Unicode>(außer am Eröffnungstag im Frack) gesehen. Das alles war ihm</Unicode>
                </TextEquiv>
            </TextLine>
            <TextLine id="tr_1_tl_97" custom="readingOrder {index:96;}">
                <Coords points="1449,3001 2557,2998 2557,2953 2440,2942 1449,2948"/>
                <Baseline points="1465,2981 1519,2981 1574,2981 1629,2981 1684,2981 1739,2981 1794,2981 1849,2979 1904,2980 1959,2981 2014,2981 2068,2980 2123,2978 2178,2981 2233,2981 2288,2981 2343,2979 2398,2981 2453,2984 2508,2984 2563,2984"/>
                <TextEquiv>
                    <Unicode>wieder ganz von vorn anfangen wollen. Oft hat er sich ein</Unicode>
                </TextEquiv>
            </TextLine>
            <TextLine id="tr_1_tl_98" custom="readingOrder {index:97;}">
                <Coords points="2587,2992 2995,3001 3137,2981 3232,3012 3232,2948 2587,2945"/>
                <Baseline points="2602,2984 2633,2984 2665,2984 2697,2984 2729,2984 2761,2984 2792,2984 2824,2984 2856,2983 2888,2981 2920,2981 2951,2983 2983,2983 3015,2981 3047,2981 3079,2981 3110,2981 3142,2981 3174,2981 3206,2981 3238,2981"/>
                <TextEquiv>
                    <Unicode>volle Persönlichkeit, und was</Unicode>
                </TextEquiv>
            </TextLine>
            <TextLine id="tr_1_tl_99" custom="readingOrder {index:98;}">
                <Coords points="301,3001 1410,2998 1410,2953 1348,2945 301,2956"/>
                <Baseline points="316,2990 371,2990 426,2987 481,2987 536,2989 591,2985 646,2984 701,2987 756,2984 811,2984 866,2986 921,2984 976,2984 1031,2985 1086,2985 1141,2984 1196,2984 1251,2985 1306,2987 1361,2985 1417,2984"/>
                <TextEquiv>
                    <Unicode>zeitlebens zu sad". Die Stadt Wien veranstaltete eine Schiller¬</Unicode>
                </TextEquiv>
            </TextLine>
            <TextLine id="tr_1_tl_100" custom="readingOrder {index:99;}">
                <Coords points="1457,3042 2557,3040 2557,2998 2367,2978 1457,2998"/>
                <Baseline points="1471,3035 1525,3029 1580,3029 1634,3029 1689,3029 1744,3027 1798,3031 1853,3029 1907,3026 1962,3026 2017,3026 2071,3026 2126,3027 2180,3029 2235,3029 2290,3029 2344,3029 2399,3029 2453,3029 2508,3029 2563,3032"/>
                <TextEquiv>
                    <Unicode>„Kind des Volkes" genannt und den protzigen Dünkel der</Unicode>
                </TextEquiv>
            </TextLine>
            <TextLine id="tr_1_tl_101" custom="readingOrder {index:100;}">
                <Coords points="2587,3042 3213,3042 3213,2998 3126,2984 2587,2998"/>
                <Baseline points="2602,3032 2632,3032 2663,3032 2694,3032 2725,3032 2755,3032 2786,3032 2817,3030 2848,3029 2878,3029 2909,3029 2940,3029 2971,3029 3001,3029 3032,3029 3063,3028 3094,3026 3124,3028 3155,3030 3186,3032 3217,3032"/>
                <TextEquiv>
                    <Unicode>persönliche Tatkraft vermögen,</Unicode>
                </TextEquiv>
            </TextLine>
            <TextLine id="tr_1_tl_102" custom="readingOrder {index:101;}">
                <Coords points="304,3054 1412,3045 1412,2995 304,3003"/>
                <Baseline points="319,3041 374,3038 429,3035 484,3032 539,3033 594,3033 649,3034 704,3035 759,3035 814,3034 869,3032 924,3032 979,3032 1034,3033 1089,3033 1144,3032 1199,3032 1254,3035 1309,3033 1364,3034 1420,3032"/>
                <TextEquiv>
                    <Unicode>Feier, ihr Bürgermeister konnte dabei kein Wort reden. Als ihn</Unicode>
                </TextEquiv>
            </TextLine>
            <TextLine id="tr_1_tl_103" custom="readingOrder {index:102;}">
                <Coords points="1449,3093 2551,3095 2551,3040 2490,3031 1449,3045"/>
                <Baseline points="1465,3077 1519,3077 1574,3077 1628,3077 1683,3077 1738,3074 1792,3074 1847,3074 1901,3074 1956,3074 2011,3074 2065,3074 2120,3076 2174,3074 2229,3077 2284,3075 2338,3077 2393,3077 2447,3077 2502,3080 2557,3080"/>
                <TextEquiv>
                    <Unicode>Emporgestiegenen hat er wirklich nie gekannt. Daß er nicht</Unicode>
                </TextEquiv>
            </TextLine>
            <TextLine id="tr_1_tl_104" custom="readingOrder {index:103;}">
                <Coords points="2590,3093 3232,3095 3232,3031 2822,3034 2797,3059 2766,3037 2590,3040"/>
                <Baseline points="2605,3080 2636,3079 2668,3079 2699,3077 2731,3077 2763,3077 2794,3077 2826,3077 2858,3077 2889,3077 2921,3077 2953,3077 2984,3077 3016,3077 3048,3077 3079,3077 3111,3077 3143,3077 3174,3077 3206,3076 3238,3074"/>
                <TextEquiv>
                    <Unicode>lauf des toten Bürgermeisters</Unicode>
                </TextEquiv>
            </TextLine>
            <TextLine id="tr_1_tl_105" custom="readingOrder {index:104;}">
                <Coords points="304,3095 1412,3101 1412,3048 1281,3037 304,3054"/>
                <Baseline points="319,3086 374,3086 429,3085 484,3083 539,3080 594,3080 649,3081 704,3083 759,3083 814,3083 869,3080 924,3080 979,3080 1034,3083 1089,3080 1144,3080 1199,3080 1254,3083 1309,3083 1364,3083 1420,3086"/>
                <TextEquiv>
                    <Unicode>ein Journalist einmal fragte, wie ihm die moderne Dichtung</Unicode>
                </TextEquiv>
            </TextLine>
            <TextLine id="tr_1_tl_106" custom="readingOrder {index:105;}">
                <Coords points="1446,3140 2560,3140 2560,3093 2481,3084 1446,3095"/>
                <Baseline points="1462,3124 1517,3124 1572,3124 1627,3124 1682,3124 1737,3121 1792,3121 1847,3121 1902,3121 1957,3121 2012,3121 2067,3121 2122,3121 2177,3121 2232,3121 2287,3122 2342,3122 2397,3124 2452,3124 2507,3124 2563,3127"/>
                <TextEquiv>
                    <Unicode>mitten im grimmen Streit mit dem Kern des Volkes scheiden</Unicode>
                </TextEquiv>
            </TextLine>
            <TextLine id="tr_1_tl_107" custom="readingOrder {index:106;}">
                <Coords points="2590,3135 2668,3151 2959,3126 3006,3143 3056,3123 3182,3140 3185,3093 3095,3082 3062,3101 3026,3082 2593,3090"/>
                <Baseline points="2605,3127 2634,3126 2663,3127 2692,3127 2722,3125 2751,3124 2780,3124 2809,3124 2839,3124 2868,3124 2897,3124 2926,3124 2956,3124 2985,3123 3014,3121 3043,3123 3073,3124 3102,3124 3131,3124 3160,3124 3190,3124"/>
                <TextEquiv>
                    <Unicode>wägenden Sinn. Als einer,</Unicode>
                </TextEquiv>
            </TextLine>
            <TextLine id="tr_1_tl_108" custom="readingOrder {index:107;}">
                <Coords points="307,3143 1415,3137 1376,3090 307,3093"/>
                <Baseline points="322,3136 377,3133 432,3133 487,3130 542,3129 597,3127 652,3129 707,3127 762,3129 817,3128 872,3128 927,3127 982,3127 1037,3128 1092,3128 1147,3127 1202,3127 1257,3130 1312,3130 1367,3128 1423,3130"/>
                <TextEquiv>
                    <Unicode>gefalle, erwiderte er ihm: „Lassen S' mich aus, mir gefallt der</Unicode>
                </TextEquiv>
            </TextLine>
            <TextLine id="tr_1_tl_109" custom="readingOrder {index:108;}">
                <Coords points="2587,3179 2959,3188 3012,3171 3031,3190 3098,3174 3140,3188 3179,3176 3182,3140 3042,3123 2992,3149 2948,3123 2875,3146 2814,3126 2668,3151 2590,3132"/>
                <Baseline points="2602,3172 2631,3172 2660,3172 2689,3172 2719,3172 2748,3172 2777,3172 2806,3171 2836,3169 2865,3171 2894,3171 2923,3169 2953,3171 2982,3171 3011,3169 3040,3171 3070,3172 3099,3172 3128,3170 3157,3168 3187,3166"/>
                <TextEquiv>
                    <Unicode>dieser Stadt tiefe Furchen</Unicode>
                </TextEquiv>
            </TextLine>
            <TextLine id="tr_1_tl_110" custom="readingOrder {index:109;}">
                <Coords points="1449,3188 2398,3179 2398,3137 2219,3123 1449,3140"/>
                <Baseline points="1465,3172 1512,3172 1559,3172 1606,3169 1653,3170 1700,3172 1747,3171 1794,3170 1841,3172 1888,3171 1935,3170 1982,3172 2029,3172 2076,3172 2123,3170 2170,3169 2217,3169 2264,3172 2311,3172 2358,3172 2405,3169"/>
                <TextEquiv>
                    <Unicode>mußte, das hat seine letzten Tage freundlich erhellt.</Unicode>
                </TextEquiv>
            </TextLine>
            <TextLine id="tr_1_tl_111" custom="readingOrder {index:110;}">
                <Coords points="307,3182 1412,3188 1412,3137 307,3151"/>
                <Baseline points="322,3178 376,3179 431,3178 486,3178 541,3178 596,3178 651,3180 706,3178 761,3177 816,3175 871,3175 925,3175 980,3175 1035,3175 1090,3175 1145,3175 1200,3175 1255,3175 1310,3175 1365,3173 1420,3172"/>
                <TextEquiv>
                    <Unicode>Schnitzler net, mir gallt der Costa net!" Das war kein Witz, er</Unicode>
                </TextEquiv>
            </TextLine>
            <TextLine id="tr_1_tl_112" custom="readingOrder {index:111;}">
                <Coords points="2590,3255 2755,3235 2936,3260 3034,3235 3126,3257 3274,3232 3274,3182 3202,3165 3140,3188 3009,3168 2959,3188 2590,3179"/>
                <Baseline points="2605,3223 2638,3223 2672,3223 2706,3223 2740,3223 2773,3223 2807,3221 2841,3220 2875,3220 2908,3220 2942,3222 2976,3223 3010,3223 3043,3221 3077,3220 3111,3219 3145,3217 3178,3217 3212,3217 3246,3219 3280,3226"/>
                <TextEquiv>
                    <Unicode>haften bleiben im Gedächtnis der</Unicode>
                </TextEquiv>
            </TextLine>
            <TextLine id="tr_1_tl_113" custom="readingOrder {index:112;}">
                <Coords points="2409,3243 2423,3243 2431,3252 2440,3249 2451,3260 2459,3255 2470,3257 2493,3238 2498,3243 2534,3243 2532,3188 2495,3190 2479,3179 2470,3182 2462,3176 2451,3185 2406,3182"/>
                <Baseline points="2423,3220 2452,3222 2482,3223 2512,3223 2542,3223"/>
                <TextEquiv>
                    <Unicode>st. gr.</Unicode>
                </TextEquiv>
            </TextLine>
            <TextLine id="tr_1_tl_114" custom="readingOrder {index:113;}">
                <Coords points="299,3255 1432,3246 1432,3190 1373,3179 299,3176"/>
                <Baseline points="313,3229 369,3226 425,3229 481,3227 538,3226 594,3226 650,3223 706,3223 763,3223 819,3223 875,3223 931,3223 988,3223 1044,3223 1100,3223 1156,3223 1213,3223 1269,3223 1325,3223 1381,3223 1438,3226"/>
                <TextEquiv>
                    <Unicode>at da keine Unterschiede machen können. Am besten hat er sich</Unicode>
                </TextEquiv>
            </TextLine>
            <TextEquiv>
                <Unicode></Unicode>
            </TextEquiv>
        </TextRegion>
    </Page>
</PcGts>
