3344 4352
125 3943 323 4062 sische
122 4065 456 4162 genwart.
481 319 2906 435 heißen: Das bedeutsamste Ereignis des Literaturjahres 1903 Wiener Raimund=Theater am 1. Dezember 1904 zum ersten
478 408 2915 475 auf 1904 war die Sammlung der ausgewählten Gedichte von Male aufgeführt und fand begeisterten Beifall. Trotzdem
1716 444 2909 511 zeigte keine einzige Bühne dafür Interesse, denn die Börsen¬
478 462 1692 514 Hugo von Hofmannsthal.“ — Dabei bringt dieselbe Nummer,
481 493 2912 560 deren Mitarbeiter zur guten Hälfte aus „Deutschen jüdischen blätter schwiegen es entweder tot, oder hatten ein abfälliges
487 535 2896 599 Glaubens“ bestehen, eine boshafte Notiz über den „Schiller Urteil bei der Hand. Dagegen schreibt die „Deutsche Zeitung“
1719 575 2918 639 „Alle diese Vorgänge hat Spitzner in klarster Fassung und
484 596 1683 648 Rummel“, in der auch versucht wird, das völkische und vater¬
484 624 2915 694 ländische Pathos des „Wilhelm Tell" zu verhöhnen. Daneben strengster Knappheit um die Grundidee gegliedert, um den
478 675 2918 736 werden dann noch Stephan Georges, Richard Schaukal, Hugo Kampf der zwei Elemente, Sitte und Verlangen, welche die
484 718 2918 776 Salus und ein Hans Müller (trotz seines schönen deutschen Renaissance bewegen. Keine hineingedichtete Psychologie, keine
1707 751 2909 815 Maskierung durch kulturhistorisches Beiwerk, kein Ueber¬
478 773 1689 821 Namens ebenfalls Semit) verherrlicht! Ist es da zu verwun¬
484 791 2915 864 dern, wenn man in Deutschland nur jene österreichischen schwang an Sentiment: so sind die Kräfte, welche in der heute
487 843 2915 910 Schriftsteller kennt, die von der Mode und der Reklame immer vielfach zitierten und fast ebenso oft mißverstandenen Re¬
484 879 2918 952 wieder durch die Börsenpresse und die Industrietheater ge= naissance am Werke waren, und das wollte Spitzner in seiner
1719 928 2924 986 Dramatisierung der Geschichte der Frau Tessa sagen. Sein
484 940 1692 995 schleppt werden, daß aber so gut wie nichts davon bekannt ist,
478 968 2915 1037 daß es daneben noch eine Reihe weit stärkerer und dabei echt Stück ist gesund, aufrichtig und getreu. Außerdem sind seine
1716 1007 2915 1074 Situation und Konflikte mit sicherem, bühnentechnischem
481 1028 1695 1089 deutscher Talente gibt, die sich langsam, aber sicher nach oben
481 1056 2927 1120 ringen? Wer kennt hier einen Kranewitter, Guido List, Geschick kombiniert und organisiert, so daß sich ein Eindruck
478 1107 2921 1168 Madera, Oelwein, Hörmann, Christl. Kolloden, Franz Klein, schon aus dem wirkungsvollen Arrangement des Gegenständ¬
484 1144 2921 1226 Spitzner usw.? Ja, kaum Stefan Milow, dieser formvoll= lichen ergibt. „Das Lächeln der Tessa" ist ein gut gebautes
1722 1202 1962 1263 Drama.
484 1202 1698 1266 endete und tief empfindende Lyriker, hat einige Beachtung
1792 1211 2930 1299 Auch der an der Schwelle des Greisenalters stehende be¬
484 1244 1698 1311 gefunden, und niemand in jubiläumsfreudigen Deutschland
1719 1284 2927 1351 gabte Dramatiker Franz Klein vermochte sich die Bühne nicht
478 1293 1686 1345 gedachte seines kürzlich im kleinen Kreise gefeierten 70. Ge¬
478 1327 2915 1393 burtstages. Aus der völkischen Bewegung, dem energischen zu erobern, ja selbst Ferdinand von Saar fand nicht die min¬
487 1369 2927 1430 Aufbäumen gegen die nationale Knochenerweichung durch deste Förderung, sondern hat sich die verhältnismäßig sehr
487 1418 2927 1476 Liberalismus und Ultramontanismus, gegen die schwarz=gelbe kühle Anerkennung seines Schaffens im Laufe der Jahre er¬
490 1457 2930 1515 Schlaffheit und die drohende Slavisierung, ist auch das jungezwungen, etwa so, wie sich ein im Staatsdienste stehender
490 1509 1695 1561 literarische Deutsch=Oesterreich hervorgegangen, dem nach¬
1719 1506 2933 1570 Subalternbeamter den Ratstitel zu ersitzen pflegt, mit dem
490 1549 1689 1603 stehende Betrachtungen gewidmet sein sollen. Von der Er¬
1716 1558 2245 1628 man ihn dann pensioniert.
484 1588 1692 1646 kenntnis geleitet, daß Einigkeit stark macht, schlossen sich alle
1804 1570 2963 1661 Ein herzerfrischendes, prächtiges Talent haben wir an¬
478 1634 1692 1689 diese aufstrebenden Talente mit den Schriftleitern der völki¬
1713 1649 2927 1698 Arthur Oelwein, von dem soeben bei Gerlach und Wiedling in
484 1673 1689 1740 schen und christlichen Presse zu der „Deutsch=österreichischer
1722 1695 2927 1749 Wien „Eisenhut und Pfauenfeder,“ Lieder und Aventuren
487 1722 1695 1777 Schriftsteller=Vereinigung“ zusammen, um ein Gegengewicht
1722 1731 2924 1792 eines fahrenden Ritters, erschienen ist. Das sind Gedichte, so
490 1765 1695 1822 zu schaffen gegen den Concordia=Klingel, diese gegenseitige
1728 1777 2921 1838 gemütstief und humorvoll, so gesund und kernig deutsch, daß
484 1807 1698 1868 literarische Versicherungs=Gesellschaft auf Unsterblichkeit. Zwar
1725 1816 2933 1880 sie wie ein Stahlbad auf den Leser wirken nach all der schwülen
493 1862 1695 1920 haben es die Dichter und Schriftsteller, welche der deutsch=öster¬
1719 1865 2942 1932 perversen Erotik, die jahraus, jahrein auf den deutschen
484 1899 1695 1956 reichischen Schriftsteller=Genossenschaft angehören, nicht not¬
1716 1914 2288 1990 Büchermarkt geworfen wird.
487 1935 1701 1999 wendig, ihren Weg mit Hilfe der Klique zu machen, wie die
1908 1959 2623 2035 Von Fehde, Krieg, Buhurt und Trost,
490 1984 1695 2038 Talmitalente von der Konkordia, allein das gegnerische Lager
1908 2017 2498 2093 von schöner Frauen Lippentrost,
493 2026 1698 2084 ist zu mächtig, als daß der einzelne dagegen ankämpfen
490 2072 1704 2127 könnte. Wolfgang Madera schildert in seinem Schauspiel
1905 2078 2474 2151 von holder Minne Freuden —
496 2115 1695 2172 „Helden der Feder“ zutreffend und packend die Wiener Presse¬
1725 2127 2939 2212 singt Oelwein in seinen Liedern. Welcher Deutsche kann ihm
493 2154 1701 2215 Theater= und Literaturverhältnisse, die Voreingenommenheit
493 2191 2933 2261 der Kritik und die lügenhafte Berichterstattung, wenn es gilt, nicht nachempfinden beim Schlusse des stimmungsvollen Ge¬
1719 2236 1871 2315 dichtes:
490 2242 1689 2303 den unliebsamen Neuling tot zu machen. Es ist außerordent
1956 2251 2617 2334 Träumend erblickt ich überm Grund
490 2288 1698 2346 lich bedauerlich unter diesen Verhältnissen, daß es nicht mög¬
1956 2321 2577 2382 Flut und Schlacht und Morden -
493 2334 1707 2391 lich war, das Kaiser-Jubiläums=Stadttheater als nationales
1950 2373 2580 2428 Und in die Römer hineingebraust
499 2373 1704 2434 Schauspielhaus zu erhalten. Die Schuld hieran trifft zunächst
1950 2413 2601 2477 die gute, deutsche bewehrte Faust,
493 2419 1707 2480 dessen ersten Direktor, Herrn Adam Müller=Guttenbrun, der
499 2458 1704 2522 schon vorher mit der Leitung des Raimund=Theaters einen
1950 2461 2531 2547 Wie ist das anders geworden!
490 2510 1704 2565 Mißerfolg erlitten hatte, dann aber auch gewisse Wiener Ver¬
496 2528 2425 2614 hältnisse, welche in der Eigenart der Wiener Bevölkerung be=Oder wenn uns der Dichter tröstet:
496 2589 1710 2659 gründet sind. Für das ernste Drama ist nämlich in Wien
1874 2580 2741 2668 Geduld, es kommt der Tag, an dem das Licht
496 2638 1710 2699 nach wie vor die große Ueberlieferung des alten Burgtheaters
1871 2653 2769 2726 der deutschen Volkskraft durch die Herzen bricht!
493 2683 1707 2738 maßgebend, und wenn auch die künstlerischen Darbietungen in
499 2723 1701 2787 dem neuen Prunkbau Semper-Hasenauers lange nicht mehr
1816 2720 2939 2793 Zudem ist Oelwein gleichzeitig ein hervorragender No¬
499 2769 1701 2833 auf der einstigen klassischen Höhe stehen, so geht der Wiener
1722 2775 2933 2830 vellist, wovon besonders die unter dem Titel „Starke er¬
499 2811 1698 2872 eben doch mit Vorliebe ins Burgtheater, wenn er für seine
1731 2811 2936 2884 schienenen vier Erzählungen zeugen. Wenn einer von der be¬
499 2860 1701 2927 klassische Bildung etwas tun will oder das Bedürfnis nach
1725 2863 2939 2918 wußten Klingel z. B. eine Novelle fertig brächte, wie „Die
499 2903 1369 2963 einem literarischen Theaterabend empfindet.
1722 2909 2930 2982 Märtyrerin", der ganze Literatenklingel würde vor Ent¬
584 2930 1707 3009 Trotzdem sich leider auch in den Werken des jungen
1728 2957 2397 3027 husiasmus auf dem Kopfe stehen
496 2988 1704 3058 Deutsch=Oesterreich unverkennbar ein Stillstand in der Fort¬
1813 2979 2939 3067 Im Gegensatz zu Oelwein mit seiner starken, frischen
499 3039 1698 3100 entwicklung des deutschen Dramas zeigt, haben wir in letzten
1731 3046 2933 3106 Männlichkeit schweben über den meisten Gedichten von Franz
505 3088 1698 3149 Zeit doch einige recht bedeutende Neuerscheinungen zu ver¬
1728 3094 2942 3149 Christel eine leise Wehmut, eine trübe Resignation, was den
505 3128 1704 3176 zeichnen, die es wohl verdienten, daß sich die reichsdeutsche
1728 3137 2933 3198 Dichter als echten Oesterreicher kennzeichnet. Oft erzielt er
502 3170 1704 3231 Bühne ihrer annähme. Vor allem Wolfgang Maderas fünf¬
1728 3176 2942 3240 eine geradezu ergreifende Wirkung durch plötzlichen Uebergang
505 3213 1698 3280 aktige Tragödie „Ahasver“, in welcher das Problem des ewi¬
1725 3222 2933 3283 von sonniger Heiterkeit zu müder, schmerzlicher Entsagung.
508 3262 1710 3322 gen Juden so tief und erschöpfend behandelt wird, wie dies
1734 3271 2933 3322 Dazu ist er ein Meister der Sprache, und Gedichte wie „Ein¬
505 3295 1704 3359 vor ihm wohl noch keinem Dichter gelungen ist, der diesen
1734 3313 2948 3371 same Lust", „O scheide nicht!“ „Arme Liebe, atmen einen
499 3344 1701 3398 beliebten, aber überaus spröden Stoff aufgegriffen hat. Ge¬
1734 3362 2948 3414 Stimmungszauber, der einem schönen Spätsommertag zu ver¬
505 3389 1704 3447 danklich baut sich die Dichtung Maderas auf Schopenhauers
1731 3405 2936 3468 gleichen ist, an dem uns die erste Herbstahnung bange durch¬
508 3435 1707 3490 Philosophie auf, und Ahasver erscheint als der Typus der
1731 3453 1883 3517 fröstelt.
505 3471 1704 3538 Menschheit aufgefaßt, welche, „inbrünstig nach Erlösung lech¬
1807 3462 2942 3557 Wenn ich nun noch Leopold Hörmann erwähne, den be¬
502 3523 1707 3584 zend“, die Lebensbejahung verflucht und doch in ihr das Heil
508 3557 2945 3624 sucht! Als Jesus unter der schweren Last des Kreuzes den deutendsten zeitgenössischen Dialektdichter in süddeutscher
1740 3581 2945 3648 Mundart, dessen prächtiger Humor und echtes deutsch-völkisches
502 3599 1704 3672 letzten Leidensweg nach Golgatha hinaufkeucht, da muß er
1725 3636 2945 3697 Empfinden aus jeder Zeile seiner Gedichte spricht, und dann
502 3648 1701 3712 am Hause Ahasvers vorbei. Dieser sitzt eben vor seinen
1728 3675 2936 3748 den Lyriker Franz Karl Ginzkey, der kürzlich einen Gedichtband
505 3691 1707 3751 Heim auf der Schwelle und traumt von den Wonnen der
502 3721 2939 3806 Brautnacht mit dem ihm am Tage vorher angetrauten heiß „Das heimliche Lauten“ herausgegeben hat, den Romanschrift¬
1731 3770 2936 3827 steller Josef Puhm, so glaube ich in großen Umrissen jene neu
502 3776 1707 3846 geliebten Weibe, als sich der Heiland blutüberströmt mit der
1734 3803 2948 3861 aufstrebende verheißungsvolle Wiener Literatur geschildert zu
514 3827 1713 3891 flehenden Bitte an ihn wendet: „O rasten — dort — nur
1731 3855 2939 3904 haben, die sich sicher auch in Deutschland früher oder später die
502 3864 1713 3928 einen Augenblick.“ Aber Ahasper, ein „mitleidloser Sklave
1737 3885 2936 3949 ihr gebührende Beachtung ertrotzen wird. Der Jung=Tiroler
502 3910 1701 3974 des Genusses", weist den Kreuztrager mit harten Worten zu
1734 3931 2878 4010 ist in diesen Blättern ja bereits rühmend gedacht worden.
502 3955 1710 4013 rück. Da zuckt ein Blitzstrahl hernieder, tötet das Weib Ahas¬
502 3995 1707 4056 vers, und von den Lippen des Nazareners ertönt der schauer¬
508 4043 1722 4123 liche Fluch, der den mitleidlosen Juden zum ewigen irdischen
511 4095 867 4171 Leben verdammt:
745 4113 1457 4214 Nie sei der Seele Frieden Dir gegönnt,
745 4186 1403 4238 die Ruhe nie, die Edle köstlich lohnt,
