3344 4352
1245 195 1725 276 b 44/10
206 188 1068 292 13 sans
904 477 1417 654 mondo
1472 560 2035 649 Kata¬
2107 482 2670 659 viennes
1042 706 1349 789 VIENNA, Marzo
1396 706 2767 774 portava dall'America in Europa as-sate del genere ne hanno suscitate
1399 761 2753 818 sième a qualche delusione, telegraf Weekind, Strindberg Schnitzle
729 763 1378 841 Forse perche dalle finestre di casa
1396 805 2769 867 probendo ai suoi attori di recitare Schnitzler, sopratutto con Regen
696 836 1370 883 mia vedo continuamente il bell'edifi¬
1401 836 2772 886 una commedia simile, l'indignazione devunque. Anni fa, nel vecchio te¬
698 875 1375 922 cio dell'Opera, ho finito col formar¬
1394 886 2772 927 della stampa rossa non conobbe litro nella Josefstadt, uno del primi
698 917 1373 964 mi la convinzione che in questo pae¬
1399 925 2772 964 miti e siccome Reinhardt dispone a drammi di Strindberg fu accolto gla¬
696 953 1373 1003 se la vita teatrale si sia accaparato
1401 961 2761 1008 Vienna di un teatro che è retto dal al primo atto con tal coro di fisch¬
693 995 1373 1045 l'interesse del pubblico, quasi al pun¬
1399 1003 2767 1050 mecentismo, 1 socialisti improvera-ce l'attore Jarno, avanzatosi alla
696 1037 1370 1081 to da farsene un monopolio. E ram¬
1396 1039 2769 1091 rono al mecenate d’aver costretto ribalta, grido eccitatissimo al pubbli¬
690 1081 2772 1123 mento che una volta Max Reinhardt directore del suo palcoscenico a sacri¬ Questa sera non caduto lo
2092 1115 2772 1175 autore, ma sono caduti tutti quelli
693 1118 2071 1167 me ne diede una plausibile spieganograd
693 1159 2767 1201 zione; mi fece rilevare che qui la Questo: il proprietario di un teatro che hanno fischlato... Nei teatri di
2089 1190 2767 1243 Vienna, si fischia di rado, pero ha
690 1196 2068 1245 miscela delle razze — tedeschiet peser sacrifice
2087 1232 2769 1289 legato di fisch pure il vero
690 1235 1368 1279 liani, slavi ed ebrei, unghereste fran¬
1396 1245 2066 1292 ono il diritto di exprimere desider
2094 1266 2761 1310 Burgtheater nel 1909, cioè a dire
683 1276 1521 1323 ces — ha creato un tipo d'individuo
693 1313 1368 1357 particolarmente sensibile a tutte le
1430 1287 2769 1355 Un alto questo stato sollevando ancora era palcoscenso dello
693 1349 2761 1399 forme d'arte. L'osservazione potrebbe dal sostituto maestro di ballo den Imperatore. Si dava una commodis
1401 1381 2769 1446 pera, signor Dubois, e da alcuni di quattro atti di Hans Müller e lo
688 1394 1375 1435 essere completata ragionando che
2094 1422 2761 1467 elegante pubblico, dopo di essersi di¬
696 1438 2074 1487 popoli di natura cosi mista van parti che all'ordine impartito
2094 1464 2761 1508 vertito a turbare i dialoghi sulla sce¬
683 1474 1370 1521 poi, dal lato politico, qualità netta-
1396 1480 2066 1524 dal directore del corpo di ballo, Sa¬
2094 1503 2761 1545 na con mordaci interruzioni, allor¬
688 1519 2068 1563 mente negative; ma siccome voglia¬
2089 1542 2764 1586 che l’autore venne alla ribalta a rin¬
680 1555 1360 1602 mo oggi parlare solo di arte enor¬
1394 1558 2068 1602 tutti i moment, hanno risposto che
2094 1579 2761 1623 graziare — in omaggio alla consue¬
696 1592 2061 1641 politica, lasciamo correre. Del re¬ prove momenti non vengo
2084 1618 2767 1665 tudine del luogo fische ur¬
683 1639 2061 1680 sto, la signora Jeritza si à cura dieseguit, ensi si accennano soltante
2089 1657 2767 1701 senza misericordia. Il dottor Paul
693 1675 2761 1738 dimostrare che pure le artiste liriche il questo suona: alle prove l'artista Schlenther, che da anni reggeva le
688 1717 2772 1795 s'intendono moltissimo di diplomata può limitari ad accennae, segnare, sorti dell'impériale palcoscenico, el
683 1751 2363 1818 e di politica, tanto vero che quando, come in gergo locale si dice, a rimise il posto,
683 1792 1563 1837 arriva una capitale d'Europa marcare?
2118 1797 2769 1855 Ma quasi stavo dimentscando le
683 1821 1357 1870 d'America e s'imbatte in un rappre¬
1428 1834 2769 1894 Un inchiesta indetta da un grande trovate spiritos del signori in platea
685 1868 2055 1928 sentante dell'Austria repubblicana quotidiano a apparire più autore
2087 1894 2767 1936 e nel loggione. Non sono salaci a
677 1909 2772 1972 che, non ricevendola con troppi ono te directori partisan de simiglianza di tante partite dalle
675 1956 2058 2003 ri, a suo giudizio mal rappresenta la principio che anche alle prove l'art
2089 1964 2764 2014 bocche di spettatori italiani, però se
688 1988 2058 2042 patria, lo richiama all'ordine in pub de recitar a su parte com¬
2084 2008 2761 2053 ne narrano di graziosissime. Eccone
688 2024 2761 2094 blico ed in private, comportandosi pletamente. Il prof. Beer, directore del una al Deutsches Volkstheaters
677 2068 2058 2120 alla stregua di un spectrice del Deutsches Volkstheater, ha osserva¬
2087 2081 2761 2131 dava una sera Giuseppina, lavoro na¬
675 2097 854 2157 Ballhaus.
1378 2110 2761 2180 che una prova incompleta non ha poleono di Hermann Bahr. Napo¬
714 2147 2053 2204 Signora Jeritza — scrisse un glor con la popolare attrice Hansi Nie¬
2084 2165 2761 2206 leone lo personificava Adolfo Weisse.
677 2175 1352 2227 nale poco rispettoso del capricci del¬
1386 2193 2764 2246 se dice che il segnare non è artistico, Quando il grande Corso entrava sulla
677 2222 2753 2282 la diva, — le salta forse in mente di costituisce una villania verso i colle¬ cena, un attore doveva dire : « Con¬
677 2266 1357 2313 fare l'ambasciatrice d'Austria, come
1388 2277 2761 2324 ghi e finisce col danneggiare lo stesso che Napoleone me l’ero imma¬
675 2300 2058 2363 la bella e celebre signora Kollontai so attore che segna, Farkas, il crea¬
2084 2321 2761 2363 ginato ben diversamente ». A queste
680 2342 1355 2389 fa l'ambasciatrice della Russie sovie¬
1381 2352 2753 2402 tore alla moda di lussuose e comiche parole qualcuno gridò dal loggione
672 2371 1352 2428 tica (con un lusso che levati)?...
1378 2381 2055 2454 riviste, dichiara che anche le rivist¬
2100 2394 2767 2464 Anche noi , e il successo d'ilarità
675 2415 2048 2483 La signora Jeritza si offese di questo soffrono del vizio di certe stelle
2081 2430 2339 2493 fu fantastico.
672 2459 2050 2516 irriverente attacco e dopo di aver non fare le prove con coscienza. Ego
2532 2477 2725 2558 Il face
677 2501 2055 2556 risposto dalle colonne di un altro Friedell, simpatico attore (nel qual
675 2545 2050 2605 giornale fece sapere che le era calata noi giornalisti contiamo pure un col¬
675 2576 2058 2639 la voce e che per il momento non lega di stile e cultura non comuni.
675 2623 2068 2670 avrebbe cantato. Grande il cordoglio esclude l’obbligo di recitare alle pro¬
672 2657 2055 2712 del viennes, i quali ardevano dal de gusto come allo spectacle sol¬
672 2691 1355 2740 siderio di rapplaudire (prezzi ecce¬
1386 2704 2053 2746 per como cuius de¬
675 2738 2014 2803 zionalle supplemento) la stellari dall'improvisazione personale. M
672 2774 2006 2850 tornata dall'America, dopo lunghi più grande comico viennese con¬
675 2806 985 2873 mesi di assenza.
1375 2824 2032 2873 poraneo, Hans Moser, il cui non
1378 2863 2058 2912 per molti cartelloni va diventando
974 2881 1058 2949 ...
1370 2905 2053 2946 avallo di una passosa serata, sen¬
1373 2936 2055 2988 tenia: non segno mal: lo recto
703 2936 1355 3022 lo dico, seguitando, che se qui non
1375 2975 2055 3030 la mia parte, comprese le principali
669 3001 2050 3071 ci fosse da occuparsi del mondo tea-rasi improvisate, dalla prima pro¬
672 3045 2058 3110 trale, el resterebbe come unica de d'insieme fino alla sera della rap¬
667 3087 1349 3136 zia la lettura della rubrica cono¬
1375 3095 2050 3149 presentatione. La recito a casa quan¬
669 3126 2055 3186 mica: mercato del lavoro pesante, do la leggo per la prima volta, la
667 3168 2058 3233 diminutione del numero delle Società recto entro cono, entre prendo
669 3204 2048 3267 anonime, aumento del concordati bagno, al caffe, in spirito, nel son¬
664 3246 2045 3308 preventivi, diminutione del numero no e perfilo se, glocando muy
669 3290 2042 3345 delle Banche, falliment et similia, sono morto e debo aspettare la pros¬
669 3321 1347 3371 E neppure tal rubrica, si disinteres¬
1373 3332 1646 3389 sima partita,
662 3368 1349 3418 sa delle vicende della vita artistica,
669 3405 1347 3454 giacche nelle sue colonne riscontra¬
1409 3413 2048 3493 Un questo la cui soluzione defini¬
669 3449 1339 3501 mo continue crisi di teatri: ne par¬
1370 3467 2053 3530 tiva mi sembra lontana è il seguente:
659 3483 1029 3548 lammo altra volta.
701 3519 2053 3571 Quando critici teatrali non hanno ha il pubblico il diritto d'improvi¬
1373 3564 2053 3605 sare anche lui e di turbare lo spe¬
662 3538 1339 3608 da esprimere a lettori giudiz su me-
667 3598 2048 3655 lodrammi, tragedie e commedie sgor-colo con frasi magar spiritsis¬
669 3639 1477 3686 gati da menti indigene o straniere, sim¬
1399 3652 2050 3725 La risposta è difficile, perche il
672 3678 1342 3725 loro cervelli si esercitano a rever¬
1368 3699 2045 3764 pubblico questo diritto se lo prende
667 3720 1339 3772 questi più o meno complicati, solle¬
1365 3764 2042 3814 Anche se verranno inacciate rigo¬
672 3759 1339 3811 vati dall'intemperanza di un attre
669 3793 2050 3845 dagli umor del pubblico o dalle ten rose puntzioni, et sarà sempre, in
669 3829 2048 3889 denze di un directore, Settimane or platea in galleria, il capo ameno
667 3868 1344 3934 sono tenemo d'essere alla villa
1368 3881 2048 3928 che si lasciera fuggire la frase dalla
669 3905 1342 3967 incident gravi come que de di¬
1370 3921 2048 3965 quale deriva popolarité, forse per una
669 3949 1336 3999 cembre del 21 de Julio del
1373 3960 2048 4014 era, forse per plu. Nella toria del
677 3983 1302 4043 de due fecho de di¬
1373 3993 2048 4043 tento vienne, scandali provocat
659 4014 1323 4079 de
1365 4030 2042 4098 de improvisation degli spectator
669 4056 1276 4116 comedia a enlever al
1368 4074 2058 4134 trovano parece, però non
669 4092 1339 4147 matrimoni si conclude
1417 4108 2058 4165 L'un monta a de an
667 4132 1175 4176 Nella commodis figura
