3344 4352
183 319 341 410 13.
1230 321 1711 408 box 44/10
378 323 1051 430 Miscellaneous
1293 956 1770 1043 Deutsches Volkstum.
842 1049 2322 1124 Sollten seit der letzten zu meiner Zeit noch erfolgten Satzungsänderung, von der
745 1106 2316 1161 § 10 nicht betroffen wurde, abermals eine Aenderung eingetreten sein, so ersuche ich um
739 1149 946 1206 Mitteilung.
846 1173 2322 1238 Ferner bitte ich um Zusendung des Verzeichnisses des derzeitigen Gesamtvorstandes
745 1234 2316 1281 einschl. Aufsichtsrats und samtlicher Verbandsmitglieder, da ich seit Kriegsbeginn irgend
745 1269 2322 1315 welche Mitteilungen hierüber nicht erhalten und etwaige Veröffentlichungen in der
745 1309 1774 1356 Presse mir infolge meines Militärdienstes entgangen sind.
834 1338 2316 1404 Gegen meinen Ausschluß erhebe ich Einspruch und lege hiermit zunächst Berufung
741 1380 2316 1435 bei der nächsten ordentlichen Mitgliederversammlung ein, die über meinen Ausschluß vor¬
741 1425 2316 1473 läufig zu entscheiden hat. Ich ersuche diese Versammlung nicht vor dem 15. Dezember
737 1467 2147 1512 anzuberaumen, da ich vorher aus dienstlichen Gründen nicht abkömmlich bin.
832 1498 2316 1551 Als seinerzeit zwei Vorstandsmitglieder nacheinander notorisch ehrenrührige Hand¬
737 1536 2316 1587 lungen begingen, wurden sie aus dem Verbande nicht ausgeschlossen. Ich soll nun aus¬
745 1587 2316 1636 geschlossen werden, weil ich bestimmte Ueberzeugungen in der Oeffentlichkeit vertrete. Ich
745 1622 2314 1674 werde der Generalversammlung den dokumentarischen Nachweis liefern, daß zu dieser
745 1662 2320 1707 meiner Ueberzeugung sich auch andere Verbandsgenossen, darunter mehrere Mitglieder
737 1699 2314 1756 des Gesamtvorstandes, unter diesen auch einer der beiden derzeitigen Vorsitzenden sich
737 1741 2322 1786 bekennen, ja daß ich von einem Mitgliede des Gesamtvorstandes zu der öffentlichen Ver¬
745 1778 1918 1835 fechtung meines Standpunktes telegraphisch beglückwünscht wurde.
1969 1819 2245 1912 gez. Dinter.
1175 1983 1873 2044 Verband Deutscher Bühnenschriftsteller.
1538 2034 2241 2111 Berlin W. 30, den 4. Dezember 1916.
1301 2086 1754 2168 Herrn Dr. Artur Dinter
1197 2151 1861 2214 Hauptmann d. R. im Inf.=Regt. 136
1589 2188 2241 2293 Straßburg (Elsaß), Voltairestraße 5.
911 2249 1277 2318 Sehr geehrter Herr!
830 2295 2310 2371 Ihrem Ersuchen gemäß haben wir die vor Eingang Ihres Briefes in der Vor¬
735 2354 2310 2413 standssitzung vom 13. November 1916 auf den 11. Dezember 1916 angesetzte Generalver¬
741 2399 1547 2458 sammlung auf den 15. Dezember 1916 verlegt.
836 2433 1861 2486 Die Mitteilung des Ortes und der Tagesordnung wird
1948 2421 2310 2492 en gemäß § 19 der
735 2458 2316 2521 Satzung zugehen und zwar zusammen mit einer Abschrift der Stellen Ihrer Schrift, welche
737 2519 2308 2574 zu dem Beschlusse des Vorstandes geführt haben. Die Satzung vom 28. April 1911 ist noch
733 2553 1672 2608 in Kraft. Die §§ 9,1 und 10,3 lauten noch immer
836 2586 2316 2643 § 9,1: Die Mitglieder sind verpflichtet, die Bestrebungen des Vereins zu unterstützen.
830 2636 2316 2679 § 10,3: Die Mitgliedschaft erlischt; durch Ausschluß, der erfolgen kann, wenn ein
733 2651 2314 2738 Mitglied den Vorschriften der Satzung zuwider handelt oder die Zwecke des Vereins
737 2707 913 2774 gefährdet.
974 2742 2060 2817 Der Vorstand des Verbandes Deutscher Bühnenschriftsteller
1102 2809 1484 2890 Gez. Dr. M. Meyer.
1595 2811 1954 2890 Dr. Ludwig Fulda.
1025 2933 2032 3012 Verband Deutscher Bühnenschriftsteller
731 2986 2306 3065 Abschrift der Stellen aus der Schrift des Herrn Dr. Dinter auf Grund deren der Vorstand
735 3050 2314 3101 der geschäftsführende Ausschuß und der Aufsichtsrat den Ausschluß des Herrn Dr. Dinter
1266 3085 1782 3142 einstimmig beschlossen haben.
816 3113 2312 3189 Seite 16. Die Schnitzler, Sternheim, Wedekind, Blumenthal, Kadelburg, Fulda,
731 3172 2308 3227 Rappaport, von dem ein Seitenzweig unter dem fulminanten Namen Gabriele d'Annunzio
737 3215 2304 3262 herrlich in Italien blüht, und wie diese Chaosdichter, die keinen Tropfen deutschen Blutes
737 3255 2302 3310 in ihren Adern haben, alle heißen mogen, sie und unsere, ihrer Sippe und ihrem Geist¬
735 3294 2310 3341 verfallenen Blutsgenossen, sie sind es, die im heutigen Weltkriege, den wir um Sein oder
735 3331 1849 3387 Nichtsein deutscher Eigenart führen, unsere Theater beherrschen!
816 3367 2304 3428 Seite 31. Die Körperschaft nun, die vor allen andern berufen wäre, die hohe Auf¬
729 3412 2310 3462 gabe zu lösen, ein umfassendes Theatergesetz in die Wege zu leixen, der Verband deutscher
737 3456 2312 3501 Bühnenschriftsteller, muß hier auch versagen, da in ihm die „maßgebenden Stückefabri¬
741 3493 2310 3546 kanten die große Mehrheit bilden und das große Wort führen. Sie sind natürlich eifrig
731 3532 2310 3578 darauf bedacht, daß das trübe Tantiemenwasser, in dem sie behaglich herumplätschern, nicht
739 3572 2302 3621 filtriert wird. Trotzdem an der Spitze dieses Verbandes ein deutschblütiger Mann steht
735 3611 2310 3657 von echtem unverfälschtem mecklenburgischen Schrot und Korn, der einen Ehrenplatz unter
735 3649 2310 3702 den wenigen heute lebenden Bühnenschriftstellern einnimmt, denen das seltene Prädikat
729 3686 2308 3765 Dichter gebührt. Unter den ihn umwimmelnden köstlichen Böcklingestalten der seiner Füh¬
