3296 4320
222 202 381 293 13.
1273 202 1756 293 box 44/10
423 199 1094 301 Miscellaneous
1548 1279 2668 1335 er Aristokrat aus Instinkt, Mitglied der höchsten Gesellschaft
1543 1324 2665 1372 aus Wahlverwandtschaft sei. Er beweist das — mit Worten,
679 1270 1262 1423 Feuilleton.
1554 1352 2662 1406 die er über sich selbst zu sagen weiß, mit Worten aus der
1540 1395 2662 1446 Liebhaberbibliothek „Jung=Wien“, mit sehr witzigen und sehr
1546 1438 2665 1486 pointierten Worten, und just so lange der schnelle Vorhang
1548 1483 2662 1534 sich in der Schwebe hält, so lange glaubt man ihm. Das ist
528 1426 1350 1566 Berliner Theater.
1534 1514 2583 1566 die Komödie „Der Graf“. Ist sie nicht reizend?
395 1554 1475 1622 (Lessing=Theater: „Vom andern Ufer". Drei Einakter von Felix
1608 1554 2665 1608 Der bereit gehaltene Polizeikommissar ist zum geladenen
844 1597 1026 1659 Salten.)
1543 1585 2662 1654 Revolver geworden: Wir stehen inmitten des Schauspiels
1048 1608 1475 1688 Berlin, 17. Oktober.
1546 1645 2659 1688 „Der Ernst des Lebens“. Der frühere Hauslehrer,
1543 1676 2662 1725 nunmehrige Geh. Medizinalrat, hat die Tochter des freiherr¬
426 1673 1494 1739 Jung=Wien hat vieles vor Berlin voraus. Schon daß man
1543 1713 2654 1767 lichen Hauses geheiratet und trifft eben bei seinem Schwager,
372 1710 1486 1776 das eine Mal das Wörtlein „jung" als selbstverständlich hin¬
1543 1753 2665 1804 dem jungen Baron ein, den Erkrankten zu untersuchen. Der
389 1767 1492 1818 schreibt, das andere Mal nicht die geringste Verwendung dafür
1543 1793 2662 1847 Medizinalrat ist sehr plebejisch, der Baron höchst aristokratisch.
378 1810 1497 1858 fände, scheint etwas wert zu sein. In Berlin läuft alles
1540 1833 2662 1887 Eine Szene über spielt man mit Weltanschauungsfragen rouge
378 1847 1492 1895 zwischen Maurermeisterfassaden die kreuz und quer; jeder
1546 1870 2665 1915 et noir. Dann wird die Untersuchung vorgenommen, und der
372 1887 1486 1932 blickt zu seinen eigenen Sternen auf. In Wien gibt es etwas
1537 1906 2665 1955 Medizinalrat erklärt dem Baron: hoffnungslos. Der schreit
364 1926 1489 1983 wie eine offizielle poetische Sternwarte; das große Fernrohr
1543 1943 2657 2012 in seinem Schmerze auf, der andere deklamiert kühl von
375 1966 1494 2012 ist ein für allemal auf gewisse Gestirne gerichtet. Eine An¬
1540 1983 2659 2034 „Haltung“, „Todesbereitschaft“, „Pflichtbewußtsein“. Da er¬
375 2006 1494 2057 zahl von Motiven scheint sich von selbst zu bieten und steht
1546 2026 2659 2068 greift der Baron den geladenen Revolver, damit der andere
378 2043 1494 2097 jedermann ohne irgendwelche seelischen Kosten zur Ver¬
1540 2063 2662 2108 ihn Todesbereitschaft lehre. Natürlich ist der Medizinalrat
381 2080 1492 2131 fügung: die Rokokoparks sind dauernd geöffnet; Herbststim¬
1540 2094 2659 2145 nicht todesbereit, natürlich offenbart er sein höchst plebejisches,
372 2128 1494 2171 mung ist das ganze Jahr über angebracht; die Antike scheint
1540 2139 2657 2193 armseliges Empfinden. Ist das geschehen, so fliegt der Revol¬
375 2162 1489 2208 handlich; die Renaissance lockt, zumal wo sie jenen Stich ins
1543 2176 2657 2250 ver unabgeschossen auf den Tisch. Ist das nicht span¬
375 2199 1489 2250 Uebermenschen= und Abenteurertum zeigt; der Abenteurer
1546 2210 1693 2264 nend
367 2242 1492 2287 bleibt interessant, auch in Gehrock; vor allen Dingen aber ge¬
1597 2230 2659 2304 Wir sind ein klein wenig eifersüchtig auf Schnitzler,
378 2279 1492 2324 fällt, hat man nur ein wenig Sentimentalität zu eigen, das
1543 2284 2654 2336 und das Motiv vom kleinen, fußen illegitimen Verhältnis war
378 2316 1494 2378 süße illegitime Verhältnis — ja, es ist kein Zweifel, daß
1540 2327 2659 2375 noch nicht daran. Die Komödie „Auferstehung steht
375 2361 1497 2404 Jung=Wien die Grisette entdeckt und literaturfähig gemacht
1540 2367 2654 2424 noch aus. Und wirklich ist das alte Motiv diesmal neu und
372 2398 1494 2446 hätte, wäre ihm Paris darin nicht höchst unberechtigter und
1546 2407 2654 2458 überraschend gewendet, und „nur die Aufführung blieb zu¬
381 2435 1492 2486 frivoler Weise um fünfzig Jahre zuvorgekommen. Mit einem
1537 2443 2657 2495 rück. Meinte man bisher, einem sehr geschickten Advokaten zu
372 2478 1492 2532 Worte: Berlin ist das Nichts oder das All (was immer auf
1543 2478 2654 2529 lauschen, so sitzt diesmal ein Professor, ein witziger Professor,
364 2515 1293 2574 dasselbe hinauslauft), Jung=Wien ist ein Begriff.
1537 2515 2657 2574 der aber an seinen Theorien hängt, auf dem Katheder. Doch
1537 2560 2657 2608 verschlägt das nicht viel. Solange sich der schmale Vorhang in
432 2563 1489 2620 Unter den Jung=Wienern hat sich Felix Salten, dessen
1548 2594 2657 2645 der Schwebe hält, amüsiert man sich. Der reiche Junggeselle
375 2600 1489 2651 Einakterzyklus „Vom andern Ufer“ nun auf der Bühne
1543 2640 2654 2685 (ich denke mir, es muß ihrer sehr viele in Wien geben) hat
375 2642 1494 2688 des Lessingtheaters gefiel, längst als ein Mann, der
1537 2668 2657 2719 dem Tod ins Angesicht gesehen, und in der Rührung seiner
375 2679 1486 2728 schreiben kann (in Berlin hätte niemand Wert darauf gelegt
1537 2713 2657 2762 eigenen Sterbestunde hat er sich trauen lassen. Mit wem?
367 2713 1494 2767 bekannt gegeben. Ein sehr gewandter Schriftsteller sogar.
1537 2742 2657 2799 Mit dem süßen kleinen Mädel, mit dem er vor Jahren ein
367 2765 1492 2810 Er hat, um ihn von anderen zu unterscheiden, mehr Witz als
1529 2782 2654 2847 Verhältnis hatte, nach dem er seit Jahren nichts gefragt, das
375 2799 1494 2850 Sentimentalität, mehr Geschick als Grazie, und beweist eine
1540 2830 2657 2881 aber ein Kind von ihm hat. Er starb aber nicht, sondern
367 2833 1492 2884 beinahe robuste Hand in der Art, wie er seine Motive — man
1537 2864 2654 2915 wurde wider Erwarten gesund. Fünf Figuren stehen nun¬
364 2870 901 2932 mißverstehe nicht das „seine
980 2875 1492 2935 anpackt, auspreßt und bei¬
1531 2898 2654 2952 mehr auf dem Schachbrett. Er selbst als König; das ange¬
375 2915 1489 2986 seite wirft. Er hat Theaterblut. Mit diesem wenigen ist
1537 2944 2659 2989 traute Verhältnis von früher als Königin; deren jetziger
369 2955 1378 3003 vieles, ist sogar alles über seine drei Einakter gesagt.
1537 2975 2654 3029 Schatz als Turm; sein eigenes letztes Verhältnis als Sprin¬
429 2992 1492 3043 Wir lasen Casanova... Hofmannsthal gab den
1540 3017 2654 3066 ger; ein Freund, der seine Erkrankung ausnützte, besagtes
367 3023 1494 3083 Abenteurer in Renaissancekostüm, Salten gibt ihn im
1605 3054 2654 3105 tes Verhältnis an sich zu ziehen, als Läufer. Das gibt
369 3074 1492 3125 modernen Reitanzug. Der Abenteurer — böse Zungen wür¬
1537 3091 2648 3148 lustige Hin= und Wider=Züge, die damit enden, daß der Jung¬
367 3111 1494 3168 den sagen: der Hochstapler — hat die reizende Komtesse Lau¬
1543 3131 2651 3185 geselle einsicht, daß er, zu sterben glaubend und über seine
369 3157 1489 3205 rentin aus Liebe, natürlich aus Liebe, geheiratet. Der miß¬
1540 3174 2648 3222 Hinterlassenschaft testierend, das Recht zu leben verwirkte. Er
372 3194 1494 3236 günstige, hochadlige Kousin bringt seine Vergangenheit an
1537 3208 2657 3276 packt die Koffer und begibt sich auf Reisen. So will's der
367 3228 1489 3284 den Tag, hält den Polizeikommissär parat, und nun beweist
1537 3245 2256 3316 Professor. Ist das nicht geistreich:
372 3267 1486 3319 der Pseudograf in aller Schnelle, daß ihn wirklich eben nur
1594 3265 2651 3333 „Reizend“ — „spannend“ — „geistreich“: ich weiß nicht,
367 3307 1489 3356 die Liebe zu dem verwogenen Schritte trieb, vor allem aber,
1534 3319 2654 3370 ob ich diese Ueberzeugung gewonnen hätte, wäre es mein Los
369 3347 2651 3432 daß er, der frühere Kellner, zum Grafen geboren sei, daß gewesen, die drei Einakter zu lesen. Aber sie erstanden auf
2711 1281 3284 1330 der Bühne des Lessingthe¬
2719 1324 3287 1375 sermann, in allen dreien de
2713 1367 3282 1415 scharf und lustig charakterisieren
2708 1404 3279 1458 drer. Da war Herr Reiche
2711 1441 3284 1486 den Medizinalrat darstellend, u
2702 1477 3284 1526 nicht weniger als das Plebejische
2713 1514 3284 1560 erstenmal, daß er intrigante Ch
2696 1548 3284 1608 als Naturburschen wiederzugeb
2708 1594 3284 1648 lieh der jungen, an den Aben
2711 1631 3284 1682 tung, Frau Lehmann dem
2708 1665 3287 1719 mit ihrem beweglichen Minens
2711 1710 3284 1756 Aufführung war wie ein Geschen
2702 1745 3282 1793 an Wien gegeben. Aber was
2705 1787 3287 1835 ist ein Begriff, und Begriffe set
2713 1824 3282 1872 Felix Salten kann und was er
2708 1858 3265 1926 eingetragener und berechtigter
2696 1898 2853 1958 zu sein.
2770 1904 3284 1995 Es ist gewiß ein herbes Sch
2711 1975 3284 2020 palästen ab und nieder zu war
2696 2014 3284 2063 Sternen auszuspähen. Es kom
2702 2049 3276 2094 om seltensten das „Reizende",
2711 2085 3265 2134 reiche". Und doch! Und doch!
2708 2125 3287 2193 seinem Glücke sehe, — ich weiß
