3344 4384
195 238 1062 342 nous
1245 229 1719 333 box 44/10
1065 1053 1158 1129 768
1072 1118 2432 1207 sehr viel stößt man auf chevalereske Selbstbespiegelung; auf ehrgeizige
1074 1188 2435 1245 Selbsterziehung und Selbstaufstachelung; und, aus dem Reiche der
1074 1231 2440 1298 Schmerzen, auf das dumpfverhohlene und bohrende Gefühl eines kalten
1077 1279 2435 1342 Alleinseins. Und was ist dieses Alleinsein anderes als die trübselige
1072 1336 2435 1406 Ahnung eines Ausgeschlossenseins von den warmen und zeugerischen
1072 1390 1806 1454 Umarmungen menschlichen Erlebens?!
1185 1440 2442 1505 Hierin erblicke ich die Tragik der Hofmannsthalschen Erscheinung
1072 1484 2430 1542 und das Bedrohliche für die ganze Art von ästhetischer Kultur, als
1074 1534 2440 1594 deren ragender Gipfel er sich uns darstellt. Unfruchtbarkeit ist das
1081 1580 2438 1642 Schicksal, das hier droht — Unfruchtbarkeit bei äußerlich glanzvoller
1077 1636 2442 1695 Entfaltung und formal verblüffender Vollendung. Und darum sehe
1077 1676 2440 1744 ich nicht ohne Bangen, daß Hofmannsthal Schule macht, daß er
1077 1725 2440 1796 magisch anzieht und fasziniert. Für viele hat er heute bereits die
1077 1773 2447 1843 Geltung eines Klassikers erlangt; ja, manche möchten am liebsten sagen:
1081 1833 2445 1893 er sei als Klassiker auf die Welt gekommen. Sieht man nicht den
1086 1876 2438 1936 Widersinn, der hierin liegt, und ahnt man nicht, wieviel Schweiß und
1086 1925 2440 1989 Blut, ja wieviel Schmutz am schmerzlich errungenen Klassikertum eines
1077 1975 2438 2043 Goethe klebt? Und nichts hiervon dürfte fehlen; auch der Schmutz
1077 2031 1871 2093 nicht! Ja, der vielleicht am wenigsten
1197 2049 2442 2141 Ich sehe in Hofmannsthal eine wundervolle Spätfrucht, von
1086 2120 2444 2194 solch ebenmäßiger Schönheit, daß sie mich mit Wehmut erfüllt. Voll
1077 2170 2440 2238 von kränklicher Süße, ist sie umzogen von einem leisen Hauch der Ver¬
1084 2235 2444 2286 wesung. Je mehr sie mit prunkenden Lebensfarben prahlt, desto deut¬
1084 2273 2445 2336 licher wird mir diese fühlbar. Weit beruhigter stehe ich da einem andern
1081 2319 2440 2380 Wiener Dichter gegenüber, der die melancholische Koketterie besitzt, seine
1081 2370 2444 2437 Figuren mit Leichenblässe zu schminken. Herbst= und Abendstimmungen
1077 2423 2442 2480 liebt dieser Poet, letzte Sonnenstrahlen und sinkende Dämmerung. Trotz¬
1077 2468 2445 2541 dem pulst er innerlich von vielfältigem Leben. Ich spreche von Artur
1086 2527 1281 2594 Schnitzler.
1197 2541 2444 2627 Auch Schnitzler ist für Wien in besonderem Grade repräsentativ.
1081 2616 2447 2678 Ich erblicke in ihm den höchsten und reichsten Typus des ganz von
1086 2662 2440 2729 der Seele Wiens durchdrungenen Judentums. Eine solch harmonisch
1084 2714 2447 2779 gesteigerte Verbindung zweier scheinbar auseinanderstrebender, in der
1089 2760 2447 2825 Tat oft glücklich sich ergänzender Rassen war natürlich nur möglich
1086 2813 2452 2881 in einem echten Poeten. Und das ist Schnitzler ganz und gar, und
1084 2857 2450 2931 zwar ein deutscher Poet. Er hat eine Schlichtheit, Herzlichkeit und
1084 2916 2452 2975 Feinhörigkeit der Empfindung, die dem deutschen Gemüte überaus
1086 2958 2447 3016 wohltut. Und darum ranken sich in pikanten Kontrastspiel bereichernde
1082 3008 2444 3075 Gaben: eine kluge und zart sondierende Beobachtung, ein skeptisch
1084 3057 2450 3126 betrachtender und furchtloser Verstand, libellenhaft huschender Witz
1084 3105 2447 3189 und träumerisch versonnene Schwermut. Das Ganze ein überaus sym¬
1084 3165 1455 3237 pathisches Gemisch.
1202 3187 2456 3264 Als Produkt und Repräsentant einer Kultur von Jahrtausenden
1084 3251 2450 3323 mag Hofmannsthal höheres Gewicht haben und tieferen Glanz. Aber
1084 3305 2454 3372 in Schnitzler sprudeln lebendigere Daseinsquellen. Gewiß ist auch er
1086 3350 2454 3420 ganz verwachsen mit Kultur, und überall ist seine Sensibilität bis in
1086 3398 2452 3466 die letzten Differenziertheiten emporgediehen. Doch die Natur, als der
1091 3449 2452 3517 Untergrund seines Wesens, steht unangetastet da und verzweigt sich in
1089 3497 2450 3562 tausend seinen Bahnen und Adern bis ins Herz seines Schaffens.
1089 3550 2452 3612 Von Haus aus ist Schnitzler nichts weniger als Asthet; vielmehr war
1084 3596 2456 3695 er ehedem Arzt. Das verschaffte ihm wohl seine bewunderungswürdige
