3344 4256
283 163 1144 292 13. Miscellaneous
177 1270 1002 1373 allem dem Angriff dient, weil die Angriffs¬
181 1361 999 1412 s verdeckter Stellung gegen feststehende
157 1436 997 1517 Ich recht seiner Zug. Ein wahrer Zug.
173 1484 424 1563 s Verfassers.
194 1536 994 1614 Zug ist, rein technisch, nicht heraus¬
174 1598 995 1652 scht fertig gebastelt; er ist Rede geblieben.
194 1638 993 1717 das hätte der Angelpunkt in dem Lust¬
197 1678 349 1741 müssen.
173 1733 1003 1807 stsache. Weil etwas Seelisches mit allen
178 1786 614 1847 keln zu gestalten war.
173 1842 997 1905 ur Hauptsache werden Fünfzigpfennig¬
165 1872 526 1963 für Parkettbürger.
198 1986 994 2061 in dem Stück vom Athleten oder vom
173 2046 994 2117 den Ehebruch sozusagen geäußert: „Das
165 2086 260 2142 mm.
173 2130 994 2198 äußert er (im Grunde, doch möglichst
166 2183 977 2244 sten): „Nichtehebruch — das ist schlimm.
187 2227 981 2315 Worten: halbe Fälle sind am schwersten
166 2317 987 2392 wirklich der Mann, welcher das Stück.
161 2382 906 2449 eben (und leider doch geschrieben hat.
165 2425 990 2497 führung dessen, was er zu sagen immerhin
166 2481 983 2547 aute besitzt, hätte geistreich werden können;
161 2523 991 2598 geborenen Farbe der Entschließung werden
165 2574 978 2659 Hundert aller Bruttoeinnahmen ange¬
155 2664 987 2748 ermann! entweder man schreibt ein Refor¬
167 2725 813 2800 : oder ein Schwiegermutterstück.
1334 187 1814 282 box 44/10
1070 1273 2126 1381 stellungen und größere Truppenansammlungen aus der
1059 1367 2129 1432 Luft mit Sprengstoffen werden beworfen werden
1108 1451 2127 1532 Das Reformatorenstück aber für uns, und ein
1064 1499 2115 1583 Schwiegermutterstück für das Parkett: es geht nicht.
1104 1555 2114 1632 Entweder die neue Moral; oder die Lauschigkeit.
1063 1595 2115 1672 Manchen. Von Manchen gibt er mehr. Es ist eine
1064 1648 2061 1735 Nichtachtung, eine Nichtachtung, eine Nichtachtung.
1096 1767 2115 1828 Das Lustspiel hätte mit dieser Nichtachtung ein großer
1059 1794 1897 1882 Erfolg sein können; warum war es keiner
1095 1864 2118 1939 Weil (innerhalb der Lauschigkeit) nicht alles fertig
1063 1916 2115 1985 geworden ist; nicht alles zu Ende gebastelt; weil die
1054 1960 1924 2028 Rosinen noch nicht alle hineingepolkt waren.
1099 2006 2113 2085 Besonders nicht am Schluß, wenn Johannes
1064 2052 2114 2130 Parrcida auftritt, nämlich der zweimal unterstrichene
1059 2105 2113 2178 Gegenspieler=Merkstewas, ein Alpler, ohne tiefere Be¬
1046 2147 1200 2210 denken.
1099 2198 2113 2271 Also, es kommt nicht. Schlagt mich tot: es kommt
1047 2246 2095 2313 nicht. Die besseren Schlager sind unherausgeholt —
1051 2291 1540 2360 auch nicht für Manchen.
1092 2343 2110 2416 Und wenn das deutsche Volk seine Millionäre
1054 2382 2106 2464 sieht, will es wirklich wissen, wie es da zugeht — nicht,
1048 2453 2107 2510 wie das ein Außenseiter in Wien halb unkundig malt.
1096 2497 2110 2571 Von der Darstellung nur eins: sie wirkte gut... und
1050 2526 1220 2611 halbecht.
1102 2586 2107 2677 Fehlend war: ein Regisseur als Dichterpädagog.
1051 2634 1921 2701 Anwesend war: Brahms verstorbene Größe.
1099 2680 2102 2776 Selbst bei der Lehmann schlug das durch: wer sie
1047 2727 1387 2797 nicht gelenkt hat.
2184 1311 3249 1415 trachtet die Räumung von Epirus, die er von Griechenland
2186 1403 3243 1451 verlangt, als ein Zugeständnis, für das ihm eine
2224 1472 3250 1536 ... Ein Jammer, daß Hermann Bahr heute für
2184 1520 3238 1600 Familien arbeiten will. (Und es nicht ganz vermag.)
2235 1572 3245 1637 Er lasse sich verstoßen. Er zeichne nur Geschöpfe wie
2178 1613 3242 1684 die Gattin des Verführers. In ihrem Wirrwarr, in
2175 1658 3237 1751 ihrem Waschmirdenpelzundmachmichnichtnaß, in ihrem
2175 1713 3186 1786 Waswillichimgrunde... da steckt eine Bereicherung.
2227 1759 3232 1846 Bahr lasse sich verstoßen; sonst werden diese Stücke —
2174 1818 2640 1893 zuletzt seine Stücke sein.
3018 1850 3205 1948 Alfred Kerr.
2396 2030 3015 2119 Ein Gulbransson-Werk.
2175 2106 3220 2187 Seit Olaf Gulbransson — es sind jetzt etwa elf Jahre -
2171 2182 3232 2234 als ständiger Zeichner des „Simplicissimus hervortrat, er¬
2183 2218 3246 2279 schien das Wesen dieses Blattes um einen Humor bereicher:
2175 2273 3229 2344 und um Humor mehr als um Satire, so glänzende, scharfe
2178 2311 3221 2392 satirische Zeichnungen Gulbranssons der „Simplicissimus
2171 2367 3229 2436 auch brachte. Soweit ich mich an Blätter seiner Hand er¬
2174 2417 3224 2483 innere — politische und literarische Karikaturen, Spottbilder
2174 2467 3226 2537 aller möglichen Menschenklassen und Situationen —, immer
2174 2509 3230 2586 schien mir deutlich die Bildnerfreude des Künstlers, d. i.
2165 2563 3226 2632 die Liebe, viel lebendigeren Anteil an seiner Arbeit zu haben
2163 2619 3222 2681 als Tadel und Hohn. Er nahm nicht ein großes zeichnerisches
2166 2659 3222 2731 Können zu Hilfe, um Antipathien auszutragen, um ver¬
2174 2707 3226 2770 standesmäßige Ablehnungen und Verspottungen auf die wirk¬
2173 2757 3226 2844 samste Weise hinzusch. iben; sein Stift war nicht eine Waffe
