3344 4384
243 305 1116 399 13. Miscellaneous
1298 282 1781 405 box 44/10
2770 1301 3338 1398 aus dem hohen Beamten
2770 1379 3335 1450 von Portefeuilles berufen we
704 1343 2744 1463 die Ausgaben sind, die es unmittelbar zu erledigen Abgeordneten Dr. v. Hochenburger und besonders
2777 1440 3325 1551 Aus der
1742 1495 2738 1563 viel über Schriftthum und Kunst gesprochen, geschrieben
762 1508 1719 1593 Unsere heutige Nummer und Seiten und
2780 1531 3331 1602 ganz Feines, sehr Heilles, Leise¬
1739 1544 2747 1612 als in großen Städten. Die Ansichten und Meinungen, wie
704 1551 1499 1641 enthält im Inseratent die nachstehende Texte:
2777 1589 3325 1661 verlangt: die Luft einer Gegend
1745 1593 2747 1661 schlecht es die Schaffenden gemacht haben und wie sie es
766 1606 1719 1696 Fortsetzung des Romans „Das rothe Band von
2783 1641 3325 1706 sie schwebenden Dunst und
1742 1641 2747 1703 hätten machen sollen, bilden also auch den Hauptgesprächs¬
697 1654 1152 1735 Pierre Sales (ite 23.
2783 1693 3331 1752 und ergreifen. Wie es einer von
1745 1703 2754 1761 stoff der geistigen Kreise. Kurz und gut: In der Provinz
766 1687 1369 1787 „Sport“ Seite 7 bis inclusive 22.
2790 1742 3331 1800 gesprochen hat: „Wir forder¬
1742 1748 2751 1813 wird mehr geschaffen, in der Großstadt mehr kritisirt. Und
769 1758 1187 1820 Militärischer Seite 27.
2783 1784 3325 1852 Provinz auch das wirkliche Leb
1742 1791 2760 1865 kritisirt vorwaltend auch wieder nur das, was aus Groß¬
766 1771 1499 1868 Wiener Frauen=Zeitung. Seite 31 und 32.
2783 1839 3331 1911 hundert= und tausendfältig
1748 1842 2757 1914 städten kommt. Die Provinz wird ignorirt.“ Das will und
769 1855 1181 1940 Tagesbericht. Seite 35.
2783 1888 3325 1962 großen Städte. Wir müssen
1755 1894 2757 1966 soll sie sich aber nun nicht mehr gefallen lassen. Sie hat
2783 1940 3325 2011 schämung gestehen, daß wir in
1742 1946 2757 2027 dasselbe Recht, das die große Stadt hat; sie muß es sich
1077 1946 1375 2063 Feuilleton.
2783 1995 3331 2050 einzigen neueren, modernen Re¬
1742 1995 2754 2057 nur nehmen. Unsere österreichische Literatur kann nicht blos
1752 2031 3331 2112 aus den paar Wiener Literaten bestehen. So Rosegger. Leben der kleinen Städte auf
850 2073 1602 2183 Die Entdeckung der Provinz.
1752 2092 3325 2164 Aber jene Jünglinge meinen es noch anders und wollen ihre enge Cultur zeigt, die ihr
1752 2157 3325 2219 noch mehr. Sie denken an eine besondere Art von Kunst, die anweist, der künstlerischen Dar¬
1057 2154 1411 2232 Von Hermann Bahr.
2786 2199 3325 2271 Maße werth... Die Provinzi
817 2199 2754 2274 Es regt sich in unseren Provinzen. Aus Linz, aus „Provinzkunst" sein soll, nicht nur, indem ihre Künstler in
2783 2251 3325 2313 zeichnen, die in den vielen Ei
1758 2251 2764 2316 der Provinz leben, sondern indem sie eben das Leben in der
710 2258 1729 2326 Salzburg, aus Innsbruck hören wir von Vereinen, die im
2786 2300 3338 2358 gebung entstanden und aufgewe¬
1765 2300 2754 2368 Provinz selbst zum Thema nehmen wird. Das ist ihr
720 2313 1729 2381 Namen des Pan die neue Kunst zu pflegen, nach Cultur
2786 2348 3335 2407 Stimmung geben, die an ein be¬
1761 2348 2754 2417 Programm. Es widert sie an, immer nur die Berliner und
717 2368 1729 2430 zu trachten verlangen, und leidenschaftlich werden Jüng¬
2786 2400 3315 2459 stimmte Stadt gebunden ist —
1758 2404 2760 2465 die Wiener copirend, die Epigonen von Mitlebenden zu
717 2417 1729 2478 linge laut, die mit großen Worten ungestüm fordern. Was
2783 2446 3331 2511 luft athmen!... Unsere kleine
1761 2449 2760 2517 sein. Warum denn nicht darstellen, was sie selber sehen und
717 2468 1726 2543 Das weiß man dort, scheint es, eigentlich selbst noch nich
2786 2501 3328 2556 unseres Lebens in einem Milie
720 2501 2757 2576 recht. Es heißt nur, daß endlich gezeigt werden soll, was wie sie es sehen? Mit ihren eigenen Sinnen wollen sie sich
2790 2550 3331 2611 fremd und entlegen ist, verkan
1761 2553 2757 2614 an ihr eigenes Leben machen. Der Linzer zeige die Linzer
717 2576 1732 2640 die Provinz kann. Rosegger hat die Parole ausgegeben:
723 2598 3325 2676 er ist der Erste gewesen, der von einer „Entdeckung der der Steierer, wie die Steierer sind, und es reizt sie, die Dies erkennen am ehesten
2790 2653 3325 2715 Literaten, die zum Beispiel den
727 2650 2751 2725 Provinz“ gesprochen hat. Er zieht für den Künstler, für Nuancen ihrer Städte und Gegenden aufzufangen und ab
2790 2696 3325 2760 uns nach Linz gehen und auch
1758 2709 2751 2773 zufassen: wie dieselben Dinge in jedem Lande ander¬
720 2718 1729 2777 den Dichter das Leben in der kleinen Stadt oder auf den
1761 2751 3331 2812 werden. Wir wissen freilich, daß es zuletzt immer dieselben in unserer Stadt verbringen.
723 2760 1732 2842 Lande vor; nur in der Stille könne der Schaffende gedeihen
1755 2799 3325 2861 Tragödien, ewig dieselben Possen sind, die in der ganzen langt ihren eigenen Styl der
727 2819 1729 2893 „Das geistige Durchschnittsleben großer Städte," behaupte
2793 2845 3331 2926 trotz mancher mit modernem Co
733 2848 2757 2932 er, „steht auf einer niedrigeren Stufe, als das kleinerer Welt unter allen Menschen sich abspielen, aber sie haben an
2790 2893 3331 2962 säden, trotz des in gewissen
727 2910 2760 2987 Culturcentren der Provinz... Vom armen Großstädter ist jedem Orte, zu jeder Zeit doch eine andere Farbe und einen
2796 2952 3328 3007 Lebens ihr eigenthümliches, zu
1765 2949 2760 3020 anderen Ton, ewig gleich und ewig neu. Dasselbe Gefühl,
727 2971 1739 3033 es gar nicht zu verlangen, daß er sich sammle, vertiefe und
2793 2997 3328 3056 licher Cultur schwankendes Ge¬
1765 3004 2764 3072 dieselbe Liebe, derselbe Zorn redet in der Stadt anders als
727 3020 1735 3091 große Werke schaffe. Seine Sache ist es vielmehr, zu karnen
2793 3049 3328 3111 hineingesetzt in die Gebiete der
730 3056 2757 3133 wenn Könige bauen, nämlich die anderweitig entstandenen auf dem Lande, dasselbe Schicksal nimmt jedes
2790 3098 3325 3159 Häusern, die schon das Stroh
730 3101 2764 3182 Meisterwerke der Literatur und Kunst zu kritisiren und wo= Mal sozusagen einen anderen Dialekt an. Diesen
2799 3143 3331 3244 Pflug in die Erde, ringsum bli
727 3156 2770 3279 möglich — zu demoliren. Es wird denn auch nirgends so wollen sie erhören und das Besondere ihrer kleinen
