3344 4320
195 139 1066 276 13 Miscellaneous
1247 174 1727 283 box 44/10
1150 1385 2236 1481 Rückblick gelten dürfen, — aber freuen will ich
1155 1451 2233 1557 mich, daß man Ihnen, mein lieber Freund, an diesem
1155 1536 2225 1626 festlichen Tage in doppelter Hinsicht, den Blick so¬
1154 1601 2230 1672 wohl in die Vergangenheit als der Zukunft zuge¬
1156 1672 2228 1734 wandt, so vertrauensvoll und so von ganzem Herzen
1158 1711 1643 1796 Glück wünschen kann.
1569 1792 1829 1881 Ihr getreuer
1792 1858 2178 1952 Arthur Schnitzler.
1449 1925 1926 2054 PRITZ VON UNREI
1197 2019 2219 2126 Noch kürzlich ging ich, von Ihnen unbemerkt,
1137 2104 2211 2190 hinter Ihnen her im Berliner Tiergarten: und
1143 2172 2214 2251 freute mich, wie Sie so federnd und jugendlich in
1144 2234 2218 2359 der sonnigen Morgenfrühe unter den alten Bäumen
1140 2287 1512 2368 dahinschritten.
1186 2355 2209 2463 Und nun erfahre ich zu meiner Verwunderung,
1131 2439 2207 2532 daß Sie, mein herzlich lieber und verehrter Herr
1137 2486 1985 2578 Felix Salten Ihren 60. Geburtstag feiern.
1177 2555 2206 2632 Der Paduaner Cornaro im 15. Jahrhundert schrieb
1127 2621 2206 2705 in seinem 95. Lebensjahr, daß der Tod für ihn so
1127 2689 2198 2771 fern sei, daß er keine Vorstellung von ihm habe.
1131 2746 2194 2827 Sie sind also im Jünglingsalter des Geistes und ich
1123 2804 2188 2900 kann Ihnen nichts tiefer wünschen, als daß diese
1125 2878 2192 2953 Jugendlichkeit, die wir alle so an Ihnen schätzen,
1125 2944 2191 3040 Ihnen bis in das 100. Jahr erhalten bleibe ; jene Frische
1125 2994 2190 3090 und Offenheit für die Probleme der Zeit, die es Ihnen
1113 3080 2182 3157 ermöglichte, durch die Irrgärten und Labyrinthe der
1114 3128 2187 3227 Literatur mit dem roten Faden der Liebe immer das
1110 3208 2004 3280 zu finden, was Ausweg und Licht versprach.
