3392 4256
170 207 1054 329 13. Miscellaneous
1229 207 1714 317 box 44/10
833 1238 3104 1337 jener faszinerende sang der Stimme, die den demas wirklicher Macht strebte. Deshalb steckte in diesem
824 1368 1940 1416 Dr. Lueger hat ein künstlerischer Instinkt vor dieser gemeinen
1980 1334 3099 1428 antisemiten begann. Da sagte er in einer Rede: „Die Juden
108 1368 479 1459 feuilleton.
833 1413 1940 1464 Rednerkomit bewahrt. Die stärkste rednerische Kraft entwickelt
1977 1405 3104 1481 haben mich so lange für einen geheimen Antisemiten gehalten,
824 1464 1946 1515 er im Anfang der Neunzigerjahre, so lange er noch um die
1983 1467 3099 1530 sie haben so lange mißtraut und geforscht und vermutet — na
116 1456 368 1569 Lueger.
824 1501 1943 1561 Macht rang und doch schon selber eine Macht war. Da hatte er
1980 1513 3099 1566 bis ich halt wirklich ein Antisemit geworden bin." An dem
833 1555 1940 1615 auch ein sehr starkes Pathos zur Verfügung, das ihm, ans Zie
96 1541 802 1612 persönlichen Wesen Luegers ein Bild
1986 1561 3096 1620 Scherze war sicherlich viel Wahres. Luegers Antisemitismus
836 1603 1946 1654 gekommen, gleich verloren ging. Wie Adler einmal von ihm
1977 1606 2561 1663 mußte erst hervorgekitzelt werden.
99 1600 796 1657 allem sagen, daß er ein schöner Mensch
836 1649 1940 1708 sagte: „In dem Moment, wo Lueger etwas sagt, glaubt er es
93 1654 802 1708 blanke Erscheinung, gerade aufgerichtet,
2093 1654 3090 1725 Allerdings war er eigentlich überhaupt nicht sehr für Ge¬
824 1700 1943 1753 wirklich! Vorher nicht, nachher nicht!" Er hatte die für einen
96 1702 796 1750 stes und mit federnd leichten Schritten
1983 1705 3093 1767 sinnungen. Er liebte ein ungeordnetes Durcheinander von
836 1748 1943 1799 guten Redner unentbehrliche Fähigkeit, sich an seinen eigenen
96 1750 796 1807 sicht, von ehedem braunem, zuletzt weiß¬
1977 1762 3096 1818 Meinungen und Anschauungen, aus welchem Wust dann im
833 1796 1940 1844 Worten zu berauschen. Aber er hatte auch die für einen guter
99 1796 799 1847 mrahmt, ist aus der Entfernung schön
1986 1807 3096 1869 geeigneten Moment der passende Grundsatz hervorzuheben war.
833 1841 1937 1898 Parteiführer unentbehrliche Fähigkeit, aus seinem eigenen Rausch
96 1844 796 1909 der Nähe störte der ausdruckslose, bei¬
1980 1852 3096 1912 Das Gefäß zur Aufbewahrung dieser ganz kontroversen Gedanken
833 1889 1949 1943 schnell zu erwachen und nüchtern zu werden. Dr. Lueger hat an
96 1889 802 1946 leicht schielenden Augen, auch hatte er
1977 1903 3093 1954 war für Karl Lueger die Wiener „Gemütlichkeit“. In diesem
841 1937 1943 1988 seine jeweiligen Ideale minutenlang geglaubt, aber er hat sich
99 1940 799 2000 erkehr mit Tausenden von gleichgiltigen
1986 1949 3093 2005 geräumigen Wurstkessel fand alles Platz: Demokratie und Hof¬
838 1986 1940 2037 selbst immer wieder zu wecken verstanden, vor allem dadurch
127 1988 804 2039 doch stets zuvorkommend war, ein
1977 1991 3093 2056 dienst, Hausherren= und Arbeiterfreundlichkeit, Judenfreundschaft
824 2034 1940 2090 daß er seine Begeisterung schleunigst in seinem Cynismus ab¬
96 2028 796 2085 in angewöhnt. Diese erfrorene Grim¬
1977 2045 3093 2102 und Antisemitismus, Deutschnationalismus und Klerikalismus
827 2076 946 2150 tötete.
93 2082 802 2133 keit wirkte gerade auf empfindliche Menschen
1974 2090 3090 2153 und noch ein Schock sonst unvereinbarer Gegensätze. Ursprünglich
96 2130 802 2187 fernung aber, wenn er auf der Tribüne
940 2116 1943 2192 Am wenigsten fest saßen seine antisemitischen Gesinnungen
1974 2141 3093 2198 wirklich ein liebenswürdiger und gemütlicher Mensch, bekam er
102 2178 799 2226 it männlichen, festen Handbewegungen
833 2175 1949 2238 in ihm. Mit dem politischen Verstand, mit dem Vorsatz ist
1974 2187 3090 2241 allmählich die hohle Routine der Gemütlichkeit, ja er trachtete
93 2232 799 2289 te Lueger freilich immer schön. In der
824 2226 1935 2289 Lueger Antisemit gewesen, mit dem Herzen nie. Er wäre wirklich
1977 2229 3087 2291 geradezu, ernste Gegensätze auf das unpolitische Terrain der Ge¬
96 2272 796 2334 der erkünstelte Ausdruck aus seinem
824 2274 1946 2334 riesig gern ein Antisemit gewesen, aber er hat die Juden zu
1974 2283 3090 2340 mütlichkeit hinüberzuleiten und so zu versöhnen. Deshalb hat
96 2311 802 2376 auf der Tribüne die schönsten Augenblicke.
833 2325 1943 2379 lieb gehabt! Die Küsse, die er mit Juden — von Ignaz
1974 2331 3096 2391 er dem Bankett, der politischen Tafelfreudigkeit, große Bedeutung
93 2371 799 2422 hn zum Redner prädestiniert. Es hat im
833 2371 1943 2430 Mandl bis Wilhelm Singer — gewechselt, waren durchaus nicht
1971 2376 3087 2430 beigelegt. Beim Wein legt man den Charakter als unbequem
93 2416 793 2470 etenhause nur wenige so wohlklingende
833 2419 1935 2478 nur Komödie. Man muß Lueger im Parlament gesehen haben
1974 2427 3090 2484 ab, bei einem guten „Paperl (ein Lieblingswort Luegers) ist
99 2467 799 2521 sen Pianissimo zum pathetischen Forte
838 2467 1943 2518 wenn er nach einer notgedrungen judenfeindlichen Rede aus
1977 2470 3085 2529 keiner prinzipiell“. Diese gemütliche Fressalienpolitik hat
99 2512 799 2563 Stimmen gegeben. Ein Stück Schau¬
838 2515 1940 2566 dem Sitzungssaal in die Couloirs flüchtete und sich's sogleich
1980 2521 3087 2578 Lueger mit Ueberzeugung betrieben. Nach dem dritten
91 2555 799 2614 n Redner unentbehrlich zu sein scheint, hat
833 2563 1940 2614 inmitten „seiner Juden" (wie oft sagte er da mit einem halb¬
1977 2563 3087 2623 Gange trug man sich Bruderschaft an, küßte sich und
139 2609 802 2663 Wiener Schauspielertum, das vom
833 2609 1920 2665 wahren Scherz: „Auf meine Juden laß ich nichts kommen!"
1974 2612 3090 2680 war ein Parteifreund geworden. Die Methode hat sich
93 2648 802 2714 führenden und von dort schnell wieder
836 2660 1943 2708 bequem machte. Angenehm „schmusen" konnte dieser durch und
1980 2665 3096 2716 auf dem flachen Lande und bei gewerblichen Kongressen
110 2702 796 2773 Witze findet. Lueger redete ganz gut
838 2705 1932 2767 durch verjudete Antisemit am besten mit jüdischen Redakteuren
1980 2711 3096 2765 am besten bewährt. Wenn da Lueger auf den Bürgermeister
108 2742 802 2818 leise wienerischer Grundfarbe, um so
838 2753 1940 2807 Es steckte natürlich auch in dieser Zuneigung ein bisser
1974 2762 3085 2818 von Wetzleinsdorf zutrat und ihm sagte: „Herr Kollegal..."
96 2790 796 2849 dann, wenn er aus dieser leidlich
824 2796 1940 2855 wienerische Falschheit, aber doch noch mehr Echtheit. Wenn ihm
1977 2807 3093 2864 so hatte er einen festen Anhänger gekapert. Manchmal kam
91 2841 782 2900 lich in tiefere Töne fiel. Da ver
824 2849 1940 2898 im Privatleben ein Jude ernst kommen und ihm seine Juden¬
1977 2855 3085 2912 allerdings schon am nächsten Morgen der Katzenjammer des
110 2892 799 2946 Anleihe bei Guschelbauer und Wiesberg
838 2892 1943 2949 feindschaft vorhalten wollte, so war Lueger förmlich gekränkt,
1980 2903 3090 2957 Neugeworbenen. So ist es dem Bürgermeister von Korneuburg
96 2934 796 2997 haupt Coupletrefrains so ziemlich die
833 2946 1949 2994 Politik und Menschlichkeit hat er immer als zwei streng getrennte
1980 2949 3087 3002 ergangen, der am Abend im Rathauskeller mit Lueger gebusselt
108 2985 793 3039 die er anbrachte. Eine gewisse Grazi¬
824 2994 1940 3051 Gebiete angesehen. Zu seiner Erholung (zum Beispiel in Karls¬
1983 2997 3079 3053 hatte und am anderen Tag die politische Bruderschaft öffentlich
93 3019 790 3090 nie verlassen. So ist es charakteristisch
824 3034 1943 3093 bad) liebte er direkt den Umgang mit Juden und Jüdinnen.
1971 3042 3079 3099 widerrufen hat. Zur Gemütlichkeit als politischem System ge¬
88 3079 802 3136 sack, daß er, der doch Hunderte von
836 3085 1943 3141 Sogar der galizische Jude war ihm eigentlich gar nicht un¬
1977 3090 3082 3147 hörten auch die goldenen Hochzeiten, die Lueger jahrelang
110 3119 796 3187 gehalten hat, auf der Tribüne niemals
833 3127 1940 3187 sympathisch, man weiß, daß Lueger sogar für sehr östlich gelegene
1986 3141 3087 3195 gewissenhaft mitmachte, die Kindstaufen (ausnahmsweise wohl
108 3181 1935 3243 in T, auf den selbst seinere Redner Bethäuser Geld gespendet hat. Es ist übrigens auch noch
1971 3184 3079 3238 auch in befreundeten, eben erst gewässerten Familien) und, bevor
119 3226 802 3300 immer ganz verzichtet haben. Den
836 3229 3085 3325 erinnerlich, wie er sich seinerzeit entschuldigte, als er öffentlich zu es Krankheit hinderte, die Ballbesuche im Fasching, vom Hofball
