3392 4320
155 642 236 710 ne
145 694 232 759 bst¬
154 823 232 887 ner
151 891 226 943 ten¬
145 939 227 1008 tur
154 1004 240 1069 ren,
158 1056 236 1118 age.
143 1107 238 1171 and,
146 1159 230 1236 Per¬
141 1227 235 1285 rich¬
145 1286 242 1362 nen
142 1346 242 1408 en
136 1397 240 1457 Buch
152 1631 242 1689 der¬
155 1691 238 1756 Pre¬
167 1749 243 1802 und
156 1809 243 1862 jener
152 1853 252 1921 Miß¬
152 1918 246 1993 ter,
154 1973 248 2035 mer
154 2028 251 2095 ne
154 2085 251 2151 list
167 2147 249 2211 drei
170 2209 248 2270 VON
159 2266 259 2331 ichte
171 2318 251 2385 und
165 2380 252 2450 dem
158 2432 255 2503 pen
151 2496 265 2567 zu
156 2551 262 2614 erten
159 2603 262 2680 tzls
146 2670 254 2728 tire,
158 2725 262 2784 mer
154 2784 264 2840 zwar
145 2835 258 2912 se
152 2898 268 2961 hacht,
146 2948 264 3016 Bunde
155 3012 258 3081 kel.
158 3080 262 3155 guten
149 3200 268 3268 faire,
183 3255 275 3318 die
154 3310 275 3381 chen
171 3364 269 3434 Hin¬
154 3422 269 3493 er be¬
154 3477 275 3547 sagten
156 3535 277 3604 Wort.
183 3591 275 3664 man
180 3651 277 3722 nach
156 3712 280 3790 omane
161 3822 284 3887 es ist
152 3907 283 3988 3. Aufl.
225 185 358 290 13
1289 187 1760 287 box 44/10
422 203 1095 304 Miscellaneous
281 611 1436 700 der: ohne künstlerische Bohemiene kommt der Ver¬
281 687 1434 749 fasser nicht aus. Immer stehen Künstler im Mittel¬
290 740 1433 817 punkte der Handlung. Es ist dies kein Zufall. Der
290 803 1436 865 Wiener hört und liest gerne von seinen Lieblingen.
284 862 1437 924 Die ganze Theaterkritik der Wiener Presse ist kein
287 921 1437 985 künstlerisches Würdigen der tatsächlichen Leistungen,
284 979 1436 1043 sondern „Tratschkolportage“. Nicht wegen des Dichters,
283 1036 1436 1092 sondern wegen des Schauspielers, nicht wegen des In¬
290 1094 1440 1150 halts und der Form, sondern wegen der Tendenz und
290 1150 1443 1218 der Aktualität geht der Wiener ins Theater. Darum
288 1202 1436 1281 darf man sich nicht wundern, wenn der Romanzier
290 1269 1442 1334 seinem Publikum das vorsetzt, was er gerne hat. So
291 1314 1440 1384 hat es Dessauer gehalten, so Schönthan in den „Blauen“ *),
293 1378 1443 1440 so Bahr in seinen schlimmen Novellen, die wir ihm
296 1433 1446 1502 vergessen wollen, so Ludwig Hirschfeld im „Jungen
298 1489 1453 1556 Fellner), Ida Bock in den „Bernhardmädeln“ *) und
298 1550 565 1621 viele andere.
409 1618 1450 1679 Ludwig Hirschfelds „Junger Fellner“ ist noch aus
296 1665 1446 1727 einem anderen Grunde interessant. Er ist gleichsam
296 1715 1443 1791 ein Pendant zu der „demolierten Literatur von Kraus
296 1775 1449 1853 und jene, die Krausens Ausführungen für übertrieben
306 1840 1453 1908 halten, werden bei Hirschfeld den unbeabsichtigten
314 1898 813 1973 Wahrheitsbeweis finden.
419 1951 1453 2044 Das literarische Kaffeehausleben in Wien, das
301 2014 1456 2082 beide, Hirschfeld und Kraus, schildern, hatte zur Folge,
306 2078 1453 2154 daß gewisse typische Ideen gleichsam Gemeingut werden,
306 2140 1455 2201 d. h. daß man eigentlich niemanden recht dafür ver¬
307 2183 1456 2279 antwortlich machen kann. So ist es auch mit dem
311 2256 1460 2328 vielgenannten süßen Mädel aus der Griensteidlära
306 2299 1453 2377 gegangen. Heute gilt Schnitzler als der Schuldige.
311 2354 1462 2430 In Bahrs Novellen findet es sich allerdings schon vor
311 2435 1460 2493 Schnitzler. Dieses süße Mädel hat viel Unheil ange¬
311 2476 1462 2553 richtet. Als es im Wiener Roman sich unmöglich ge¬
314 2535 1463 2614 macht hatte, stattete man es mit einem Adelsprädikate
309 2595 1462 2663 aus und so erhielten wir die Liebesgeschichten mit
314 2653 1466 2725 aristokratischem Beigeschmack. In den landesüblichen
311 2715 1468 2774 Kolportage-Romanen war es wohl stehender Stoff, daß
309 2756 1468 2837 irgend ein Aristokrat ein armes Mädchen verführte und
317 2822 1465 2887 dann sitzen ließ. Das Umgekehrte — eine aristo¬
317 2892 1459 2963 kratische Dame richtet einen armen Bürgerlichen (meist
1189 2937 1466 2996 das war neu
311 2935 1130 3009 natürlich einen Künstler!) zugrunde¬
320 2995 1466 3070 und packte. So erhielten wir die Romane von Emil
320 3064 1472 3122 Urbar: „Zucht“ *) und August Weißl „Gräfin Julie“ *).
323 3109 1468 3186 Letztere wurde bekanntlich in Oesterreich verboten,
314 3177 1473 3237 nicht so sehr der erotischen Gestaltung wegen, wie ich
323 3229 1465 3302 glaube, sondern weil der Autor das Malheur hatte, der
320 3293 1475 3354 Gräfin einen Zunamen zu geben, der im Adelskalender
320 3342 1473 3406 zufällig wirklich existiert. Schnitzlers Reigen, der
323 3409 1472 3461 Gipfelpunkt der Erotik, wurde bekanntlich nicht ver¬
326 3454 1470 3529 boten. Gänzlich unabhängig der Tendenz und der
320 3512 1469 3578 Färbung nach, inhaltlich aber auch hierher gehörig
326 3571 1478 3636 erweist sich der gute alte Roman von Baron Torresani
323 3629 1476 3712 „Die Zuckerkomtesse“ *), der schon infolge der Zeit
445 3755 1023 3841 ) Herm. Seemann, Leipzig 1902.
439 3828 1026 3878 *) Herm. Seemann, Leipzig 1902.
445 3859 1476 3939 7) Beide in Seemanns kleiner Unterhaltungsbibliothek, Bd. 1
326 3925 694 3988 und 2, Leipzig 1902.
461 3961 892 4055 Person, Dresden 1900.
1986 575 3132 690 seiner Entstehung nichts sonstiges mit den früher ge-
1995 674 2415 753 nannten gemein hat.
2114 708 3142 806 Torresani spricht in der Einleitung zu seinem
1998 771 3134 849 Buche ausdrücklich davon, ein typisches Charakterlied,
1996 833 3142 913 das der österreichischen Komtesse, zu geben. Also einen
1992 885 3145 969 genau präzisierten Einzelfall, einen Typus an und für
1998 962 3144 1029 sich, kein ganzes umfassendes Bild. So sind die Wiener
1999 1008 3145 1087 fast alle vorgegangen. Bahr und Schnitzler, Pötzl,
2004 1060 3142 1139 Hirschfeld, Weiße, Ida Bock und viele andere. Aber
2004 1133 3150 1220 gleich ehrlich waren sie nicht. Urbar gibt auch nichts
1999 1176 3154 1259 anderes als den Charakter des Aristokraten, Schönthan
2009 1237 3155 1310 nur den des Künstlers, alles andere, was drum und
2009 1288 3148 1363 dran hängt, ist Mache. Dem jüdischen Gesellschafts¬
2009 1350 3158 1427 bild Dessauers hat sich neuestens ein antisemitisches
2008 1401 3160 1473 von Franz Josef Gerold) entgegengestellt, das mit
2009 1472 3161 1539 schärferen Zügen und grelleren Farben dasselbe sagt
2012 1520 3157 1598 wie einst Dessauer. Der große Wiener Roman aber,
2009 1583 3166 1654 der uns unsere Vaterstadt literarisch schenken soll und
2020 1630 3167 1710 den wir alle sehnlichst erwarten, steht noch hinter den
2017 1692 3170 1767 Kulissen und wartet auf das Stichwort, das ihn vor
2017 1770 3177 1827 das Publikum bringen wird. Denn nirgends anderswo
2008 1798 3176 1886 als in der Literatur hängt es von den Zeiten ab, ob
2017 1863 2798 1959 eine Schöpfung alles oder nichts ist.
2721 1930 3122 2014 Victor A. Reko.
2137 1938 2299 2020 Wien.
