3392 4352
1289 265 1774 356 box 44/10
237 276 1107 360 13. Miscellaneous
2054 1250 3213 1313 zug seines Wesens für sein Glück entschieden. Wenn ihn die spiele¬
845 1261 2012 1310 seine Kritik reflektiert ebenso gerne, wie sie gestaltet, sein Spott
164 1271 803 1324 ere empfängt den Naturlaut aus der
2050 1306 3220 1352 rische Freude am Geteil nicht vom Grundmotiv abdrängt, und
838 1303 2008 1355 kennt keinen Pardon, und wenn ihm die Wärme Bauernfelds fehlt,
161 1313 796 1359 trägt alle Lebhaftigkeit der Emp¬
2054 1341 3220 1390 wenn er den kecken satirischen Wurf nicht durch sentimentale Ge¬
838 1352 2012 1400 der in den altmodischen Komödien noch immer anheimelnd an
175 1348 800 1397 mundartlichen Formen hinein. Auf
2050 1383 3210 1432 bärden beeinträchtigt — eine Schwäche, die ihn in seinen kleinen
831 1380 2019 1435 unsere Herzen dringt, so hat er die Schärfe dafür einzusetzen, die
168 1390 796 1446 auernfeld, Lenau (trotz des leichten
2050 1421 3210 1467 und großen Epigrammen mitunter anfällt —, dann gelingt ihn
835 1414 2012 1474 mutig an die Wurzeln der Erscheinungen herandrängt. Wer
164 1428 796 1477 Grün bis zu Schnitzler und Hof¬
2047 1456 3196 1509 wohl ein Meisterwerk der satirischen Komödie, wie „Das Konzert
835 1456 2019 1512 Bauernfeld ein Meister des gemütlich humoristischen Dialogs, so
164 1467 800 1512 Raimund und Stelzhamer bis zu
2570 1505 3220 1565 In seinem jüngsten Lustspiel,
2047 1509 2515 1568 oder „Der Krampus“
838 1498 2012 1565 ist der Raisonneur von heute ein Virtuose der blendenden Dialektik.
168 1505 793 1561 hönherr. Bahr steht nicht außerhalt
2054 1540 3220 1586 im „Prinzip, freilich, dessen beide erste Akte zum
164 1540 793 1589 bertum ist mit allen Wurzelfasern an
877 1547 2008 1610 Bahr hat sich viele Gaben angeeignet, seiner Natur ist viel vor
2054 1575 3227 1624 Besten gehören, was er hervorgebracht hat, kehrt der
164 1586 803 1631 nüpft, kein neuentdecktes, aber ein
838 1593 2012 1641 der journalistischen Beredsamkeit angeflogen, die sich unbewußt lenken
2057 1617 3224 1666 Skeptiker zuletzt den Zweifel gegen sich selbst, wenn er ähnlich wie
161 1628 793 1669 ilich hat die Generation, der er an¬
838 1634 2012 1683 läßt — er geht mit Tolstoi auf den Spuren der Bergpredigt und
2050 1659 3238 1711 in seinem Roman „O Mensch“ das sittliche und kulturelle Heil der
175 1655 800 1711 keit und künstlerische Traumseligkeit
828 1676 2015 1725 berauscht sich mitunter gern an der Rousseaurenaissance, die das
2050 1697 3220 1743 Menschheit in die Hände eines unglaubwürdigen Urmenschen legt,
171 1697 796 1746 die Selbstironie, die melancholische
831 1711 2015 1757 Heil von einem neuen Naturmenschentum erwartet. Aber wenn man
2050 1732 3217 1785 der sich urplötzlich in unsere Zivilisation eingeschlichen hat. Bahr,
164 1739 796 1788 , die sich selbst den Spiegel vorhält.
838 1753 2012 1799 die lange Reihe seiner Schriften überblickt, so liegt doch sein
2050 1774 3217 1820 der offenbar den Ehrgeiz hegt, seine treffende Satire durch eine
161 1778 793 1830 hauptet: der Anatolwitz Schnitzlers
831 1792 2015 1837 Eigenstes in der individuellen Zuschärfung jener Satire, die sich
2050 1809 3220 1858 positive Weltbeglückungstheorie zu ergänzen, improvisiert gern solche
164 1820 803 1868 höher sitzende Blüte jenes gelassenen
835 1830 2012 1875 in das Nächste einbohrt und aus der treffenden Beobachtung die
2047 1855 3213 1900 Lustgestalten, in denen sich eine versteckte Romantik entladen soll.
199 1851 793 1900 als der Gegenpol Raimunds in
831 1868 2015 1917 kunstvoll geschliffene Kritik herausbildet. Wetteifernd mit seinem
178 1882 796 1952 vertrat, und in Schnitzlers stärkster
2057 1896 3217 1945 In Wahrheit aber steht er ganz und gar mit beiden Füßen in
835 1903 2012 1956 früh dahingegangenen Freund Max Burckhard, diesem gelehrten und
168 1924 786 1980 geselbe volkstümlich weiche Grund
2047 1931 3220 1980 dieser Welt, für deren Verkehrtheiten er einen so offenen Blick
835 1949 2005 1994 sarkastischen Kopf, der geradezu der gesättigte Typus des raisonnieren¬
178 1970 786 2033 Volksszenen Ferdinand Raimunds
2047 1973 3213 2022 hat. Die romantischen Seitensprünge machen den Eindruck des
828 1987 2012 2029 den österreichischen Hofrats war, hat er das Oesterreich der letzten
168 2008 789 2057 kelste unter den Dichtern der tra
2040 2015 3210 2061 Erzwungenen, und was an allen seinen Schriften blendet oder
835 2026 2012 2075 Jahrzehnte, zumal die bureaukratischen Kreise, in Kultur= und
196 2043 793 2092 in „Christinens Heimreise" (das
2057 2050 3210 2102 fesselt, in einigen Produktionen sogar überzeugt, ist die satirische
838 2057 2008 2109 Sittenbildern dargestellt, die an Schärfe des Strichs und Feinhei¬
161 2085 793 2144 könnte) den Wiener Grundton so
2040 2092 3210 2141 Kraft des Raisonneurs, in der er tatsächlich innerhalb Jungöster¬
828 2106 2012 2155 der Beobachtung nicht viel ihresgleichen haben. Gewiß war dabei
161 2123 786 2169 den österreichischen „Rosenkavalier"
2050 2134 2668 2190 reichs einen ersten Platz behauptet.
828 2137 2005 2186 eine poetische Lizenz im Spiele: ein Teil wurde vielfach für das
164 2158 789 2214 Wien akklimatisierten Oberöster¬
828 2179 2012 2225 Ganze genommen. Aber dieser Teil fand eine literarische Spiege¬
2099 2162 3213 2239 „Wer zuspitzt, schneidet ab, dieses Wort eines verstorbenen Freundes
168 2197 796 2253 such in Berlin eine Zeitlang heimisch
828 2214 2012 2267 lung, die über den Wechsel der Zustände hinaus ihren Wert be¬
2054 2228 3210 2274 trifft freilich auch hier zu. Auch Bahr entzieht sich selbstver¬
168 2242 786 2291 des Causeurs durchgemacht hat und
838 2260 2008 2305 haupten wird, weil die Charaktere nicht nur in den grotesken
2050 2263 3210 2319 ständlich nicht dieser Notwendigkeit. Seine kecken Geistesspiele hal¬
168 2284 796 2347 erproben des Journalismus hin¬
828 2295 2012 2343 äußeren Merkmalen, sondern in den inneren Widersprüchen ihrer
2050 2312 3210 2354 ten nicht immer der Prüfung stand; die Betrachtung der Dinge und
168 2323 796 2368 an nichtsdestoweniger die Grund¬
838 2336 2012 2385 Wesensart wiedergegeben sind. „Drut“, die tragische Geschichte
2050 2347 3210 2389 Menschen muß mitunter einseitig werden, um die Seite, die für die
175 2350 786 2448 , die immer wieder hervortreten
828 2371 2005 2431 eines Beamten ohne inneren Halt, ist ein Meisterroman aus dieser
2054 2389 3210 2438 Satire reif scheint, hervorzudrängen. Und wer so gerne und so
175 2385 793 2448 Erfolg den Ausschlag gibt. Sogar
838 2413 2012 2462 Sphäre, und meisterhafte Züge springen auch aus den übrigen
2047 2420 3213 2466 rasch loslegt, dem werden Fehlschläge und Lufthiebe nicht erspart
161 2427 793 2483 rösterreichischen Hauptstadt, von der
828 2452 2005 2501 österreichischen Romanen Bahrs hervor. Die epische Form gal
2050 2466 3206 2515 bleiben. Aber das gilt zuletzt von den Satirikern aller Zeiten. Auch
164 2480 793 2525 Voralpenvölkleins ist etwas an ihm
838 2494 2005 2539 ihm immer Gelegenheit, das Zuständliche breit auszuspinnen und
2047 2504 3206 2550 der alte Aristophanes stand bekanntlich nicht immer auf seiten jener
161 2511 789 2574 in einem Zuge des Eigensinns
838 2532 2008 2581 im Geteil eines Milieu zu schwelgen, in dessen Betrachtung er
2057 2543 3210 2588 Weisheit, der der Weltsieg gehörte, und Heinrich Heine hat manchen
171 2553 786 2612 zu argumentieren, und gerne seine
838 2577 1306 2640 sich nicht genus tun kann.
2047 2581 3213 2626 Angriff gewagt, den weder er noch seine Freunde verantworten
164 2595 793 2647 sie wetternd wiederholt und durch
2040 2623 3206 2668 konnten. Ohne Bahr mit diesen Größten gleichzustellen — er ist doch
870 2602 1921 2675 Dem Dramatiker, der sich noch weit eifriger
164 2633 793 2689 er Wiener Luft aber hat Bahr die
2040 2661 3206 2707 einer von ihrem Geschlechte, wir erfreuen uns an seinen Hieben,
838 2658 1998 2714 tätigt hat, ist diese Neigung und Kunst ein wenig ge¬
175 2668 789 2721 der von den Tagen des harmlosen
2036 2700 3203 2745 die treffen, und wir sehen die Waffe selbst dann gerne blitzen
835 2707 2005 2759 fährlich geworden. Er verliebt sich leicht in eine historische oder
168 2707 782 2763 rkultur mit unbarmherziger Selbst
2043 2731 3210 2784 wenn sie daneben schlägt. Durch die gefährliche Vielseitigkeit seines
838 2738 2005 2804 zeitgenössische Umwelt, in der ihm mitunter Erlebnis und Schicksal
164 2749 793 2811 at geißelt, aber dabei die Liebe zu
2040 2773 3206 2822 Schaffens hindurch dringt eine starke satirische Begabung, die er,
838 2787 2005 2829 seiner Helden allzusehr zusammenschrumpft. Bahr hat mehr gute
196 2791 786 2839 Vorzügen untrennbar zusammen¬
2040 2811 3206 2867 so vielerlei er begann und versuchte, sooft er Ansicht und Neigung
838 2818 1998 2871 Expositionen, mehr treffliche erste Akte, in denen das Zuständlich¬
192 2825 789 2878 Einst war Bauernfeld der stärkste
2047 2853 3213 2899 zu wechseln schien, doch konsequent in sich gepflegt und durchgebildet
835 2867 2008 2920 sich breit entfaltet, geschrieben als vom Anfang bis zum Ende
164 2860 789 2930 stverspottung, hinter der eine scham¬
2040 2895 3206 2941 hat. Dafür sei er bedankt und begrüßt. Die kleine Last von fünf¬
1502 2895 1998 2958 seine Dramen erinnern
831 2906 1345 2965 durchgebildete Theaterstücke
171 2913 786 2965 Heimatboden steckt, die ihre eigene
2036 2930 3206 2979 zig Jahren nimmt ihm sicher nichts von seiner kecken Beweglichkeit,
1400 2913 1998 2986 in denen er durch kecke
828 2944 1352 2990 öfter an seine Essays,
164 2948 789 3000 nkt, aber mit Peitschenhieben droht,
2043 2976 3203 3021 die uns manche Stunde des Genusses schenkte und uns sicher noch
1376 2972 1991 3025 und den Schluß fallen läß¬
831 2972 1352 3042 packende Prämissen fesselt
178 2983 789 3045 heranwagt. Aber Bauernfeld war
2040 3007 3206 3056 viele gewähren wird. Und wenn er in späten Jahren einmal stille¬
821 3014 1998 3073 oder in Ironie auflöst. Daß er in einem Selbstbekenntnis seinem
196 3021 786 3084 sein lustiger Feldzug gegen die
2040 3049 3210 3094 halten sollte, so daß es bequemer sein dürfte, ihn abzubilden, dann
831 3059 1998 3105 Jugenddrama „Die Mutter so hohen Wert beimißt, liegt viel¬
164 3049 782 3119 haft bediente sich nur der poetischer
2043 3080 3210 3136 wird es hoffentlich auch an der freundlichen Miene, die der Photo¬
831 3094 1998 3147 leicht daran, daß dieses Stück, in dem das abstruse Motiv der be¬
178 3101 789 3161 indem er die Gestalten der Komit
2040 3122 3210 3192 graph fordert, nicht fehlen. Es steckt genug Liebenswürdiges in
828 3129 1994 3182 wußten Blutschande aus dem Pathologischen ins Tragische gewendet
161 3143 779 3189 de ein milder, versöhnlicher Pessi
2050 3164 3210 3224 seinem munteren, geistreichen Spott, um auch den Spötter selbst,
835 3175 2001 3217 wird, mit mehr Konsequenz durchgeführt ist als die meisten seiner
164 3182 789 3231 te und das Lächerliche gerne ins
175 3189 2983 3318 eine ausgesprochene Kampfnatur, späteren Dramen. Aber auch hier hat zuletzt der satirische Grund der seine Gestalten Revue passieren läßt, zu erfreuen.
