3344 4352
1224 208 1692 297 b 44/10
182 194 949 316 n
1203 400 3096 515 Impression, musikalischer Refler auf Eindrücke von Kraftstellen nicht ganz aus. Namentlich die beiden
1203 491 3098 570 außen ist, und nur wenig von der Innenleben sei. Nachtmusiken fanden starken Beifall, die zweite
1210 539 3106 606 nes Schöpfens kündet. Was Mahlers Phantasie am hätte um ein Haar wiederholt werden müssen. Zum
1203 575 3098 640 meisten anregt sind Vorgänge des Volkslebens, Auf=Schlusse gab es enthusiastische Ovationen für Mah¬
1208 621 3101 697 züge, Märsche, Tänze. Der Alltag zieht ihn an, ler, der etwa ein dutzendmal vor die Rampe gerufen
1203 664 3101 724 eine Frivialität hat keine Schrecken für ihn, ja wurde. Das gehobene Gefühl, einem außerordentli¬
1208 709 3110 769 die Pleinairemusik bildet geradezu eine Spezialität chen künstlerischen Ereignis beigewohnt zu haben,
1220 748 3103 843 seines symphonischen Schaffens. Es ist Geschmack beherrschte Alle. Das Konzert war ausverkauft.
2554 793 3072 846 Dr. Richard Batka.
1215 808 2149 863 sache, ob eine Melodie wie das vom Cello geführte
1213 855 2147 899 Trio des zweiten Satzes, so hübsch es klingt, über¬
1208 891 2154 942 haupt noch als konzertsaalfähig gelten soll — und
1201 937 2149 987 nicht besser in freier Luft, draußen im Gartenpavil¬
1213 978 2152 1030 lon zu spielen wäre. Mahler liebt solche äußerste
1213 1023 2149 1081 Leutseligkeit, die in schroffen Gegensatz steht zu sei¬
1215 1069 2147 1119 nen himmelhohen, wolkensernen Ekstasen. Les ex¬
1210 1107 2154 1165 trêmes se touchent. Nimmt man die Motive ein¬
1210 1145 2159 1208 zeln, so ist wohl keines im höheren Sinne originell.
1210 1193 2154 1248 Tongedanken, die uns als Eingebungen eines schö¬
1220 1236 2154 1294 pferischen Genies sofort überzeugen, fehlen ganz.
604 1227 820 1328 Musik.
1210 1277 2154 1332 Aber wie Mahlers starke Persönlichkeit diese Aller¬
1213 1323 2161 1380 welts=Motive ausprägt und ihnen ihren scharfen
383 1320 1064 1419 Gustav Mahlers „Siebente".
1215 1366 2152 1414 Stempel ausdrückt, so daß sie mit einem Male
1215 1409 2154 1462 Relief und Charakter zeigen, ist eines der merkwür¬
573 1399 882 1483 Die Aufführung.
1215 1457 2152 1502 digsten Phänomene der Kunstgeschichte. Man nenne
359 1455 1186 1534 Arthur Schnitzler soll jüngst in einem Privat
1213 1495 2159 1548 das nicht Mache. Es ist mehr. Es entspringt einer
249 1510 2159 1589 gespräch gemein haben, wenn man nicht wüßte, daß fast dämonischen Kraft, das eigene Ich den Dingen
249 1565 1193 1615 Richard Strauß Arier und Gustav Mahler jüdischen
1220 1582 2154 1632 aufzuzwingen, vielleicht einer Verachtung der Ob¬
249 1610 1191 1677 Abstammung ist, würde man bei dem Schöpfer der
1220 1622 2154 1682 jektivität der Welt, die für Mahler erst Wert und
254 1663 2157 1711 „Salome" unstreitig die üppige erotische Sinnlich Geltung gewinnt, wenn sie in seiner Subjektivität
259 1699 1196 1752 keit, die orientalisch ausschweifende Phantasie, den
1215 1713 2161 1771 zu leben anfängt. Als eine Vereinigung stärkster,
247 1742 1109 1809 Hang zum äußeren Effekt und das Talent
1215 1752 2154 1804 unausgeglichener seelischer Kontraste, als gewaltiger
252 1785 1097 1843 Selbstausmachung, überhaupt das Geschick
1222 1797 2154 1857 Willensmensch und schwärmerischer Naturfreund,
259 1826 1119 1879 wirtschaftlichen Verwertung seiner Arbeiten
1215 1833 2161 1891 als raffiniertester, alle Mittel der Tonkunst mei¬
261 1867 1193 1927 spezifisch semitische Eigenschaften bemerken und ihm
1222 1881 2159 1936 sternder Könner und naiver, volkstümlicher Musi¬
254 1912 1186 1972 Gustav Mahler, als den Mann der mystischen Ver
1220 1924 2164 1982 kant, als Beherrscher riesiger Orchestermassen und
254 1960 1191 2008 beltheit, als gigantischen Felsblocktürmer, als
1220 1967 2154 2018 als delikatester Pointillist der Instrumentation bil¬
264 1998 2154 2066 en keuschen Wunderhornsänger, der die Musik der der Mahler ein Problem, ein Rätsel, dessen Lösung
254 2042 1191 2109 fahrenden Gesellen aus dem Volke symphoniefähig
1220 2068 2161 2111 uns nicht einleuchten will, obwohl wir das geistige
259 2092 1193 2145 macht, als Idealisten, kurzum als den Typus des
1227 2099 2164 2178 Fluidum, das von ihm ausströmt, beinahe körperlich
264 2133 1203 2193 germanischen Künstlers entgegenhalten. Es ist nicht
1224 2142 1632 2205 zu empfinden glauben.
259 2171 1186 2226 meine Absicht, hier die heille Frage nach dem Ver
1320 2176 2159 2233 Man ist gewohnt, daß eine neue Orchester¬
254 2219 1198 2272 hältnis von Kunst und Rasse auszurollen, ich streife
1224 2229 2152 2284 komposition Mahlers einige instrumentale Ueber¬
271 2264 1191 2327 sie nur angesichts des Umstandes, daß Mahler auch
1222 2276 2166 2320 raschungen bringt. Reizend nehmen sich im zweiten
264 2300 1196 2358 im Ausstellungskonzert als spezifischer Vertreter
1222 2317 2154 2365 Notturno die obligate Gitarre und Mandoline aus
264 2348 1186 2403 des modernen deutschen Kunstschaffens ange
1224 2360 2159 2406 Herdenglocken und Ruthen kommen bei Mahler
273 2391 1196 2447 sehen und aufgenommen wurde. Er, den das Urtei
1222 2403 2166 2456 schon in früheren Symphonien vor, werden aber
264 2432 1198 2485 der Verständigen längst zum Generalmusikdirektor
1222 2439 2159 2492 nun, wie es scheint, nicht mehr programmatisch son¬
261 2483 1193 2528 Oesterreichs ernannt hat, bildet als der Erste unter
1222 2483 2166 2538 dern rein koloristisch angewendet. Auch ein solistisch
261 2521 1004 2571 den deutschen Musikern aus Böhmen
1045 2526 2161 2576 ohne hervortretendes Tenor=Horn verdient als ein apar¬
266 2569 2161 2621 selbst zu wollen — ein Politikum. Und doch ist die des Kunstmittel gebucht zu werden, der tausend geist¬
266 2612 2159 2674 Macht seiner Persönlichkeit eine so zwingende, daß reichen, von einem unvergleichlichen Klangsinn er¬
276 2650 1196 2698 sie sogar die strengen Scheidewände zwischen der
1227 2655 1912 2722 hörten Kombinationen zu geschweigen.
271 2689 1196 2744 Nationen durchbricht und die tschechische Musikwel
1335 2672 2164 2744 Von den einzelnen Sätzen scheint mir der erste
273 2737 1193 2792 sich zur Gefolgschaft bewegt. Während früher Sme
1222 2722 2166 2794 der kolossalste; der zweite der populärte, der vierte
264 2782 2161 2835 tana und Dvorak die Tonkunst in Böhmen repräsen¬ ein Leckerbissen, der fünfte endlich der gemeinhin
271 2823 2161 2873 tierten, ist der Held der Ausstellungskonzerte dieses wirksamste zu sein. Interessant sind sie alle, wie ihr
273 2866 2159 2916 Sommers unstreitig unser Mahler gewesen, einfach Schöpfer, in dessen Entwickelungsgange die Sympho¬
271 2914 1210 2967 darum, weil die Andern ihm von ihren Lebenden
1234 2916 2171 2964 nie unstreitig eine wichtige Etappe bedeutet. Mahler,
264 2955 2166 3014 heute keinen mehr als ebenbürtig an die Seite oder der sonst durch das Ungeheure seines Wurfes auch
264 2998 745 3070 entgegen zu stellen haben.
1222 2998 2166 3046 denen imponierte, die ihn als Komponisten ablehn¬
374 3012 1198 3091 Ueber die äußere Beschaffenheit der Sym¬
1227 3043 2166 3094 ten, ist in die Jahre künstlerischer Vollreife einge¬
273 3082 2164 3139 phonie ist schon im Vorbericht das Nötigste gesagt treten und hat seinen Maßstab endlich in sich ge¬
271 3122 1208 3175 worden. Sie hat fünf Sätze und hier stock ich schon.
1236 3122 2164 3182 funden. Das Konzentrierte seiner neuen Schaffens¬
271 3165 1205 3245 Mahler, ist ja nicht der Erste, der die Zahl der
1234 3170 2161 3221 periode läßt die Geschlossenheit und Logik seiner
273 3211 1205 3266 Sätze vermehrt. Die alte, vierteilige Symphonie
1234 3221 2169 3266 Formengebung und Tonsprache nun umso deutlicher
266 3254 1203 3309 war das Erzeugnis einer klugen künstlerischen Aus¬
1227 3254 2195 3316 hervortreten. Mahler hat Bewundernswürdigeres,
273 3295 1203 3348 lese unter den verschiedenen Möglichkeiten. Es er
1239 3300 2188 3357 geschrieben als diese Siebente, als er mit Quadern
283 3340 2173 3398 schien zweckmäßig, den Komponisten von vornherein musikalisch Fangball spielte und in verzückter In¬
276 3379 2190 3439 zu verpflichten, die drei Haupttypen des Empfin¬ brunst seinen Preisgesang auf Gott und Welt an¬
1244 3427 2178 3484 stimmte und mit dem großen Pan auf Du und Du
276 3427 1215 3477 dens: das kämpferische Allegro, das gesangvolle
1236 3472 2171 3525 verkehrte. Aber es ist nichts Duftigeres, Poetischeres
276 3472 1208 3518 Adagio, das rhythmische Scherzo zu durchmessen und
1234 3513 2171 3563 in seiner Phantasie erblüht, als die zweite Notturne.
273 3515 1205 3568 das Ganze mit dem Jubel des Finale zu bekrönen
278 3554 2178 3609 Ich persönlich vermute zwar, daß die Zukunft der Der Romantiker, der Mahler in der Tiefe seines
276 3599 2171 3654 drei sätzigen Form gehört, aber es soll uns daneben Herzens doch ist, spricht sich da so ein und unnach¬
276 3630 2202 3707 auch jede andere recht sein, die sich selbst plausibel ahmlich aus, daß die Bedenken, die man sich ange¬
1244 3681 2176 3738 sichts mancher Momente seines Schaffens nicht ver¬
278 3685 1210 3743 zu machen weiß. Sollen wir aber nicht aus den
278 3724 2171 3791 Bereich der Symphonie auf den Boden der Suite hehen kann, vor diesem köstlichen, klingenden Ju¬
283 3767 2171 3829 geraten, so muß ein geistiges Band die einzelnen viel verstummen. Schade, daß es bei der Aufführung
1239 3810 2207 3863 im hell erleuchteten Saal etwas von seiner füß¬
278 3810 1210 3860 Sätze des Gesamtwerkes zusammenhalten. Leider
1236 3856 2183 3915 heimlichen Wirkung einbüßt. Bei der Generalprobe,
278 3856 1210 3918 huldigt Mahler dem Prinzip des verhaltenen Pro¬
285 3894 2171 3963 gramms. Wir erfahren nicht und müssen's bloß er aus dem herrschenden Halbdunkel heraus war der
278 3939 2181 4004 raten oder gedankenlos hinnehmen, warum auf die Eindruck noch suggestiver und intimer. Das wahr¬
283 3983 2176 4040 marschmäßige „Nachtmusik" des zweiten Satzes ein haft dämonische Scherzo aber hat mich eigentlich
283 4023 2178 4083 düsteres Scherzo=Capriccio und dann wieder eine erst am Abend so recht gepackt, wie denn die Sym¬
1246 4069 2171 4129 phonie mit jedem neuen Hören in geradezu über¬
278 4071 1215 4131 „Nachtmusik" im Serenadencharakter folgt, wieso in
1246 4107 2178 4160 raschender Weise gewinnt. Manches, was anfangs
278 4112 1217 4169 den zweiten und letzten Satz mit einem male Herden¬
1855 4150 2171 4196 te ich
