3392 4352
793 757 1202 890 Anleitung zu
1233 757 1859 893 Anfertigung
1913 757 3075 912 leidungsstücke für unsere Soldaten.
952 958 2854 1190 Man nehme hellgraue Strickwolle (Berlin wolle, eventuell
788 1148 2995 1301 ach hellbraune (khakifarbene) oder irgend andere Farbe, die von den
791 1247 2970 1406 hechtgrauen Uniformen unserer Soldaten nicht absicht. Man beginne
788 1369 2834 1502 die Arbeit wie beim Strumpfstricken und nehme auf vier Nadeln
791 1457 2947 1607 insgesamt 144 Maschen (sam). Man strich abwechselnd zwei glatte
785 1559 2947 1723 und zwei verkehrte Maschen und achte besondere darauf, dass diese
782 1680 2944 1845 Reihenfolge auch dann nicht gut werde, wenn wir von einer Nadel
774 1797 2800 1947 auf die andere übergehe. Die erste Reihe ist mit doppeltem,
782 1890 3035 2086 die übrigen mit einfachen Faden zu stricken. Wir striken strumpfar-
791 2026 2012 2176 tig bis zur Höhe fünfzehn Zentimeter.
782 2086 2862 2295 Dann stricken wir nicht mehr ringherum, sondern hin und zurück
785 2250 2998 2380 um eine Oeffnung zu gewinnen. So setzen wir 20 Zentimeter lang ohne
788 2352 2885 2471 abzunehmen fort. Wenn wir mit der 20 Zentimeter Oeffnung fertig
788 2457 2933 2616 sind, das heisst, wenn das ganze 35 Zentimeter hoch ist, schlies-
776 2576 3055 2737 sen wir auf jeder Seite je 50 Maschen ab. Mit den in der Mitte übrig¬
793 2675 2854 2797 gebliebenen 44 Masch sticken wir weiter, bis das ganze Stück
785 2788 1559 2927 55 Zentimeter lung ist.
776 2890 2916 3049 Damit ist die Strickerbeit beendet; nun formen wir mit derselben
776 2995 2893 3160 Wolle nähend die Kopf- und inform für die letztere rechnen wir
776 3134 1221 3242 6 Zentimeter.
776 3208 2848 3372 Ist die erste Haube fertigt, lassen wir sie durch irgend einen
771 3318 2930 3463 Mann aufprobieren. Die Haube ist dann tadellos, wenn der Rand der
774 3435 2542 3579 Oeffnung sch fest an Stirn, Wange und in schmiegt.
776 3545 2922 3704 Die Schnechabe kann auch so gestricht werden, wie es das Kriegs¬
774 3664 2902 3817 fürsorgeant brieflich mitgeteilt hat. Flanellhauben mögen leich
771 3755 2828 3942 nicht angefertigt werden, da diese sich als weniger zweckmässig
774 3885 1287 4030 erwiesen haben.
