3392 4352
1677 96 2751 166 dringliche Wirkung sicherte, in der er allerdings nun erstarrt
489 116 1636 172 als Vorboten einer kommenden; so konnte ihre Stärke auch vor
1674 154 2821 210 Deshalb konnte er auch eine Reihe von Wiener Typen prägen,
486 148 1636 210 allem darin liegen, Typen zu prägen, für Menschen, die in dieser
1674 201 2821 247 die mehr oder minder kulturwahr sind, sicherlich aber in den
495 201 1636 250 Stadt herumlaufen, einen Ausdruck zu finden, der das Bild des
498 242 1633 291 Alltags= und Durchschnittsmenschen für die Kulturgeschicht¬
1677 242 2824 294 letzten fünf Jahren sehr auf die Gestaltung des Wiener Frauen¬
492 285 1639 344 festhält. In der natürlichen Folge geschah es dann, daß die
1677 288 2824 341 typus eingewirkt haben. — Sowie Schnitzler den Typus des
486 326 1636 384 manchmal etwas verschobenen, (weil durch ein künstlerisches, und
1677 329 2827 381 süßen Mädels" und des „Anatol“, des psychologisierenden
1674 376 2821 419 Liebhabers schuf, so hat Altenberg für die Seelenzustände und
489 376 1639 437 nicht immer rein wienerisches Temperament gesehenen) Typen
1674 413 2821 466 das Wesen der jungen Frau charakteristische Ausdrücke gefunden.
492 413 1630 472 aus der Litteratur in die Wirklichkeit rückten, daß also jene Ein
1674 457 2824 504 Eine Wienerin schlechtweg ist diese bis in die allerletzte Faser
492 454 1639 509 wirkung der Kunst auf die Natur sich einstellte, die man im
1680 501 2818 556 sensitive, unglücklich unverstandene, meist sterile Frau, in der die
492 501 1639 556 Zeitalter des Suobismus in jedem Lande finden wird. So
1677 541 2818 594 Sehnsucht nach der Liebe mit einem Gefühl des Schreckens von
492 541 1633 591 mehrten sich die jungen müden Leute, Beobachter ihrer Seele und
1674 579 2821 632 den Mann gepaart ist, nicht. Ebenso halbwahr ist das junge Mädchen
495 582 1636 638 ihrer Liebschaften, mehrten sich die süßen Mädel", mehrten sich
1674 623 2824 675 Altenbergs, voller Sehnsucht, mit einer unendlichen Liebe zur
486 632 972 690 die unverstandenen Frauen.
1674 670 2824 722 Kunst beschenkt und einem Horror vor dem Leben erfüllt, am
556 655 1636 731 Die ältesten Jung=Wiener stehen heute am Ende der dreißigen
1674 713 2824 763 Wege eine Königin des Lebens zu werden, oder das weise
501 716 1636 774 Jahre, die jüngsten in den Zwanzigern. Vor etwa 15 Jahren
1674 757 2824 806 Kind, in dessen Seele er die Unendlichkeit sieht und notiert.
495 766 1633 824 sind die ersten Werke dieser Männer erschienen, vor etwa vier
1674 801 2824 850 Die Kultur Altenbergs ist feminin. Er haßt den Mann; der
492 806 1639 856 oder fünf Jahren sind die letzten Jung=Wiener ins litterarische
1677 838 2827 891 ist immer brutal. Nur er selbst (er führt sich in seinen
635 850 1636 894 — so zu sagen! — getreten. Natürlich auch nachher
486 853 600 908 Leben
1677 882 2824 932 Skizzen stets persönlich ein) ist der Versteher der Weibesseele,
486 891 1636 943 kamen junge Wiener Schriftsteller, wohl auch Dichter, sicherlich
1674 926 2824 978 der Anbeter der Königin Frau. Ueber die künstlerische
492 935 1633 990 Talente, aber ihrem Gefühls= und Kunstkreise nach kann man sie
1677 969 2818 1025 Ehrlichkeit oder Unehrlichkeit ist hier nicht zu streiten. Siche¬
486 975 1636 1031 nicht mehr zu Jung=Wien rechnen. Sie lieben uns nicht mehr
486 1007 2821 1077 wollen wohl selbst nicht mehr hergezählt werden. Wir leben war die Wirkung dieser Werke groß. Ja, das Wesen gewisser,
1677 1057 2827 1112 schon früher angedeuteter halb=wiener Schichten hat sich gewiß
486 1060 1636 1109 rasch. Von Generationen kann man nicht mehr sprechen; viertel
1677 1098 2824 1147 unter dem Eindrucke dieser Darstellungen geändert. Solchem
489 1100 1636 1159 achtel, bald wohl sechzehntel Generationen scheiden sich, und
1674 1141 2830 1191 Einflusse entspricht immer eine Qualital. Es giebt auch in
492 1153 1642 1205 Jünglinge werden um ihrer Generation willen von noch Jungeren
495 1176 2827 1249 gehaßt. Das Alter des Jung=Wieners hat seine große Be= der That wenige Schriftsteller, die für einzelne Züge der
1674 1214 2827 1281 modernen Frau so gute Ausdrücke gefunden haben. Daß
492 1231 1645 1287 deutung. Eine schöne Zeit für schöpferische Thaten ist ihm in
1674 1261 2827 1322 aber die Triebkraft Altenbergs der Intellekt war, und seine
498 1281 1642 1336 frühen Lebensjahren gegeben; doch muß er — unser kulturelles
1680 1301 2821 1365 philosophische Grundidee an seiner Natur gemessen unehrlich ist,
489 1319 1636 1377 Klima, wenn man so sagen darf, bedingt das — in eben dieser
1674 1348 2705 1415 verhinderte die Entfaltung und Entwickelung solcher Kunst.
507 1354 1639 1427 Zeit große Wandlungen und Stagnationen durchmachen, und es
1738 1371 2827 1441 Der Wiener Dichter Felix Dörmann trägt seit zehn Jahren,
501 1394 1633 1456 scheint das besondere Schicksal der künstlerischen Menschen diese¬
1680 1438 2830 1485 seit seinem ersten Bande Gedichte, eine litterarische Etiquette mit
489 1438 1639 1496 Landes zu sein, daß es ihnen erst spät gegeben ist, innerlich zur
1680 1479 2830 1534 sich; die möchte ich mit leiser, behutsamer Hand ablösen. Ich
492 1488 1630 1546 Ruhe zu gelangen, und insbesondere, daß sie zumeist erst nach
1674 1520 2827 1575 will ihm dann keine neue anheften, auch diese erlitte dasselbe
498 1525 1636 1584 vielen Jahren, nach vielen schönen Verheißungen zu wirklich reifen
1674 1563 2836 1613 Schicksal; wie jene alte würde sie von Wahrheit zur Lüge wandern.
498 1572 1639 1627 Werken kommen, die die Versprechungen halten, die ihre erste
1674 1607 2824 1657 Denn verjährte Wahrheiten sind neugeborene Lügen. Im übrigen:
507 1613 1639 1677 Jugend, ihre frühesten Werke ausgestreut haben. Um das 30.
1680 1642 2821 1723 Man kann den Satz auch wenden: Wenn Lügen greis werden
504 1659 1636 1712 Lebensjahr herum ist für den Wiener Künstler zumeist eine Wende
1680 1691 2143 1764 sind es junge Wahrheiten.
498 1703 1636 1755 Die Jahre sind da gekommen, wo er alles Jünglingshafte
1732 1715 2824 1796 Als das zwanzigste Jahr die jungen Glieder des Dichters
501 1747 1636 1802 Sprung afte, Unbeständige und Spielerische abstreift. Allerdings
1680 1776 2827 1840 ins Leben drängte, gab er sein unerlebtes Erstlingswerk, die
498 1785 1639 1840 oft und oft mag es geschehen, daß mit der ersten Jugend seine
1683 1825 2830 1881 „Neurotica". Man merkt die Kapriole, die der Gesundheit ins
504 1828 1636 1889 künstlerische Potenz, die eben nur in seinem Jünglingstume lag
1683 1869 2830 1924 Gesicht geschlagen wird. Man merkt auch, daß diese Leiden der
492 1872 1639 1951 ausgeschöpft ist. Allerlei Beispiele wären da mit Trauer zu
1680 1910 2827 1965 Nerven mehr geahnt und gesungen, als gelebt sind. Man versteht
498 1919 1639 1968 nennen. Wie immer: an den Werken, die an der Schwelle
1683 1951 2824 2009 dann schließlich, daß dieses Buch, wie fast alle Werke junger
492 1959 1642 2015 des 30. Jahres geboren werden, sollt Ihr die Wiener Dichter
1683 1991 2824 2052 Dichter, aus der Sehnsucht geboren ist; aus einer kranken, blassen
495 2000 1642 2055 erkennen. In der folgenden Charakteristik einzelner Wiener
1683 2041 2821 2090 Sehnsucht heraus — das will ich gerne zugeben. Noch vertritt
501 2047 1636 2105 Autoren wird man sofort das Fehlen des Bestrebens vollständig
1689 2084 2821 2146 Intuition den Platz des Erlebnisses. Sehnsucht nach Leben ist
498 2087 1645 2151 zu sein erkennen. Nur von jenen spreche ich, in deren Werken
1683 2119 2830 2183 manchmal intensiveres Erlebnis als die That selbst. Er dichtete
498 2128 1645 2186 ein neues kulturbildendes Element zu finden ist und deren
1689 2166 2821 2230 zuerst von den lüsternen Wonnen der tausendfältigen Schmerzen,
507 2178 1639 2227 bisherige Entwickelung darauf schließen läßt, daß ihre kommende
1686 2207 2833 2271 dann lebte er sie. Es waren die Leiden des jungen Werther,
501 2218 1642 2271 litterarische Thätigkeit für engere oder weitere Kreise etwas
1680 2253 2818 2312 ersehnt und gesungen im Jahre 1890, und kleine Mädchen, in
509 2256 1642 2314 Positives bedeuten wird. Es ist also auch offenkundig, daß unter
1683 2294 2824 2355 deren stille Gesichter — nur dem einen sichtbar — unheilige Wünsche
507 2300 1642 2355 dem Gesichtswinkel: Jungwiener Kultur eine Reihe von
1683 2341 2821 2393 und Begierden tausend verschwiegener Laster trugen — halfen
501 2341 1642 2396 kräftigen Schriftstellern wie F. v. Saar, der jüngst verstorbene
1683 2376 2830 2440 dann die Sehnsucht zum Leben wandeln. Und mit einem langen
504 2381 1636 2440 C. Karlweis, ja sogar die Dichterin Marie Eugenie delle Gracie
1686 2425 2827 2477 Barte, einem blassen Gesichte ging der Jüngling umher, erhob sich
498 2434 1659 2501 trotzdem der philosophische Gehalt ihrer Dichtungen auf allerlei
1686 2466 2833 2530 Tag für Tag und erlebte. Und er fand Sensationen, schuf sie
507 2475 1624 2530 Umwegen auf Nietzsche zurückgeht, unberücksichtigt bleiben müsse
1683 2509 2824 2568 nun zum Leben, wie vorher zu Versen. Es herrscht die Pose.
501 2515 1636 2582 Sie sehen im Leben anderes und anders. So wirken sie an
1689 2556 2824 2606 Das klingt nun so häßlich. Ich wundere mich selbst, daß ich
498 2556 1645 2614 andere und anders. Für die moderne Wiener Kultur bedeuten
1680 2594 2818 2649 leise lächelnd ohne das Gefühl, mit diesem Urteil zu vernichten“
504 2603 1642 2664 sie also schließlich so wenig wie die feinsten bildenden Künstler
1686 2623 2833 2702 diese Meinung herschreibe. Ja, Pose — das ist dem Dichter doch
501 2643 1642 2702 der achtziger Jahre. Es sind mehr oder weniger Epigonen, und
1689 2687 2827 2737 eigentlich nichts, als der Wille zu einer bestimmten, ihm idealen
498 2684 1642 2751 deshalb ist ihnen trotz allen Willens zur Moderne eine tiefe Ehe¬
1686 2722 2827 2777 Schönheit. Sie ist der Schminkopf der Poetik (nicht der Poesie,
498 2737 1648 2818 wirkung auf das neue Leben verschlossen. Litterarischästhetische
1686 2774 2827 2827 ich bitte). Eine Seite im eigenen Wesen ist dem Künstler die
504 2774 1229 2838 Interessen mögen sie ja trotzdem erfüllen.
1689 2806 2821 2865 liebste; so möchte er diese allein erklingen lassen, übertönt so die
559 2804 1648 2882 Hermann Bahr gilt als der Mann der tausend Wandlungen und
1680 2850 2827 2911 anderen, drängt diese Nuance in den Vordergrund, ist unduldsam,
504 2868 1651 2926 Ueberwindungen. Er ist kein Wiener. In Oberösterreich, in Linz liegt
1689 2900 2824 2949 einseitig. Ein monotones, verschobenes Menschen= und Daseinsbild
507 2917 1648 2969 ihm die Heimat und sein Wesen, tritt es rein und klar zu Tage, zielt
1686 2943 2824 2996 ist die Folge. Dem armen Autor zur Spitzmarke geworden sind
507 2952 1642 3019 zum Lande. Er hat das heftige Bestreben gehabt, diesen Zug
1686 2984 2833 3039 die Perse, in denen er sagte, daß er die Hektischen, Schlanken
504 2999 1642 3060 auszumerzen, oder doch zu übertönen, zu betäuben. Er wollte
1689 3034 2836 3086 liebt, Narcissen mit blutrotem Mund, ... ich liebe, was niemand
504 3039 1642 3098 ein Europäer werden. Er sagte von sich, ihm sei nichts fremd
1683 3068 2437 3133 erlesen . . . Alles, was seltsam und krank.
504 3080 1642 3138 zwischen Wolga und Loire, oder zwei ähnlichen Flüssen; man hat
1750 3100 2824 3179 Der Vers steht in den „Sensationen", dem zweiten Bande
507 3127 1648 3185 diese alten Geschichten allzu oft erwärmt. In der That, er
1686 3167 2833 3220 des Dichters, der das Motto trägt „Pénétrance jusqu'à la
509 3167 1642 3229 gehört zu den besten Kennern gallischer Art, hat oft Pariserisches
1680 3208 2827 3261 douleur“ und der nun acht Jahre alt ist. Aber während die
507 3211 1642 3264 an sich. Von dort hat er sich Feinheit der Nerven mitgenommen
1686 3246 2827 3301 Verse wirkten, hatte das Leben nicht immer mütterlich den Dichter
507 3255 1645 3310 dort hat er seine bewegliche Natur zu üben, ihr jede Freiben
1689 3298 2830 3348 in seine Arme genommen. Er hatte nun Neurotica und Sensationen
504 3298 1651 3348 und Laune zu gestatten, gelernt. Dann kam er heint. Und
1689 3339 2824 3383 erlebt, und war müde geworden, nun wirklich müde. Und er
507 3333 1654 3389 man kann ihn sich heute mit allen seinen Bizarrerien von dieser
1694 3374 2827 3435 hatte nun ein schmerzliches, wehes Lächeln um die Lippen, nicht
509 3374 1645 3429 Stadt nicht wegdenken. Nun, da er in der zweiten Hälfte
1686 3418 2827 3479 weil ihm diese Pose gefiel; er lachte, weil ihm nicht zum Lachen
518 3421 1651 3473 der dreißiger Jahre steht, kommt stärker und stärker sein
1686 3464 2824 3514 war. Aber wie das so geht: Als er von Schmerzen sang, da
518 3461 1651 3517 Oesterreichertum zum Vorschein. Den „frozzelnden“ Ton, das
1691 3508 2830 3555 war es Frivolität. Nun er Schmerzen litt, sang er nicht von
512 3502 1648 3560 heißt die leise spottende, etwas höhnische, aber doch nicht in die
1691 3549 2824 3610 ihnen; aus Scham — lachte er. Und sein drittes Buch, das
518 3549 1645 3601 Tiefen gehende Art des Maisonneurs — hat er immer gehabt
1697 3592 2833 3642 „Gelächter“ dieß und einen Fünfundzwanzigjährigen zum Dichter
512 3592 1651 3645 Aber die „Verruchtheit, die er früher gerne an sich hatte, ist
1686 3630 2821 3689 hat, ist das erste durchaus ehrliche. Aus den Leiden ist die Ver
515 3636 1648 3686 geschwunden, hat einer ruhigen, besonnenen Art Platz gemacht
1686 3677 2824 3732 achtung geboren, die doch nur halb ist. Denn stärker als Verstand
518 3683 1654 3729 Und mit Bewußtsein, wie ja Bahr überhaupt nicht ein naiver
1691 3723 2830 3773 und Wille sind in diesem Menschen die Triebe. Deshalb ist er
509 3723 1651 3773 Künstler genannt werden kann, hat er dementsprechend seinen
1694 3761 2827 3817 wohl ein Dichter. So klingt ein nicht überwundener Schmerz,
518 3758 1654 3814 Stil gewandelt, ist von einem schillernden unruhigen grotesken
1694 3805 2830 3857 der Wille zur Befreiung von der Erotil, die dieses Menschen
509 3808 1648 3857 Ton zur Weise des alten Goethe gekommen. Und der Inhalt
1691 3846 2824 3898 einziges Lebenscentrum ist, durch die Verse. Deshalb sagt er
524 3852 1657 3904 seines litterarischen Thuns hat sich ebenso umgeformt. Seine
1686 3887 2833 3936 Höhnisches. Wer durch den Wald geht und sich ängstigt, schreit.
509 3889 1657 3942 ethische Ader tritt hervor. Natürlich nennt man das die dene
1697 3927 2824 3977 Der Sentimentale wird frivol. Conismus ist Selbstflucht. Die¬
524 3936 1648 3986 Pose. Aber ich glaube, die Leute nennen oft und oft eben das
1694 3968 2827 4020 ist das Schicksal des Dichters dieser Verse. Sie sollten eine Er¬
512 3977 1645 4032 die Pose eines Menschen, was sein Tiefstes und Bestes ist, eben
1694 4020 2827 4064 lösung sein. Aber von seiner eigenen Natur befreit keinen der
521 4015 1648 4067 was nicht nach Außen liegt, was einem nicht gleich in die
1700 4055 2833 4114 Wille. Die Jahre, die geben, die Schmerzen, die man leidet,
518 4055 1651 4111 Augen fällt, und Pose ist vielleicht wirklich nichts anderes, als
1686 4102 2833 4154 und jene, die man zufügt, reinigen. Und die Welt gewinnt ein
512 4099 1645 4154 die Verstärkung jenes Wesenszuges, der einem in sich an
