3392 4320
905 172 2971 307 3.) FAUSTLINGE, ca. 30 cm lang, mit 12er oder 14er Nadeln ge-
635 292 3004 433 strickt, ungefähr 60 Maschen anschlagen, 36 Gänge immer 2 glatt, 2 ver-
629 365 3063 534 kehrt, 2 Finger breit glatt, dann dreimal 2 Maschen aufnehmen, doch immer
626 488 2891 638 5 Gänge darüberstricken; an dieser Stelle wird der Daumen gestrickt.
617 589 3038 776 Daumen: 8 Maschen extra anschlagen, 20 Gänge mit 24 Maschen in der Runde
620 712 2955 875 zum Schlusse bei jeder Reihe abnehmen. Vom Daumen dann 12 Maschen auf-
608 841 2796 1028 nehmen und bis zum Zeigefinger 3 Finger breit glatt. Zeigefinger:
608 979 2980 1099 4 Maschen extra anschlagen, 22 Gänge, 18 Maschen in der Runde rasch ab¬
605 1071 2909 1243 nehmen. Für die übrigen 3 Finger 32 Gänge glatt, dann rasch abnehmen.
868 1200 2894 1341 4.) LEICHEN, grau 2 Streifen: 125 cm. lang je 30 Maschen An¬
605 1298 2928 1479 schlag, erster Streifen: 95 - 100 cm lang, 60 Maschen Anschlag, immer
601 1412 2897 1593 glatt fortgestrickt mit 6 mm.Holznadeln, sehr locker. Die Art der Zu-
598 1550 2888 1700 sammensetzung ist im Kriegsfürsorgeamt ersichtlich. Stützeln 2 glatt,
586 1642 2004 1807 2 verkehrt, 9 cm. lang separat anstricken.
853 1761 2894 1921 5.) KNIEWARMER, Anschlag 14 Maschen, den Rand stets mit einer
589 1863 2909 2047 Kettelmasche immer glatt stricken; bei jeder vierten Nadel (Reihe je
592 1976 3060 2170 links und rechts eine Masche aufnehmen, bis 42 Maschen auf der Nadel sind.
595 2117 2900 2286 56 Nadeln werden ohne Aufnehmen gestrickt; nach diesen dann bei jeder
583 2234 2980 2369 Nadel links und rechts abnehmen bis wieder 14 Nadeln sind. Dieses Stück
605 2351 2977 2519 am Anfang und Ende zusammenstricken. Dies ist das Mittelstück des Knie-
592 2452 2949 2615 wärmers, dieses Mittelstück auf jeder Seite der Rundung. Die 84 Kettel-
583 2565 2854 2737 Maschen werden auf 4 Nadeln aufgefasst und in der Rundung 60 Reihen
589 2716 2670 2891 2 glatt, 2 verkehrt gestrickt und abgekettelt; locker ketteln.
1513 2802 1939 2940 n
749 3302 2756 3541 schlagen be, ihren
2415 3495 2710 3633 6
740 3480 2326 3658 en retkerbrache du
1059 3624 2117 3830 garten 55 Reihen
736 3618 997 3870 .
