3344 4352
143 196 1016 324 nous
1196 200 1678 305 box 44/10
995 1069 1088 1153 ﻿770
988 1174 2351 1248 Dichters stolze Naturehrfurcht daneben steht, hat sein Verachten nichts
990 1222 2356 1287 Negierendes; kaum noch etwas Herabsetzendes. Die Menschen gelten
990 1275 2360 1341 ihm als klein, weil sie von der Natur immerzu wegstreben; weil sie
988 1327 2353 1387 ihr nicht vertrauen wollen; weil sie alles besser machen wollen. Könnten
993 1374 2353 1442 sie sich dazu verstehen, ganz wieder in die Natur hineinzuwachsen, sich
990 1429 2351 1492 ihrem innersten Wesen nach mit ihr zu decken, sie würden wieder groß
986 1477 2353 1539 werden. Das ist Schönherrs Glaube; doch ist der Mann nichts
981 1528 2348 1587 weniger als ein Prediger. Dafür ist er als Arzt zu sehr Realist und
990 1578 2344 1635 praktischer Helfer. Und dafür hat er auch zuviel Humor. Schönherrs
983 1623 2351 1689 Weltbild ist düster, aber mit seinem Humor wirft er aufhellende Lichter
983 1676 2344 1744 hinein. So vollzieht sich für ihn der Ausgleich der Gegensätze; ganz
983 1725 2341 1783 wie in der Natur, die, wie sein erstes, so auch sein letztes Wort ist.
2014 1780 2313 1847 Franz Servaes.
983 1948 1790 2031 Der Schrecken der Völker.)
1102 2026 2350 2119 Die Völker verbluten bei der Ausrüstung von Landheeren und
983 2095 2353 2150 Kriegsflotten. In fieberhaftem Tempo wird deren Vermehrung und Ver¬
988 2145 2348 2217 stärkung betrieben. Mit banger Angst überwacht man sich gegenseitig.
995 2189 2353 2255 Wehe dem Staate, dessen Nachbar ein brisanteres Geschoß oder eine
981 2239 2350 2315 widerstandsfähigere Panzerplatte erfindet. Die bisherige Ausrüstung wandert
983 2289 2344 2343 in die Rumpelkammer, und mit Milliarden von der Bevölkerung abge¬
983 2341 2355 2403 preßten Steuergeldern wird jener Rekord zu schlagen versucht. Diesem
981 2389 2344 2453 wahnwitzigen, angstvollen Hasten droht ein furchtbares Gespenst. Heute
986 2434 2344 2504 schon ahnen erregbare Gemüter, wie das Riesenluftschiff aus fast un¬
981 2492 2348 2551 erreichbarer Höhe Brund und Tod auf Armeen und Flotten herab¬
983 2529 1162 2601 schleudert.
1096 2587 2344 2658 Es ist nun interessant, zu sehen, wie sich verschiedene Autoren zu
976 2635 2348 2701 diesem unheimlichen Zukunftsbilde stellen. Während Rudolf Martin in
986 2683 2332 2744 seinem (in der „Wage“ vom 14. September 1907 besprochenen) Buche
974 2740 2343 2799 „Berlin—Bagdad" (Deutsche Verlagsanstalt, Stuttgart 1907) damit
976 2783 2344 2838 einfach den Schauplatz des Zukunftskrieges der Erde entrückt und in die
978 2831 2346 2902 Luft versetzt glaubt, will Seeliger darin ein Mittel erblicken, um
981 2880 2348 2952 dem Kriege selbst ein Ende zu bereiten. Krieg dem Kriege ist seine
983 2928 2348 2985 Devise. Von ihr beseelt, baut der Held seines Romanes, Waldemar
983 2978 2344 3036 Quint, sein Luftschiff, das dem Sturme nicht standhält und von den
983 3029 2344 3088 Wellen verschlungen wird. Mit der Zähigkeit des sein Ziel unverrückt
979 3072 2344 3146 im Auge haltenden Genies geht Waldemar Quint sogleich daran, ein
976 3131 2344 3202 neues Luftschiff zu bauen, nachdem er erkannt hat, welch unermeßliche
981 3176 1909 3231 Energiequelle die atmosphärische Elektrizität bietet.
1098 3224 2348 3281 Er vermag Wasserstoff und Knallgas zu kristallisieren. Durch ersteres
979 3265 2346 3339 bringt er, sein Fahrzeug zum Steigen, mit letzterem sprengt er in den
979 3324 2346 3382 Basaltfelsen an der Küste Madeiras ein allen Gefahren standhaltendes
969 3367 2341 3434 Laboratorium. Mit den Rhombendodekaedern aus Knallgas zerschmettert
967 3432 2353 3494 er das Gefängnis der französischen Deportierten in Formigas und ver¬
979 3470 1986 3525 schafft sich so ihm bis in den Tod ergebene Arbeiter.
1088 3572 2346 3687 *) Ein Weltroman von Ewald Gerhard Seeliger. Concordia, Deutsche
967 3640 1795 3718 Verlagsanstalt (Hermann Ehbock), Berlin, W. 30
