3344 4352
1221 225 1687 316 box 44/10
174 233 1036 322 13. Miscellaneous
837 1348 2362 1460 Das Kaiser-Jubiläums-Stadttheater und die
473 1434 1085 1509 Se frecher Goi und Directer!
1339 1460 2350 1521 sollen besuchen etwas ä Theater, wo mer nix kenn verbieten
358 1477 1286 1553 Se schicken uns, der Redaction vin etwas aner
1337 1507 2350 1566 dem Directer, daß er aufführt à Stuck van an Arier, wos
276 1528 1290 1595 „Sonn= und Montags=Zeitung", zwei Parketsitze zu der
1333 1551 2339 1606 is nix Mitglied von der „Concordia“, und wos am End
282 1568 1295 1623 Eröffnung vom Antisemitentheater in Wahring. Se sennen
1337 1587 2350 1644 ä anständiges und ä gescheidtes Stuck verfaßt hat, um
267 1610 1290 1670 jedenfalls etwas am Kopf gefallen, weil Se sich sonst
1335 1627 2350 1676 dodermit auszustechen unsern Dörmann und Ebermann?
273 1649 1284 1702 nicht mechten erlooben soi ä Keckheit. Doderum schicken
1341 1661 2352 1725 Na, Se Antesemiten=Directer, etwas soi a Theater muß
273 1693 1290 1744 mer Ihner anfach de Billetter zurück und mechten uns
1331 1706 2350 1782 todtgeschwiegen werden und werd todtgeschwiegen
267 1733 1282 1805 an for allemal verbeten hoben à Zusendung von anti¬
1333 1740 1473 1793 werden.
278 1765 686 1816 semitische Theaterkarten.
1417 1769 2344 1845 Mer werden nix geh'n in a Theater, wo mer nix
350 1790 1290 1863 Se werden fragen: Wie haaßt? Worum wollen de
1341 1807 2339 1880 kennen tonangebend sein im Parkett, wo nix kenn herum¬
269 1843 1284 1899 Jüden vom koschersten Blatt uix geh'n in etwas ä Kaiser¬
1339 1862 2344 1922 steigen unser Ferdinand Groß, wos is der Präsident van
269 1886 1290 1945 Jubiläums-Stadttheater? — Etwos doderum: Aufm
1333 1899 2346 1960 der „Concordia, wie etwas ä Ferscht oder ä Kenig, wo
273 1930 1290 1981 Jubiläums=Stadttheater pickt der schwarze Fleck vom
1333 1939 2344 1994 nix werd dos ganze Publikum in Ehrfurcht werd ersterben
276 1966 1288 2023 Antisemitismus. Laad af uns, wenn mer mechten geh'n
1339 1979 2341 2038 vor seine schlamperte Augen. Ae Theater, wo des
267 2005 1284 2059 hinein und etwas an gelben Fleck uns heraufpicken lossen
1339 2017 2344 2072 Publikum werd bestehen aus etwas ä Volk, so daß mer
269 2051 1282 2100 af de Achsel Na, Herr Müller=Güttenbrünn, Se hoben
1333 2064 2341 2125 nix amol kenn keck sein, weil man sich ferchten muß, daß
276 2079 1284 2138 siach geschnitten, wenn Se hoben gewollt auf de Art
1333 2104 2290 2166 mer etwas von an antesemitischen Volk ä Patsch kriegt
269 2123 1274 2182 herausbringen de schwarz gelben Forben fors Kaiser¬
1335 2136 1848 2195 soi ä Theater is nix for uns.
276 2159 1284 2212 Jubiläums=Stadttheater. Mer geben uns nix her zur Ver¬
1411 2151 2337 2238 Doderum, Müller=Güttenbrünn, werden mer boy¬
276 2206 1282 2255 zierung von etwas ä Müsentempel, wos ka Judentempel
1333 2208 2337 2272 kottiren Ihner Theater, weil es etwas sein soll ä Heim-
269 2246 1284 2308 is, wie etwas zum Beispiel ä Carl-Theater und ä Josef¬
1331 2255 2329 2314 stätte for der Kunst, und nix ä Heimstätte for de Jüden
267 2274 1032 2331 städter Theater und so weiter und so weiter.
1328 2299 2341 2356 wos hoben de Kunst am Hund gebrocht, weil se doderbei
339 2320 1280 2380 Mer gengen aber auch nix in ä Haus, wo mer nix
1333 2335 2337 2401 ä Rebbach machen und ä Schab. Lossen S' Ihner's
267 2352 1274 2411 de Herren sein doderdrin. Püh, wie haaßt? Mer sollen
1328 2369 1672 2433 gesogt sein von der
269 2399 1274 2456 vielleicht etwas ä Reclam' mochen for å Theater, wo ni¬
1466 2409 2299 2479 Redaction der „Sonn= und Montags=Zeitung".
267 2439 1276 2486 werden aufgeführt de Stück vänä Landesberg, à Buch¬
261 2475 1278 2532 binder, Engels, ä Julius Bauer, à Wittmann, ä
1405 2485 2329 2557 Wir glauben den tiefen Sinn der langen Epistel,
267 2515 1282 2576 Schnitzler, à Herzl, à Dörmann und wie se olle
1329 2515 2341 2587 welche Scharf und Genossen an den Director des neuen
265 2549 1282 2617 haißen, de genialen Dichter vom Stamm Juda? Mer
1335 2568 2329 2625 Jubiläums-Stadttheaters, Herrn Müller=Guttenbrunn,
261 2591 1278 2651 sollen sich verinteressiren for å Theater, wo mer nix kenn
1329 2615 2327 2666 richteten, vorstehend ziemlich richtig wiedergegeben zu haben
261 2634 1274 2691 mit Directer herumcommandiren und ihm nix kenn
1328 2647 2333 2725 Wer unsere Theaterzustände kennt, der vermag zwischen
256 2668 1278 2731 befehlen, zu geben etwas den greßten Schund, wenn er nur
1328 2685 2324 2742 den Zeilen des in der letzten Nummer der „Sonn= und
258 2714 1290 2793 is gedichtet wün an Mitglied von der „Concordia"? Mer
1329 2727 2343 2807 Montags=Zeitung veröffentlichten Briefes zu lesen, der
2399 1356 2818 1473 Judenpresse.
2401 1464 3253 1532 vermag die Wuth zu begreifen, welche sich de
2403 1521 3253 1583 Literaturjuden bemächtigte angesichts der That¬
2396 1557 3253 1621 ein Theater in Wien entstanden ist, dessen Pfort
2401 1598 3253 1665 Tantièmen=Hamstern verschlossen bleiben, um so
2397 1638 3253 1701 deutschen Volksmuse ein Heim und ein Hort
2403 1678 3242 1735 Darum Zeter und Mordio, darum Pech und
2397 1718 3252 1780 über diesen glücklich vollendeten Bau, der einen
2399 1756 3246 1818 in der Wiener Theatergeschichte bedeutet und in
2401 1797 3191 1852 sich — nach den Worten Dr. Lueger's
2397 1841 3248 1890 wirklichen Wiener wirklich heimisch fühlen werd
2466 1879 3253 1935 Aber Director Müller=Guttenbrunn mö¬
2401 1907 3236 1968 auch wirklich gesagt sein lassen von den Scharf,
2396 1956 3238 2007 berg und Consorten! Denn es war nach all
2397 1990 3261 2051 feindungen von jüdischer Seite, welche das In
2392 2030 3253 2094 Theater erleiden mußte, ein Lapsus sonderg
2394 2072 3253 2127 die jüdischen Recensenten zur Eröffnung des Ju
2388 2112 3250 2165 Theaters einzuladen. Oder ist es etwa ein Erfol¬
2392 2151 3248 2212 sich Director Müller=Guttenbrunn auf seine höfl.
2390 2193 3271 2254 ladung von Scharf und Genossen mit geziemen
2392 2225 3233 2286 tung behandeln lassen muß? Ist Director
2392 2269 3261 2322 Guttenbrunn von der Judenfurcht, oder besser ge¬
2382 2307 3246 2363 der Furcht vor der Judenpresse noch nicht
2382 2360 3244 2407 er die jüdischen Tintenkleckser in ein Haus ladet,
2382 2394 3252 2449 absolut nichts zu suchen haben? Das neue
2386 2426 3240 2481 hat die Aufgabe, echte, deutsche Kunst zu pflegen
2379 2468 3272 2526 bisher von der jüdischen „Concordia“ und ihrer
2386 2509 3257 2558 unterdrückten heimischen Talenten Geltung zu ver¬
2433 2553 3261 2608 und aus einem Theater mit solchem künstlerisch
2384 2585 3252 2646 gramm müssen die kunstverderbenden ja
2382 2627 3200 2687 Tintenkuli hinaus. Wir hoffen wirklich,
2382 2659 3240 2718 Müller=Guttenbrunn läßt sich nicht noch einige
2384 2708 3252 2776 erstatterkarten vor die Füße werfen — denn Re¬
2382 2746 3206 2807 er in gewissem Sinne, der Jude Scharf!
