3344 4352
192 218 1055 333 13. Miscellaneous
1244 235 1720 331 box 44/10
1107 1348 2292 1473 chen gesteuert werden? Die „Neue Freie Presse soll bei der letzten
1106 1397 2161 1492 Gelegenheit gegen 2400 Kronen in die Debatte gezogen haben.
1220 1443 2292 1565 Kahlkopf. Von dem Verschleißer eines Haarwuchsmittels erhalte
1098 1470 2295 1590 ich — in gedrucktem Zirkular — das folgende Angebot : „Löbliche
1100 1510 2284 1630 Redaktion! Erlaube mir mit diesem anzufragen, für welchen Preis Sie
1097 1553 2284 1672 mir die nebenstehende Empfehlung in Ihrem geschätzten Blatte ver¬
1094 1601 2277 1714 öffentlichen möchten. Wollen gefälligst die Preise für einmalige Ein¬
1088 1635 2275 1755 schaltung und bei Wiederholungen, wöchentlich, monatlich, viertel, halb¬
1089 1676 2272 1795 und ganzjährig angeben. Bitte auch die Zahlungsbedingungen anzugeben.
1083 1711 2268 1836 Diese Empfehlung wünsche ich im redaktionellen Teile
1082 1751 2274 1864 zwischen die Zeitungsartikeln (freilich ohne Umrahmung), weil es
1083 1794 2270 1914 nicht wie ein Inserat, sondern nur wie eine Empfehlung
1076 1834 2267 1950 aussieht. Ersuche dieses gleich in die folgende Nummer einzureihen.
1079 1870 2268 1993 Bitte auch um die Mitteilung, welchen Preis Sie mir bestimmen, wenn
1078 1904 2262 2026 ich diese Empfehlung gleichzeitig im redaktionellen, sowie auch im
1073 1947 2261 2061 Inseratenteile eingeschaltet wünsche und zwar auf der ersten Seite, so
1070 1990 2250 2096 daß es in jeder Nummer zweimal angeführt ist. Erbitte mir die denk¬
1073 2029 2256 2145 barst niedrigsten Preise, denn ich bin entschlossen, ganzjährig zu inserieren.
1066 2060 2253 2183 Hoffe, daß mir die Preise, sowie Bedingungen günstig gestellt werden,
1066 2108 2247 2228 worauf ich dann Ihr steter Kunde bleibe, denn mein Geschäft ist gut
1061 2148 2252 2259 eingeführt, erfreut sich allgemeinen Wohlwollens und hat eine große
1058 2185 2249 2298 Zukunft zu erwarten. Belegnummern erwünsche ich mir nach Erscheinen
1063 2223 2243 2338 jeder Nummer. Nach Übersehen verteile ich diese in die umliegenden
1061 2268 2234 2387 Gasthäuser und gebe sie auch Jedem, der sich fürs Lesen interessiert,
1052 2307 2238 2418 und damit mache ich Ihnen nicht nur Reklame, sondern auch Ihrem
1054 2339 2232 2464 Blatte große Bekanntschaft. Auf baldige und günstige Rückäußerung
1055 2384 2234 2495 wartend, zeichne ich hochachtungsvoll. — Der Mann hat sich
1049 2432 2234 2534 offenbar durch die Betrachtung über den kosmetischen Schwindel in
1046 2461 2133 2576 Nr. 156 der Fackel zu diesem ehrbaren Antrag ermutigt gefühlt,
1164 2509 2228 2628 Literat. In der „Literarischen Praxis veröffentlichte kürzlich der
1037 2552 2225 2666 österreichische Schriftsteller Roda Roda die folgende Verwahrung: Ihre
1034 2591 2223 2706 sehr gesch. Nr. vom 1. d. M. enthält einen Artikel „Österreichische
1027 2614 2220 2756 Schriftstellermisère, den ich ausdrücklich widerlegen will, wiewohl jedem
1030 2662 2207 2776 halbwegs Kundigen das Nichtzutreffende in des Herrn Autors Aus¬
1028 2702 2209 2818 führungen ohnehin in die Augen sticht. Zunächst ist es wohl augen¬
1028 2753 2207 2865 scheinlich unrichtig, daß „die Norddeutschen auf die süddeutsche und
1026 2787 2203 2897 da namentlich auf die Wiener Literatur mit scheelem Blicke sähen.
1026 2819 2206 2943 Namen wie Artur Schnitzler, Hofmannsthal, Peter Altenberg, Paul
1026 2863 2201 2980 Busson, (Wiener, Hugo Salus und Gustav Meyrink (Prager) widerlegen
1020 2907 2194 3014 die ungeheuerliche Behauptung durch ihren guten Klang, der auch in
1017 2937 2200 3057 Norddeutschland allenthalben Sympathien auslöst. Diese und andere
1017 2984 2182 3102 Österreicher werden dafür sorgen, daß der österreichische Sangesfrühling
1017 3022 2194 3142 (wie der Herr Verfasser befürchtet nicht doch noch erstickt werde. Von
1012 3056 2182 3176 einem Vorurteil der Kritik gegen Österreicher zu reden, ist angesichts der Er¬
1011 3099 2186 3210 folge der eben genannten Autoren nichts als widersinnig. Es ist auch
1006 3133 2189 3249 nicht wahr, daß wir in Österreich keine gute Verlagsanstalt haben. Ich
999 3185 2185 3295 erinnere an die Österreichische Verlagsanstalt, den Wiener Verlag, die
