3392 4352
204 222 1066 340 13. Miscellaneous
1261 243 1736 350 box 44/10
1567 1210 1662 1289 83
1004 1349 2186 1437 vielleicht schenkt er der deutschen Bühne schließlich
1006 1406 2190 1477 doch noch das Lustspiel, das viele seiner Freunde und
1013 1443 2193 1528 Verehrer von ihm erwarten. Daß er noch kein
1009 1507 2193 1582 größeres geschrieben hat, würde nichts beweisen, denn
1004 1553 2193 1635 das Lustspieltalent reift auch bei den Berufenen spät
998 1604 2186 1680 und entwickelt sich langsam. Sie können es nicht
1001 1655 2184 1730 erwarten, die Verantwortlichen der Entwicklung; dieses
1003 1690 2183 1776 Trauerspiel sehnt sich nach einem Lustspiel, und es
998 1738 2175 1835 ist schon da, denn die Gesellschaft steht besorgt vor
994 1791 2174 1875 ihrem brütenden Dichter, mästet ihn mit Zureden, und
995 1843 2175 1931 es kommt nichts heraus. Wie sollte es? Das Lustspiel
992 1890 2171 1976 gibt man denen nicht, die es wollen, und gibt jener
997 1949 2174 2013 nicht, den sie wollen. Gibt nicht die Liebenswürdigkeit
992 1989 2174 2073 eines Talentes, das sich in üble Laune verzogen hat, weil
992 2039 2169 2126 die gute Laune eben nicht zum Lustspiel langte.
992 2084 2169 2171 Schnitzlers Tendenzen waren so dünn, daß sie wohl
991 2141 2169 2221 oder übel der Weltanschauung weichen mußten. Es
989 2181 2166 2274 ist das Los der Süßwasserdichter, daß sie die Begren¬
982 2239 2160 2322 zung spüren. Am genießbarsten sind sie noch im Ab¬
988 2288 2166 2369 schildern ihres Elements. Aber sie suchen vergebens
988 2342 2166 2416 mit derselben oratorischen Weitläufigkeit Anschluß an
986 2382 2165 2464 Meerestiefen wie ehedem an das Festland der sozialen
991 2436 2166 2508 Gesinnungen. »Er ficht, hieß es damals, gegen das
983 2481 2163 2563 gesellschaftliche Vorurteil, welches den Gefallenen die
983 2538 2163 2617 einstige Verfehlung nicht vergißt und den Weg zu
976 2582 2160 2656 späterem Glücke versperrt. Schon faul! Er ficht gegen
979 2638 2163 2714 die Verführung der Theaterdamen durch kleine
982 2678 2156 2759 Gagen. Er ficht gegen das Duell. Die Freiheit des
974 2733 2152 2805 sozialgemuten Schnitzler konnte die Gesellschaft er¬
974 2783 2157 2860 tragen. Es ist jene Freiheit, zu der sie fähig ist, und
972 2826 2149 2909 die hundertmal schlimmer ist als die doch irgendwo
977 2881 2149 2960 von einem geistigen Punkt gerichtete Unfreiheit.
976 2923 2153 3008 Schnitzlers Humor wird keine Verwirrung stiften.
972 2971 2149 3051 Schnitzer blickt jetzt empor. Aber hat etwa der Autor
963 3027 2141 3110 des »Reigen die Hoffnung auf die große Lache ge¬
973 3073 2144 3144 weckt, zu der nur der Blick von oben auf die Mensch¬
967 3120 2146 3209 lichkeiten fähig wäre? Die erotische Psychologie geht
961 3181 2144 3253 auf eine Nußschale der Erkenntnis, langt darum nicht
958 3234 2141 3295 zum Aphorismus, nur zur Skizze, deren Technik über
