3344 4352
158 233 1032 337 s
1208 226 1688 326 box 44/10
1609 1380 3003 1487 (Monat Mai) schuldig war. Im September wurde der General Mac¬
405 1516 2767 1588 Aber plötzlich sind Pferde da, in dichter, langer Reihe, er Lebenden; und der Lebende denkt auch im Schmerz nur an sich
2788 1523 3254 1598 kenschheit in allem Nied¬
401 1559 2770 1656 sieht die Pferdeleiber über sich, er flattert auf und findet müh= und das Leben erobert all sein Empfinden ach! so übereilig
2799 1580 3250 1638 Fuchs bricht ein Verlöbn
405 1609 1573 1663 sam Durchschlupf. Er erhebt sich aus all dem Staub und
1602 1620 2555 1681 wieder zurück. — Es ist das eine ichsüchtige Kunst
2795 1631 3258 1684 Mann ihrer Wahl in Fr.
405 1652 1577 1713 Pulverdampf in die blaue, ungetrübte Luft. Aber wieder zieh
1688 1659 3222 1735 Die Stimmung ist alles. Ich brauche nicht zu sagen, welche des Bundes widersetzt
405 1706 1573 1760 es ihn in den Dunst, in den Lärm hinab, er flattert wiede
1606 1688 2767 1763 Gefahr darin liegt, die Stimmung zum Selbstzweck zu machen
2795 1713 3207 1778 rungen in dieser ihrer
398 1735 1577 1792 über Reitern, und eine Kugel trifft ihn, er ist todt. Das Alles
1598 1752 2767 1817 man merkt die Absicht, und man wird verstimmt. Dieser Jung¬
2792 1756 3254 1824 teste Gesellschaft, sie tritt
401 1785 1573 1874 ist Sedan". Sedan an sich ist nichts, eine Stimmung is
1598 1792 2767 1860 Wiener Literatur ist es auch allzu deutlich ausgeprägt, daß sie
2795 1795 3258 1856 seelisch bewahrt sie ihre
430 1831 1573 1896 d. (Felix Salten „Der Hinterbliebene", Wiener
1598 1846 2763 1903 aus der Reaktion gegen den öden Buchstabendienst eines äußer
2788 1846 3233 1924 eine Frau kann niemals
387 1874 1573 1932 Verlag 1900.) Oder, ein Märchen: Der junge König von
1602 1885 2763 1942 lichen Realismus entstanden ist; sie ist aus dem Kontrast geboren
2874 1896 3258 1957 All die Gestalten de
394 1917 1573 1975 Phantasien ist melancholisch, kein Lächeln ist ihm abzugewinnen
1602 1928 2763 1985 Das Gefühl der Enge quält bei diesen Büchern. Doch ist es
2785 1924 3254 1993 wahrscheinlichen Eindru¬
405 1971 2767 2028 Da tritt der „letzte Dichter“, ein alter, abgebrauchter Feuille, wohl nicht in Abrede zu stellen, daß diese Kunstrichtung dem
2792 1978 3240 2036 Gefühl, das man einer
398 2003 2767 2068 tonist vor seinen Thron und erzählt ihm eine Geschichte, Bedürfniß Vieler heut entgegenkommen mag. Nur so erscheint
2795 2021 3211 2089 empfindet. Die ganze
398 2046 2767 2114 die Geschichte von einem Königsohn, der lieben lernen sollte, es mir erklärlich, daß eine Fülle von Büchern entsteht, die alle
2792 2064 3240 2125 ich wiederhole das Wort
462 2093 1573 2150 so wollte es der königliche Herr Papa. Und deshalb schickt
1602 2100 2763 2161 gleichmäßig durchaus dasselbe Gepräge tragen; daß sich die¬
2785 2107 3258 2172 arbeiten auch nicht. Ihr
401 2139 1573 2193 er den jungen Königssohn mit seinem Hofmeister auf ein ein¬
1595 2147 3247 2218 Jung=Wienerthum zu einer literarischen Richtung auswachsen die Handlung des Roma
405 2183 1566 2240 sames Schloß am Meer, und im Gartenhäuschen mußte au
1591 2193 2759 2258 konnte. Es erschienen innerhalb ganz kurzer Zeit außer der
2785 2197 3233 2254 zu werden. Aber diese
387 2222 1570 2297 königlichen Befehl eine junge Gräfin als Gärtnerstochter ver¬
1591 2243 3254 2297 genannten im Wiener Verlage: Felix Dörmann „Warum Alle Stimmungen, die
398 2269 1570 2322 kleidet wohnen und Kränze winden. Und Pflicht des Hof¬
1595 2283 3247 2340 der schöne Fritz verstimmt war, Max Messer „Wiener Man weiß, was sie em¬
391 2315 2681 2376 meisters war es, dem Königssohn in der Kunst zu lieben die Bummelgeschichten“, Gustav Macay „Novellen
2781 2337 3254 2387 ersten Wahl spricht, aber
398 2355 3254 2423 erste Anweisung zu geben. Und wie der königliche Herr es ganz werthlose Produkte diese letztgenannten, aber sie tragen lauter Stimmungsmalerei
391 2405 2759 2487 vorausgesehen, erwachte wirklich Liebe in der Brust des jungen ängstlich genau das oben charakterisirte Gepräge. Und in gewissen
2785 2415 3254 2476 steht man schließlich kle
401 2444 1566 2505 Prinzen, nur ging das langsam, zögernd vor sich. Inzwischen
1595 2451 2093 2516 Hinsicht thut es die Masse.
2781 2462 3261 2516 schichte der jungen Renat
401 2491 1573 2559 hatte längst der Hofmeister die Gunst der Schönen zu erringen
1670 2473 3250 2559 Die kurze, wenige Seiten lange Erzählung ist es, die diese zweifellos ein schlechtes
394 2537 1563 2591 gewußt. Diese Erzählung des alten Dichters aber ruft ein
1595 2519 3261 2623 jungen Wiener Schriftsteller pflegen. Es entspricht das der ungewöhnlich guten vielle
391 2580 1563 2634 lautes, gellendes Lachen des melancholischen Königs von Phan¬
1584 2587 2756 2641 Richtung ihrer Kunst, entspricht wohl auch ihrem eigenen
2867 2591 3240 2659 Was mich aber an
391 2620 1563 2681 tasien hervor, sein „letztes Lachen". Denn er selbst war jene
1588 2627 2759 2688 Naturell. Ich muß nach München zu einem ihnen innerlich
2781 2616 3243 2702 meisten frappert: er hat
391 2666 1563 2720 Königssohn, und das Bild dieser „reinen Jugendgeliebten
1591 2673 2752 2756 Nahestehenden hinübergreifen, will ich diese varische Richtung
2777 2684 3250 2749 (erheblich besseren) moder
387 2709 1559 2767 deren Liebe ihm nie zu Theil geworden, hat er als kostbarsten
1580 2720 2322 2781 in einer größeren Arbeit charakterisiren.
2792 2734 3254 2792 „Evelyn Innes" von
387 2752 1566 2810 Kleinod in seiner Brust getragen. (Raoul Auernheimer
1663 2731 2752 2820 Jakob Wassermanns Roman „Die Geschichte der
2777 2767 3258 2831 Wassermann noch plumpe
387 2799 1566 2860 „Rosen, die wir nicht erreichen". Wiener Verlag 1900.
1584 2799 2749 2860 jungen Renate Fuchs" (Berlin 1900 S. Fischer, Verlag
2781 2817 3265 2874 Alles ist bei Moore ganz
484 2842 2749 2906 Wie es für diese jungen Wiener Schriftsteller eine land ist ein überaus seltsames Buch. Zunächst ist es ganz jugendlich
2781 2860 3261 2924 Aehnlichkeit in de psycho¬
391 2878 2749 2957 schaftliche Stimmung giebt, die sie in immer neuen Nuancen und giebt sich greisenhaft. Sodann ist es ein wunderbares
2774 2903 3154 2967 eine Gemeinsamkeit
387 2932 1559 2982 immer wieder von Neuem schildern, so ein Problem, das si¬
1588 2935 3261 3021 neruickliches Gemisch wirklich feiner Seelenmalerei und wüster charakterisiren, ein Mensch
387 2964 2043 3028 vor anderen beschäftigt: der Tod. Auch hier ist Schnitzler mit Brutalität der Handlung
2767 2992 3240 3053 Stimmungen mit einer
387 3018 1566 3064 seiner lung „Sterben vorangegangen. Und zwar ist es
1666 2992 2745 3089 Das Problem, dieses Romans ist das altbekannte der se
2770 3035 3258 3111 lösen. Und ich weiß ni
387 3061 1559 3114 immer eine Stimmung, die sie zu ergründen suchen: die
1584 3057 3096 3132 conde virginité par l’amour. Victor Hugo hat es in „Marion eine Zukunft hat.
387 3107 2749 3172 Stimmung dessen, dem ein Liebstes stirbt. So Felix Salten Delorme" behandelt, Alexandre Dumas hat es in der „Kamelien¬
2853 3107 3261 3190 Von diesem Stimm¬
383 3147 2745 3215 in „Der Hinterbliebene", so Richard Beer=Hofmann dame" einem breiteren Publikum zugeführt. Jakob Wasserman
2770 3154 3254 3222 es zu ausgesprochenen
387 3197 3250 3265 in „Der Tod Georgs". Und fast Alle geben sie dieselbe aber giebt ihm, das ist unbestreitbar, tiefere Bedeutung; es ein sehr verhängnisvoller.
383 3236 3254 3308 Antwort: nicht möglich, solchen Tod innerlich mit zu erleben; handelt sich bei ihm nicht um ein Wiedererstehen seelischer Romantik dort. Stimm¬
380 3279 3261 3387 es tritt ein Trennendes zwischen den Sterbenden und den Reinheit durch die Liebe, sondern um Bewahrung der Herzens=Namen Hugo von Hofma
