3344 4384
117 398 512 487 Urkenschanzpark
306 459 515 523 ende
114 467 339 551 im Freien
114 543 351 626 E-BAR
217 568 515 648 Komponist Cesoli
128 1848 270 1937 Bahr
100 3128 281 3222 Exner
3089 326 3178 465 5
2309 328 2554 479 16.7.
2604 337 3016 479 und
562 309 2276 526 Die zwölf österreichischen
2307 470 3166 582 nunnimmt
993 526 1898 632 Unsterblichen
562 618 2293 701 Ein Vorschlag zur Wahl der ersten Träger
556 696 2296 799 des neuen Ehrenzeichens für Kunst und
2371 693 3114 799 Gegen Einbruch
1169 760 1695 863 Wissenschaft
593 832 2296 915 Der österreichische Staat ist eben daran, Anerkennung internationaler Geltung diesmal
2376 860 3119 938 versichert man besonders günstig
1447 907 1973 982 den Ausschlag geben sollen.
565 899 1416 960 für Kunst und Wissenschaft etwas zu tun, ein
2671 915 2810 982 durch
565 954 1414 1002 Ehrenzeichen zu schaffen, das seine Träger
1722 957 2015 1035 Harmann Bahr,
556 996 1411 1052 im hohen Maße auszeichnen wird. Das Ehren
1436 988 2296 1066 der bekannte österreichische Schriftsteller, in
556 1043 1411 1099 zeichen für Kunst und Wissenschaft soll vor
1436 1057 2290 1119 Linz geboren. Er wurde seinerzeit auf der Uni¬
568 1080 1416 1132 erst zwölf österreichischen Persönlichkeiten
1447 1105 2287 1160 versität Wien wegen einer auf einem burschen¬
2463 960 3030 1174 de
556 1127 1411 1177 auf Vorschlag des Unterrichtsministers ver¬
1436 1152 2296 1205 schaftlichen Kommers gehaltenen Rede dem
562 1166 1411 1222 liehen werden, Menschen von Rang, selbstän¬
1441 1196 2287 1247 Andenken Richard Wagners gewidmet, rele
565 1219 1416 1272 dig, nicht nur reproduktiv arbeitenden Künst¬
2385 1183 3122 1280 VERSCHERUNG
570 1238 2307 1308 lern und Wissenschaftlern, die dann im weite¬ giert. Er schrieb eine Menge Theaterstücke
1444 1283 2296 1333 und Romane, in denen das Wesen Österreichs
2368 1274 3125 1372 I., TUCHLAUBEN 8, TEL. U 27-5-40
570 1302 1416 1372 ren bestimmen, wem von Fall zu Fall dieses
565 1322 2301 1397 Ehrenzeichen verliehen werden soll. Das repräsentativ zur Geltung kommt. Sein Stil
1444 1372 2290 1416 war für eine ganze Generation von Schriftstel¬
565 1388 1416 1444 Ehrenzeichen für Kunst und Wissenschaft is
1441 1416 2296 1466 lern vorbildlich. Vom September 1918 bis
565 1433 1414 1486 eine Auszeichnung, die im Rang vor den
1439 1455 3166 1508 März 1919 war er Direktor des Burgtheaters. Traum“, „Über Psychoanalyse und Psycho¬
565 1480 1414 1530 großen Ehrenzeichen für Verdienste um die
1444 1500 2145 1572 Seit Jahren lebt er jetzt in München.
2321 1500 3180 1567 pathologie des Alltagslebens“. Sigmund Freud
568 1516 1416 1580 Republik stehen soll. Die Dekoration wird wie
2315 1544 3164 1617 ist auch Herausgeber des Jahrbuchs der Pspy
1725 1547 2009 1617 Wilhelm Exner
565 1564 1416 1625 ein Kommandeurkreuz am rot-weißen Band
2321 1589 3172 1670 choanalyse, des „Imago, des „International
1436 1592 2290 1656 ist der bedeutendste Technologe, den Öster¬
573 1608 1141 1670 um den Hals getragen werden.
601 1631 2833 1711 Es ist also eine Institution, die ähnlich der reich hat. Er führt den Titel eines wirklichen Journal of Psychoanalyse“.
2565 1661 2930 1745 Prof. Anton Hanak,
1450 1697 2296 1739 Geheimen Rates. Er beschloß seine akademische
568 1703 1422 1761 Academie Française, die über vierzig Unsterb¬
1447 1697 3183 1784 Laufbahn als Professor der Hochschule für augenblicklich der berühmteste österreichische
573 1747 1422 1809 liche verfügt, die Unsterblichen der Nation
2321 1778 3180 1825 Bildhauer, ein eigenmächtiger Schöpfer von
1436 1778 2290 1834 Bodenkultur in Wien, die ihm das Ehrendok-
565 1792 1391 1870 durch eben diese Auszeichnung evident hält.
1444 1811 3180 1873 torat verlieh, Seine fachwissenschaftliche, tech¬ Visionen in Stein und Er. Sein Hauptwerk ist
601 1834 1394 1909 Es wird ein Numerus clausus geschaffen
2323 1859 3172 1909 wohl die Skulptur „Der letzte Mensch“ in der
1436 1864 2296 1923 nische und technologische Tätigkeit fand in
609 1900 1386 1951 werden, so daß nur vierundzwanzig öster¬
2065 1906 3175 1959 über diese Österreichischen Galerie. Augenblicklich arbei¬
1436 1906 1995 1970 zahlreichen Standardwerken
607 1942 1397 1992 reicher und vierundzwanzig ausländische
2321 1942 3128 2026 tet er an einem Denkmal für Gustav Mahler.
1441 1951 2293 2006 Materie ihren Niederschlag. Er war Herren¬
609 1987 1391 2065 Persönlichkeiten zu gleicher Zeit Inhaber
1447 2001 2293 2056 hausmitglied und hat sich auf fast allen Gebie¬
2535 1995 2952 2070 Prof. Josef Hoffmann,
684 2031 1322 2109 dieses Ehrenzeichens sein können.
1444 2042 2290 2098 ten der Wirtschaftspolitik, der Industrie- und
2323 2031 3183 2112 der schöpferische Architekt und Baumeister,
612 2065 2296 2137 Wie gesagt, werden die ersten zwölf Träger, Gewerbepolitik schöpferisch betätigt. Die von
2321 2104 3175 2154 der der österreichischen Kunst der letzten
573 2123 2298 2193 die den Grundstock des Ordens bilden und ihm geschaffene Gewerbeförderung mit ihren
2323 2145 3172 2193 Jahrzehnte Richtung und Geltung gegeben hat
570 2170 2298 2248 die über die weiteren sechsunddreißig Würdi¬ Musterbetrieben gilt als auch im Ausland viel¬
2326 2187 3186 2257 Er gilt als die stärkste Persönlichkeit unter den
1450 2218 2262 2290 fach nachgeahmte Art der Wirtschaftspflege.
576 2223 1422 2304 gen zu entscheiden haben, auf Vorschlag des
1731 2262 2028 2329 Sigmund Freud
576 2268 1107 2332 Unterrichtsministers ernannt.
1450 2293 2301 2376 ist der Begründer der Psychoanalyse und als
615 2293 1422 2373 Wir nennen nachstehend mit Bedachtnahme
1447 2362 2301 2415 solcher weltbekannt. Eine lange Reihe von
576 2368 1422 2418 auf ihren künstlerischen und wissenschaft
573 2407 2296 2468 lichen Rang zwölf Persönlichkeiten der öster-Werken, in alle Kultursprachen übertragen, be¬
579 2449 2301 2507 reichischen Kunst und Wissenschaft, die für kräftigen den Ruhm dieser internationalen
570 2496 2298 2546 die Verleihung dieser hohen Auszeichnung der Kapazität auf dem Gebiete der Seelenkunde.
573 2540 2304 2593 Republik Österreich in Betracht kommen Seine Hauptwerke, die richtunggebend für die
1450 2579 2301 2641 ganze Wissenschaft sind, heißen: „Über den
579 2582 1425 2643 können, wenn moderne Anschauung und die
2535 3306 2966 3409 Prof. Josef Hoffmann
1580 3481 1967 3715 A
846 4135 2053 4218 Sensationelle Ausgrabungen bei Krems
