3344 4352
207 301 1094 411 13. Miscellaneous
1234 307 1729 407 box 44/10
902 969 1827 1057 Heimat Oestereich. Wien Nr.
2001 1186 2312 1266 Alfred Werner
904 1263 2174 1357 Max Mall / um fünfzigsten Seburtstag des Dichters
846 1326 2297 1406 Es ist gewiß verlockend, einen geliebten Künstler einzuordnen in den begreif¬
762 1372 2297 1451 baren Kosmos, zu versuchen, ihn zum Ausdruck, zum Träger einer nicht minder
760 1414 2297 1489 bewerteten Idee zu machen — in der lauteren Absicht, seinem wunderbaren Wesen
760 1472 2299 1537 möglichst nahe zu kommen, sein eigenstrebiges Werk in einem sicheren Schubfach
760 1504 1855 1573 behutet zu wissen. Aber wie sehr man sich auch bemüht
1974 1523 2301 1585 die Persönlichkeit
760 1548 2295 1625 Max Mells paßt nicht in den etwas engen Begriff des „Heimat dichters“,
768 1593 2293 1667 sie sprengt ihn vielmehr — gerade deshalb, weil viele seiner Gedichte, Novellen,
766 1641 2293 1712 Spiele einfach nicht wegzudenken sind von der grünen Steiermark. Die neue Er¬
758 1667 2293 1761 kenntnis: daß Stammeszugehörigkeit innerhalb des Volksganzen ein Faktor ist, der
754 1719 2291 1807 das Schaffen des Dichters auf das Stärkste bestimmt, soll damit nicht geschmälert
748 1765 2293 1852 werden — wer könnte die tragische Geschichte von der Barbara Naderer so über¬
752 1809 2291 1898 zeugend geschildert haben, wenn nicht einer, dessen Liebe haust bei diesem erdver¬
748 1859 2283 1936 bundenen Bauernvolk zwischen Mürz und Mur? Oder läßt sich eine andere Szene
756 1898 2293 1978 erdichten für jenes Spiel von den falschen Aposteln als das einsame steirische
754 1946 1004 2001 Alpengehöft?
842 1990 2281 2068 Aber ein kräftiger Dichter ist nicht wie Krummholz, das von der Muttererde
748 2042 2283 2107 nicht aufzustehen wagt, er ist wie ein unbekümmerter Baum, der die Äste ins Ewige
754 2074 2283 2159 spreitet, ins Allgemeine. Mell ist universeller als etwa Peter Rosegger (der doch
752 2126 2283 2203 immerhin sogar in Frankreich seinen Apostel gefunden hat). Es ist bezeichnend für
754 2162 2281 2243 ihn, daß er mit „Lateinischen Erzählungen" begonnen hat; ein Menschenalter später
750 2212 2285 2287 kehrt er zur geliebten Antike zurück: mit seiner dramatischen Dichtung „Die Sieben
746 2253 2283 2335 gegen Theben“. Dazwischen aber liegt die Beschäftigung mit der Renaissance: die
754 2306 2281 2370 poetische Übertragung ausgewählter Briefe des Aeneas Silvio Piccolomini und
744 2347 1236 2402 der Stanzen des Polizian
1320 2352 2285 2416 ein wohltuendes Schweben vom Gedankenreich zur
741 2381 2281 2469 Erde und vom Erdreich wieder zum Geiste zurück, von der Historie zur Realität
741 2427 2281 2506 und umgekehrt — dieser Wechsel läßt sich auch an Mells dichterischem Ausdruck
744 2473 2279 2573 erkennen, sowenig er die modischen Irrungen und Wirrungen des Stiles mitge¬
746 2515 948 2567 macht hat.
831 2562 2279 2636 Wer nun unbedingt einen Generalnenner unter sein Werk setzen will, der
737 2602 2278 2692 dürfte ihn eher einen katholischen Dichter nennen — dieses erläuternde Wort
735 2650 2272 2717 nicht in seiner streng dogmatischen, sondern in seiner ursprünglichen Bedeutung ge¬
739 2705 2274 2773 ment: quod ubique, quod semper, quod ab omnibus creditum est; denn katho¬
737 2734 2272 2824 lisch heißt übersetzt: allgemein —, für alle akzeptabel ist Mells Religiosität, diese
735 2776 1414 2836 Keinzelle seiner besten Schöpfungen.
819 2836 2270 2909 Denn gerade mit seinen religiösen Spielen ist Mell bei der breiten Masse
737 2840 2264 2955 für die er, ein theokratischer Demokrat, seine Verse schreibt — bekannt geworden.
741 2918 2266 2997 Denken wir uns in die Situation der ersten Nachkriegszeit hinein; mußten nicht ge¬
735 2966 2276 3035 wissen Schichten, die den Tingel=Tangel der Inflationszeit verschmähten und die
735 3011 2270 3085 expressionistischen Sucherdramen nicht begriffen, die Stücke Mells eine Erlösung
733 3047 2268 3124 bereiten? Das Volk „hungert“ nach dem Theater, es will Kunst nicht lesen, son¬
739 3087 2266 3170 dern sehen, aktiv, nicht leidend beteiligt sein. Da wurde nun im schönen Hofe des
733 3137 2268 3216 Landhauses in Graz das „Schutzengelspiel aufgeführt, das symbolhaft handelt von
731 3177 2266 3260 der frommen Bürgerstochter, die über die ledige Kindesmutter den Stab bricht, vom
739 3222 2266 3302 Hochmut, der vor den Fall kommt — bis denn doch alles wieder gut und friedlich
727 3266 994 3333 wird, dieweil:
1155 3302 1706 3379 „Wie einem Menschenlos gesellt
1144 3362 1721 3410 fürsichtig wandelt ein guter Geist
1132 3389 1880 3467 und prüft und lenkt und nach Hause weist:
1136 3435 1735 3486 dies ist ein Gleichnis und ein Bild.
1138 3477 1704 3530 Such jeder in sich, was ihm gilt,
1130 3511 1790 3575 und mög keiner sein, der nicht erkenn
1132 3552 1729 3603 neben sich den Geist, den hütenden
1132 3600 1702 3653 und so getröstet sei seiner Wege.
