3392 4256
270 115 1133 241 13. Miscellanes
1306 133 1799 259 b 44/10
252 1050 1202 1137 wenn der moderne Bodenmensch sich vom Boden
1230 1050 2166 1166 heutigen Dichter. Die Hauptmann und Hof¬
2194 1054 3133 1155 Glocken geworden wären, und sie werden stam¬
255 1119 1205 1184 glücklich erhebt. Die Masse kennt heute ein
1227 1137 2158 1194 mannsthal sind bereits ersucht worden, groß¬
2198 1144 3130 1205 meln und wieder stammeln und sich weinend
252 1169 1194 1252 eigenes Glück, und dazu bedarf es nicht einmal
1223 1187 2155 1245 zügig und volksmäßig zu empfinden; man rech
2198 1194 3130 1256 aus dem Bund der Brüder stehlen als die allein
252 1216 831 1274 besonderer Veranstaltungen.
885 1220 1194 1284 Die Großstadt
1223 1241 2155 1295 net auf die fruchtbare Begeisterung, die von der
2191 1238 3133 1342 Unbezauberten. Das Wort, das Wort haben sie
248 1270 1180 1327 selbst ist zum Theater geworden, zu einem am
1230 1281 2162 1342 festlich harrenden Menge ausgehen muß. Unsere
2184 1288 2385 1356 vergessen.
252 1320 1191 1378 santen Ungeheuer, das uns mit täglichen und
1220 1331 2158 1389 Dramatiker, denen Reinhardt ein Volk bietet,
2230 1302 3137 1407 Reinhardt, und die ihm folgen, glauben im
255 1367 1043 1421 stündlichen Sensationen unterhält.
1097 1363 1194 1428 Das
1227 1381 2151 1450 um sie auf die bekannte Linie der Großzügig
2194 1363 3126 1464 Ernst, daß das anders organisierte Theater
241 1417 1194 1475 öffentliche Leben strotzt von den Wundern der
1230 1428 2079 1489 keit, der festspielmäßigen Beredsamkeit
2187 1443 3126 1529 auch die innerliche Organisation der Schaffen¬
241 1468 3133 1561 Technik, dehnt sich zu rauschvollen Dimensionen; bringen, werden, wie ich fürchte, sehr verlegene den bestimmen wird. Sie versprechen einen
237 1518 1187 1576 die Häuser werden immer höher, die Straßen
1216 1529 2155 1590 Gesichter machen. Es wachsen die Räume, es
2180 1540 3130 1608 neuen Liebesfrühling zwischen der Literatur
241 1569 1104 1630 breiter, alle Verkehrsmittel gewaltiger,
1212 1576 2155 1644 dehnt sich das Haus. Die Bühne wandelt sich
2184 1597 3126 1655 und der Bühne, wie ihn die Menschheit einmal
237 1604 1176 1673 donnert unter der Erde, es braust in der
1209 1626 2151 1691 und glaubt sie damit auch wandeln zu können
2184 1648 3126 1720 erlebt hat, im geheiligten dionysischen Bezirk
237 1658 1176 1716 Lüften. Warum soll allein das Theater vor
1212 1676 2151 1748 Als sie sich zu den Kammerspielen und anderen
2180 1691 3126 1759 der Akropolis, als unten die Ritter und
241 1709 1184 1766 diesem Wachstum, von diesem Rhythmus, der
1205 1723 2144 1799 architektonischen Bijous verkleinerte, wurden die
2180 1741 3133 1813 Staatsmänner, oben die Ackerbürger aus den
237 1763 997 1813 nimmer nachläßt, sich ausschließen?
1061 1756 1184 1824 Unten
1212 1781 2148 1846 Dichter aufgefordert, intim, graziös und plau¬
2180 1788 3123 1856 kleinen attischen Gauen saßen. Sie wissen nicht,
248 1788 1169 1871 Fünfhundert und oben Fünftausend, wenn
1209 1831 2144 1896 derhaft zu werden. Kaum hatten sie recht er
2184 1842 3126 1903 wie wenig sie trotz vollen Händen dem uner¬
230 1853 1180 1914 nicht mehr sein können; in der Arena Lärm
1220 1881 2151 1943 folglos versucht, sich klein und niedlich zu
2184 1889 3115 1950 sättlichen Gemüt der Dichter bieten. Wer
230 1914 1180 1968 und Bewegung als präzise Funktion vom
1212 1939 2148 1989 machen, da will die öffentliche Begeisterung sie
2184 1935 3115 2000 schreibt, begnügt sich nicht mit Fünftausend
234 1957 1176 2011 Scheinwerfer verklärt, im Amphitheater ein¬
1212 1989 2148 2043 auf ihrem Prokrustesbett schon wieder in die
2173 2000 3115 2072 und auch nicht mit Fünfzigtausend, die gerade
230 2000 1173 2069 dunkle Masse in stumpfer Erregung: auch da¬
1209 2029 2144 2101 Länge ziehen. Und dieses ist das letzte und
2176 2047 3119 2097 anwesend sein können. Der Dichter mein
230 2054 1137 2130 ist Haschisch fürs Volk, dionysischer Taumel
1220 2079 2141 2148 schwerste Mißverständnis; man bildet sich ein
2184 2087 3119 2158 immer ein ganzes Volk und die Unsterblichkeit.
273 2130 1176 2187 Das Theater soll wieder werden, was es
1202 2133 2141 2194 die gegenwärtige Literatur durch ein unge¬
2176 2141 3115 2227 Es ist ihm auch gleichgültig, ob die Bühne
237 2180 1169 2241 gewesen ist, die Kultstätte der großen Zere
1205 2176 2144 2259 heures Angebot an Mitteln und Aussichten in
2180 2191 3115 2256 groß oder klein, rund oder viereckig ist. Die
230 2230 1169 2288 monie, und den humanistisch gebildeten Ober¬
1198 2234 2141 2295 eine fruchtbare Raserei versetzen zu können
2184 2241 3115 2302 Phantasie richtet sich nach ganz anderen Ge¬
237 2277 1169 2342 bürgermeistern, die sich für Festspielhäuser be¬
1202 2284 2141 2356 Vulgus schenkt ihr seine Seele zur Bearbeitung
2184 2288 3119 2356 setzen, bewegt sich nur im idealen Raum. Die
230 2331 1173 2400 geistern, schwebt gewiß etwas vor von bekränzten
1205 2335 2141 2403 diese armen Dichter könnten es so viel besser
2169 2335 3112 2403 Bühne kann ihr nicht vorschreiben. Sie war
234 2382 1166 2436 Männern und Frauen, die schön gewandet in
1202 2385 2137 2446 haben. Was versperren sie sich vor dem Gemein¬
2176 2389 3115 2457 souverän, so lange der Dichter auch den Schau¬
230 2428 1169 2486 Zuge schreiten und patriotische Lieder singen,
1205 2436 2141 2500 sinn in ihren Eigensinn und ihre Einsamkeit,
2176 2439 3112 2511 spieler, Musiker, Tanzmeister und Regisseur
223 2486 1173 2543 da man sich über die religiösen leider nicht mehr
2173 2486 3108 2558 bedeutete. Seitdem diese Einheit gesprengt ist,
1198 2489 2133 2558 was jammern sie um den entflohenen Mythus
223 2529 1166 2587 einigen kann. In diesem Amphitheater, dass auf
2169 2540 3105 2605 muß sie immer wieder die Fremdheit gegen
1198 2540 2137 2612 der die alten Dichter, zugleich Seher und Weise
227 2583 1162 2641 einem Hügel stehen muß wie Wagners Bai
2173 2587 3108 2648 den Schaffenden überwinden, sich mit Persön¬
1198 2590 2137 2659 emportrug. Hier auf diesen Bänken wispert der
223 2633 1162 2691 reuther Haus, kann man die griechischen Tra¬
2166 2633 3105 2702 lichkeiten auseinandersetzen, sich vom einzelnen
1198 2637 2130 2709 Mythus rund um, hier wartet ein Volk, hie¬
227 2677 1158 2738 giker bestimmt, kann man auch zur Not einige
2166 2691 3105 2752 zwingen lassen. Die Masse produziert nichts,
1202 2687 2126 2766 flügelt der Genius, hier atmet die Begeisterung
227 2734 1162 2788 von Shakespeare, Goethe, Schiller geben. Aber
2166 2745 3105 2802 am wenigsten die Persönlichkeiten. Ihr breiter
1205 2741 2130 2806 Sie brauchen nur das Dichterwort auszu
223 2781 1158 2846 was dann? Reinhardt sieht schon weiter, und
2162 2784 3101 2853 Rücken gibt die Welle, die tragen kann, aber
1198 2792 2133 2864 sprechen, und alles Sehnen hat seine Gestalt,
223 2831 1166 2882 die optima fides, die man ihm immer zuschrei¬
2166 2838 3097 2900 auch als sie noch Nation, die Kultureinhei¬
1205 2846 2137 2914 seine Vollendung gefunden. Die Dichter lassen
223 2878 1158 2932 ben muß, beschwingt seine Hoffnungen. Sobal¬
2169 2882 3101 2943 selbst war, hat sie nur empfangen, nicht gegeben.
1205 2896 2137 2961 ihre Wangen vor verlangender Scham glühen;
219 2928 1158 2993 die Klassiker für die Arena arrondiert sind
2166 2932 3097 3008 Den griechischen Traum werden wir nicht
1205 2939 2137 3011 sie werden etwas unbestimmt Feierliches emp¬
205 2968 1158 3051 rechnet man auf den Gladiatorenmut unserer
2158 2979 2500 3065 wieder träumen.
1202 2997 2144 3097 finden, sich klingen fühlen, als ob sie selbst zu
