3344 4352
1296 267 1772 362 box 44/10
244 267 1102 366 13. Miscellaneous
832 952 1258 1046 Wiener Brief.
668 1035 1397 1095 (Von unserem Wiener Bureau.
1231 1056 1618 1129 (Nachdruck verboten.)
440 1113 1643 1198 Kainz in Wien. — Ein Räthsel. — Zum Todestag der
832 1153 1249 1210 Kaiserin Elisabeth,
521 1196 1632 1258 Director Paul Schlenther kann erleichtert aufathmen: Josef Kain
422 1228 1651 1305 hat sein Engagement am Hofburgtheater endlich angetreten und das
427 1291 1646 1344 Publikum jubelt ihm zu. Das waren nach Mitterwurzers Tod einige
438 1321 1648 1376 recht magere Jahre für das kaiserliche Schauspielhaus, dessen künst¬
438 1364 1650 1418 lerischen Ansehen während dieser Zeit eine empfindliche Einbuße erlitt
434 1408 1651 1471 Dabei fielen die Kassenrapporte von Tag zu Tag tristet und kläglichen
440 1450 1648 1505 aus, so daß man in der hohen Intendenz immer unzufriedener wurde
440 1492 1648 1547 Deutlich kam es zu Tage, daß die einstmals erste deutsche Bühne nicht
440 1533 1625 1588 mehr auf ihrer vielgerühmten Höhe steht. Die Sonnenthal. Les
438 1577 1639 1628 Hartmann, Krastel, Hohenfels, Schrattusw. sind eben alt geworden
440 1618 1648 1680 mie auch ihr Sil veraltet ist. Der junge Nachwuchs brachte wohl
440 1657 1639 1710 einige Talente, die jedoch infolge der kleinlichen Eifersüchtelei der an
447 1701 1651 1766 tigsten Garde sich nur schwer durchwingen konnten und schließlich auf
440 1743 1639 1796 keine besonders hervorragende Leistungen boten. So trug denn de
440 1780 1648 1842 geniale, äußerst vielseitige Mitterwurzer beinahe das ganze Repertoi¬
434 1825 1651 1874 seinen kraftvollen Schulter, und wenn er spielte, gab es voll
440 1869 1657 1918 Häuser. Sein unerwartetes Hinscheiden war daher ein schwerer Ver¬
452 1902 1657 1968 ust für das Burgtheater. Der alte Baumeister, ein in seinen Art z. B.
449 1950 1692 2010 als Erbförster, Falstaff, Richter von Zalame, unvergleichlicher Künstler
438 1994 1664 2052 kränkelte an einem Fußleiden und ist deshalb den größten Theil des
452 2031 1664 2091 Jahres beurlaubt, ohne daß für sein Rollenfach vollwerthiger Ersatz ge¬
443 2077 1651 2120 funden werden kann. Gegen die interessante und geistvolle Tragodin
438 2114 1648 2158 Adele Sandrock, wurde so lange intriguirt, bis sie dem Burgtheater den
440 2155 1660 2211 Rücken kehrte. Der Rest ist — Schweigen. Mit den Novitäten hatte
348 2162 1759 2287 die Direction auch kein Glück, insbesondere in der Spielsaison 1898.99, den
447 2236 1664 2284 in welcher von Neuheiten nur Fuhrmann Henschel einen größeren Er¬
452 2278 1655 2328 folg erzielte. Alle anderen Premièren fielen ämmerlich durch oder
443 2321 1651 2370 brachten höchstens zu einem succès d'estime. Nun haben
440 2354 1666 2411 wir wieder einen Star, Josef Kainz, und vielleicht wird Herr Schlenther
443 2397 1651 2459 jetzt auch bei der Auswahl der neuen Stücke eine glücklichere Hand
440 2437 1666 2494 zeigen als bisher. Da muß er aber vorher auf eine andere Fahne
443 2489 1657 2542 schwören als auf die der Wiener Modernen denen er die Pforten des
442 2522 1669 2584 Burgtheaters leider sperrangelweit aufgeschlossen hat. Die Schnißler,
449 2565 1651 2621 Dörmann, Hofmannsthal, Bahr. Ebermann verstehen es mehr oder
438 2603 1660 2658 minder gut, nach freunden Vorbildern zu arbeiten und französische
440 2648 1657 2695 Cochonerieen ins Wienerische zu übertragen, aber das k. k. Hofburg¬
443 2688 1655 2738 theater zu einer Versuchsbühne für alle möglichen litterarischen Experi¬
440 2725 1660 2777 mente machen zu wollen, scheint uns doch nicht mit den Traditionen
438 2775 1655 2828 dieser ehrwürdigen deutschen Bühne im Einklang zu stehen. Director
440 2814 1657 2867 Schlenther vernachlässigt unsere deutschen Klassiker ziemlich auffällig,
438 2856 1648 2907 auch Shakespeare wird recht selten gegeben, von seinen Königsdramen
449 2897 1648 2944 steht nur Richard III. auf dem Programm. Für Hebbel, H. v. Kleist,
438 2939 1667 2992 Otto Ludwig zeigt Herr Schlenther gar kein Verständniß und unser
440 2976 1660 3034 großen deutsch=österreichischer Dramatiker, Franz Grillparzer, dessen
438 3022 1655 3073 marmornes Denkmal mit traumverlorenen Augen aus dem Grün des
438 3057 1664 3114 Volksgartens auf das nahe Burgtheater hinblickt, ist in diesem Musen¬
440 3102 1667 3163 tempel ein gar seltener Gast geworden. Das sind arge Sünden, wider
440 3142 888 3204 die heilige deutsche Kunst.
528 3163 1666 3241 Ein räthselhafter Criminalfall beschäftigt zur Zeit die Wiener
440 3223 1667 3283 Polizei. Der hiesige Advocat Dr. Schiest hat seine Schwester, die
440 3269 1660 3317 verwittwete Frau Dr. Prossingg, in der gemeinsamen Wohnung er¬
445 3303 1660 3365 schossen. Sodann fuhr er nach Preßbaum, wo er sich in einem Tunnel
440 3351 1657 3398 auf die Schienen niederwarf, eine Kugel durch den Kopf jagte und gleich
438 3384 1669 3448 darauf von einem Eisenbahnzüge überfahren wurde. Die Motive seines
438 3432 1648 3488 Selbstmordes sind bereits aufgeklärt. Er hat ihm anvertraute Gelder
495 3480 1639 3531 speculirt, darunter das Vermögen der von ihm ermordeten Schwester
491 3513 1637 3561 der der Grund, warum er auch dieselbe getödtet hat, dürfte wohl ei=
452 3555 1664 3610 Geheimniß bleiben. Die beiden Geschwister hingen mit größter Liebe
438 3594 1664 3654 in einander, Frau Prossingg, eine schöne Dame von vierzig Jahren,
445 3640 1657 3713 führte ihrem Bruder den Haushalt und besuchte stets nur in seiner Re¬
2351 980 2720 1044 Telefon 12801.
2065 1081 3027 1169 Unternehmen für Zeitungs-Ausschnitte.
2946 1141 3094 1212 Ausschnitt
1931 1141 2831 1288 105 OBSERVER
2980 1182 3199 1305 Nr. 72
1830 1279 3248 1376 I. österr. behördl. conc. Bureau für Zeitungsberichte u. Personalnachrichten
2006 1362 3075 1445 Wien, IX/1, Türkenstrasse 17.
2229 1434 2883 1524 Filiale in Budapest: „Figel“
1931 1514 3156 1600 Vertretungen in Berlin, Chicago, London, Newyork, Paris, Stockholm.
1828 1627 2339 1729 Ausschnitt aus:
2503 1627 2708 1740 la
1835 1768 2172 1872 vom
2180 2014 2875 2079 Selbstbewußte Doppelabwehr.
2042 2134 3181 2238 Ich habe meinen Kontrakt als Direktor des Wiener Burg¬
1941 2188 2383 2266 theaters in der Tasche.
2044 2243 3188 2326 Theodor Herzl, Georg Hirschfeld und Arthur Schnitzter
1952 2289 2559 2344 sind meine heilige Dreifaltigkeit
2045 2324 3176 2411 Die Judenpresse breitet schützend ihre Fittiche über mein
1948 2384 3174 2452 Wirken! Ich stehe daher nicht an, die ehemalige erste deutsche
1943 2436 3183 2505 Bühne zu einem israelitischen Tempel umzugestalten, in welchem
1936 2482 3174 2547 das auserwählte Volk seinen geistigen Kram auslegt, um in
1936 2538 3179 2595 Okkasion zu machen. Das gebietet mir die Tugend der Dank¬
1943 2586 2762 2642 barkeit. Dabei befinde ich mich recht wohl!
2031 2630 2702 2685 Und das ist das Ausschlaggebende
2033 2683 3174 2755 Allen jenen Fexen aber, die über die Versumpfung der
1936 2727 3174 2796 deutschen Kunst jammern und mir deshalb zu Leibe gehen wollen,
1934 2771 3167 2852 sage ich: All Eure Mühe ist für die Katze. Das Manko in der
1934 2838 3169 2897 Einnahme wird durch hohe Munifizenz gedeckt. Hofrath Wetschl,
1931 2877 3170 2948 der hohe Jntendant, Geheimrath Freiherr August v. Plappart,
1939 2930 3167 2996 sowie Se. Durchlaucht, der erste Obersthofmeister Sr. Majestät,
1934 2980 3174 3041 k. k. geheimer Rath, Kämmerer, Feldmarschall=Lieutenant, Oberst
1938 3033 3170 3100 sämmtlicher k. u. k. Leibgarden, Mitglied des Herrenhauses Rudolf
1938 3079 3174 3151 Prinz von und zu Liechtenstein müssen mit der Kunstrichtung
1936 3128 3174 3195 Herzl, Hirschfeld, Schnitzler vollkommen einverstanden sein
2006 3177 2764 3239 sonst hätten sie mir schon etwas gesagt.
2024 3222 3019 3287 Na also! Was wollen denn diese nörgelnden Aase?
2946 3273 3149 3336 Schlenther.
1968 3299 2951 3358 Im Gegensatze anderen Be¬
1853 3347 3257 3405 Abonnement durch keine bestimmte Zeitdauer begrenzt; — auch steht es den
1853 3388 3117 3467 Abonnenten frei die aufgegebenen Themen zu ergänzen oder zu ändern.
