3344 4320
161 204 1036 323 13 Miscellanos
1197 215 1688 305 box 44/10
72 1376 1917 1441 in immer so gewesen war. Wir mußten grade daß zum mindesten während der letzten anderthalb Jahr¬
1978 1362 2942 1451 Der Bankrott des geistigen Verkehrs von Volk zu Volk
68 1423 1921 1480 nbedingten Wahrhaftigkeit, zu der wir uns zehnte mit Sicherheit die Arbeit der Vermittlung der
1946 1419 2939 1487 hat dann den Zustand hervorgerufen, in dem wir leben.
65 1480 2949 1534 ennen, einsehen, daß jedenfalls für uns Deutsche Dichtung von Volk zu Volk fast ausschließlich in den Er ist geboren worden aus der inneren Unwahrhaftigkeit
72 1498 2946 1591 der Bankrott des geistigen Verkehrs von Volk Händen von Personen und Firmen gelegen hat, die in nicht nur unter den Völkern, sondern gerade auch unter
910 1537 1917 1588 keiner Blut= und Bodenbeziehung zu dem Volke gestanden
72 1548 194 1602 erliegt.
1942 1552 2942 1606 den geistigen Menschen der einzelnen Völker. Diese geisti¬
910 1580 1917 1627 haben, dessen Schaffen zu vertreten sie behaupteten. Da¬
1946 1591 2946 1649 gen Menschen haben sich dem kapitalistischen Prinzip, dem
79 1566 885 1638 genblick dieser Einsicht brachte aber auch zu
910 1627 2942 1684 ist gewiß nicht nur die Schuld dieser Leute selbst, sondern Geschäftswillen überaus gewandter Geschäftsmenschen, die
75 1631 885 1684 Erkenntnis der Ursachen für den Bankrott
79 1652 2942 1724 denn den geistigen Verkehr von Volk zu Voli auch die Schuld aller wirklichen Deutschen. Nur dadurch ihre Fäden und Netze über die ganze Welt zu spinnen ver¬
917 1699 1917 1742 ist es gekommen, daß das Ausland ein völlig fal
1946 1709 2949 1760 standen haben, einfach und unbedenklich unterworfen. Nie¬
79 1706 900 1760 vor dem Kriege, sondern besonders während
928 1735 1917 1781 sches Bild vom deutschen Volk, und deut
1946 1752 2946 1803 mals sind sie mit der notwendigen Wucht ihrer Leistung
72 1749 892 1799 siegsjahre hier in Deutschland wie fast in aller
925 1770 1924 1821 schen Wesen erhalten hat. Nur dadurch konnte es
1942 1792 2946 1842 und ihrer Persönlichkeit dagegen aufgestanden und haben
68 1788 892 1838 ben? Man braucht nur die Liste, die mir ein
921 1806 1921 1860 geschehen, daß die deutschen Dichter, die den deutscher
1946 1828 2946 1878 ihrem eigenen Volk wie den fremden Völkern zugerufen:
72 1824 892 1874 Kenner der deutschen Literatur in Amerika
917 1849 1928 1896 Genius wahrhaft offenbart haben, nich zu den andern
1960 1867 2942 1917 „Die Feuchtwanger und Alfred Neumann die Thomas
72 1864 896 1917 von Amts wegen zur Beurteilung zusendet,
917 1892 2946 1964 Völkern getragen worden sind. Ich wi hier nur einige Mann und Remarque, die Vicki Baum und Emil Ludwig,
68 1910 892 1960 n. um ein klares Bild zu gewinnen. Der ger¬
917 1924 1917 1971 Namen aus dem 19. Jahrhundert nennen. Weder Johan
1946 1942 2946 1996 die Wassermann und Salten, sie sind ja nicht
90 1950 892 1993 Professor und Jugendlehrer in Kalifornien
914 1967 1917 2010 Peter Hebel, noch Mathias Claudius, weder Heinrich
1946 1978 2949 2028 Deutschland. Ebenso wenig ist uns von England her,
68 1989 1921 2050 Autorennamen, deren Bücher nicht nur unter von Kleist noch Hölderlin, weder Wilhelm Raabe noch Otto
1946 2025 2939 2075 von Amerika, von Frankreich der Ruf zugekommen, daß
68 2025 889 2071 ten, sondern vom allgemeinen Publikum in
921 2043 1914 2089 Ludwig, weder Jeremias Gotthelf noch Adalbert Stifter
1946 2061 2949 2114 die Autoren, die man uns zutrug, nicht die spezifisch eng¬
72 2057 892 2114 gen als spezifisch deutsche Werke am meisten
914 2075 1917 2129 weder Herder noch Mörike, weder Annette von Droste
1946 2100 2949 2143 lischen, im besonderen französische Dichter wären. Es hatte
72 2104 892 2154 rden. Und in dieser Liste stehen an ersten
917 2114 1917 2165 Hülshoff noch die Ebner=Eschenbach sind so unter der
1950 2139 2953 2190 sich eine rein intellektualistische, über den Nationen und
68 2139 889 2190 til Ludwig, Remarque, Vicki Baun
917 2150 1917 2211 fremden Völkern bekannt geworden wie es notwendig
1946 2179 2946 2226 den nationalen Wesenheiten international verklügelte
65 2186 885 2226 das Mann. Dann folgen, immer in de
914 2204 1917 2247 wäre, wenn die andern Völker uns wirklich kennen
1950 2222 2949 2265 geistige Internationalität herausgebildet, die
65 2218 889 2283 de der amerikanischen Angaben: Feuchtwanger
914 2236 1917 2290 wollten. Und kommen wir zur Gegenwart, so ist fest
1946 2258 2957 2304 keinen Boden mehr unter den Füßen hatte und von
147 2258 889 2308 Arnold Zweig, Sudermann, Schnitzler
917 2272 1917 2337 zustellen, daß Dichter wie Stefan George, Hermann
1946 2297 2949 2344 keinem Blut mehr durchströmt war, deren Lebensgesetz
75 2272 896 2347 uptmann, Werfel, Salten, Keyserling, Stefan
921 2319 1921 2365 Stehr, Paul Ernst, Wilhelm Schäfer und Emil Strauß
1946 2340 2949 2383 allein noch das Geschäft, der materielle Wille blieb. Die
79 2340 889 2398 hiller, Heine, Spengler, Lessing, Nietzsche, Alfre¬
914 2358 1917 2401 E. G. Kolbenheyer und Rudolf G. Binding, Hermann
1946 2380 2949 2426 Anklage, die aus dem Bankrott des geistigen Verkehrs von
97 2380 889 2426 Es rangieren also vor Goethe, der an zehn
917 2390 1917 2437 Burte und Hans Friedrich Blunck. Hans Carossa und
1946 2415 2949 2466 Volk zu Volk hervorgeht, richtet sich gegen alle, die am
86 2415 889 2466 erscheint, Autoren wie Emil Ludwig Feucht
921 2426 1921 2484 Hans Franck, Hans Grimm und Hanns Johst, Börries
1939 2451 2867 2512 geistigen Leben ihrer Nation und der Welt teilhaben.
68 2458 892 2509 assermann, Arnold Zweig und Schnitzler. Von
917 2469 1917 2519 von Münchhausen und Josef Winckler, Wilhelm Weigand
68 2487 889 2544 ran 16. Stelle kommt, stehen Weise alten
1975 2491 2946 2552 In dem Augenblick aber, wo die Anklage sich erhebt, be¬
914 2512 1917 2555 und Werner Beumelburg, Agnes Miegel und Ricarde
61 2537 889 2602 weig, alles Autoren, die weder deutschen Ge¬
1942 2541 2946 2591 ginnt auch schon die Möglichkeit der Besserung. Der
910 2544 1917 2595 Huch, um nur einige Namen als Beispiele zu nennen
65 2580 2935 2623 sch gar sonst wie deutschen Wesens sind. Es kaum ins Englische oder Französische, geschweige denn in geistige Verkehr von Volk zu Volk muß von jetzt an sich
72 2616 892 2663 r 21 Namen aus der deutschen Literatur, wohl¬
914 2616 2939 2670 andere Sprachen übertragen worden sind, weil in den aufbauen auf den unbedingten Willen, sein eigenes Voli
68 2656 896 2702 it Lessing, also seit fast 200 Jahren, elf Au¬
1946 2656 2949 2706 in seinem Wesen zu den andern Völkern hin vermitteln zu
921 2659 1921 2709 letzten zwei Jahrzehnten die jüdische Vermitt¬
75 2699 2942 2745 dischen Blutes auf, unter den übrigen zehn ungsarbeit in der Welt grade diese Autoren be¬ wollen und das fremde Volk ebenso in seinem Wesen vom
1946 2738 2939 2788 fremden Volk her in Empfang zu nehmen. Wir wissen
75 2734 1917 2785 sind mit Remarque, Thomas Mann noch zwei wußt verdrängt und als nur innerdeutsch bedeutsam hin
72 2777 885 2835 de jüdisch verschwägert oder charakterisiert sind
925 2777 2946 2824 gestellt hat. Wie kann man aber behaupten, ein Volk zu natürlich, daß es schwerer ist, unsere wesensdeutschen Dich¬
68 2810 892 2871 ließlich nur Lessing, Goethe, Schiller aus der
917 2817 2946 2867 kennen, wenn man die genannten alten und die genannten ter einem fremden Volke verständlich zu machen, ebenso
68 2856 889 2906 t, Hauptmann, Sudermann, Nietzsche aus de
921 2849 2942 2906 lebenden Dichter mit ihren Werken nicht gelesen hat? wie es für uns schwerer ist, das fremde Wesen zu ver¬
72 2892 892 2935 mit deutschem Blut als Repräsentanten deut
1950 2896 2939 2942 stehen und zu erleben, aber nur wenn wir uns mit allen
921 2892 1924 2946 überträgt man dann die Erfahrung mit der Dichtungs¬
72 2932 2939 2978 t übrig bleiben, denn Keyserling ist mit seinem vermittlung auf die Vermittlung der Wissen haft, so Kräften an die Überwindung der Schwierigkeiten machen,
1946 2971 2946 3021 dann werden wir dazu durchdringen, in einem wirklichen
68 2967 1917 3021 Buch" hier auszunehmen, weil er sich zu einem kommt man hier sehr schnell zu den gleichen Ergebnissen
72 3007 652 3064 Kosmopolitismus entwickelt hat.
1950 3014 2949 3061 geistigen Verkehr mit den andern Völkern zu treten, dann
928 3014 1921 3068 In die Welt hinaus gingen die Bücher der Leute, die
68 3046 2939 3107 n nun von dieser Liste aus der gesamten nicht unseres Geistes und unseres Wesens waren, die nur werden wir jenen substanzlosen Allerweltsgeist über¬
75 3086 2939 3143 zungsfrage der deutschen Dichtung und unter uns lebten, von uns nahmen, was sie brauchen winden, durch den bisher die wirkliche Zusammenarbeit
1946 3129 2939 3186 der Völker und der wirkliche Friede unter den Völkern
917 3132 1917 3193 konnten und es in einen allgemeinen Geistbrei der Mensch
75 3136 896 3186 die ja für den gesamten geistigen Verkehr vor
1935 3164 2337 3236 verhindert worden ist.
72 3175 1218 3240 olk so entscheidend ist, nach, so stellt man fest, heit einordneten.
