3344 4320
221 181 1088 311 13. Miscellaneous
1269 196 1752 307 box 44/10
865 942 1035 1046 —.—
737 946 832 1059 —
794 1085 1293 1174 et
2312 1088 2469 1156 2. Jahr
821 1097 2253 1207 Der Herr
1004 1247 2233 1346 Paula Müller. Von Hans Wantoch.
995 1611 2495 1736 Die hat dieselbe sieghaft glückliche Art zu sein, wie Stelle Hohenfels vor Jahren,
1050 1699 2489 1776 und auch bei ihr ist die Gefahr der Vergeßlichkeit nicht fern, daß man in einem
1041 1752 2497 1820 gewissen Alter das liebe Mädel auch nicht mehr spielen kann. Heut aber scheint
1044 1800 2493 1851 sie noch zu sein, was sie nicht mehr ist; und der Naturzauber sitzt ihr in der Seele.
1050 1849 2495 1915 Ganz frisch und unverbraucht wie in dem jungen Blühen der Bäume, das sich
1050 1895 2497 1955 mit kecker Sicherheit gegen den herben Märzwind wehrt. Diese harte Kontur
1050 1946 2497 2008 ist der schönste Reiz ihres Spieles. So nah in der weichen, müden Umgebung
1050 1994 2493 2056 der Wienerlust die Verlockung lag, die Femme incomprise in nuce darzustellen,
1050 2047 2495 2105 sie hat sich dennoch niemals als süßes Mädel gegeben, wie man es in Wien so
779 2105 2500 2156 liebt, seufzend sentimental und tränensüchtig. Freiich sitzt ihre Träne sehr locker, und hinter ihrem
774 2142 2497 2206 Lachen und ihrem Übermut ist gleichsam stets ein heimliches Weinen. Man brauchte sie nur
779 2189 2493 2250 wie manche Siebzehnjährige ein bißchen zu bitten, und sie könnte zu jeder Minute ein paar
781 2239 2495 2297 Tränen lassen. Aber wie bei kleinen Siebzehnjährigen ist dieses Weinen kein Ausdruck einer
785 2290 2495 2354 Wehmut, sondern mehr eine erfrischende Körperemotion, die gleich in die entgegengesetzte
777 2341 2495 2400 Nervenbewegung des Lachens umschlagen kann. Man spürt sich so schön im Weinen. Heftige
777 2387 2495 2440 Gemütserregungen haben für sie wie für diese Backfische etwas Erfrischendes. Sie empfindet
777 2438 2497 2509 im Lachen und im Weinen nur eine lustvolle Entladung von eigenem Überschwang. Der gährt
781 2489 2495 2555 und brodelt in ihr und will irgendwie heraus, naiv und unbekümmert. Für ihre Augen haben
777 2535 2497 2603 alle Dinge noch den Glanz des Unberührten, sie weiß nicht, was Sitte in der Welt ist, und kennt
777 2588 2497 2650 die Sünde nicht. Sie kriecht aus Neugier auf den Heuboden und erleidet den tiefsten Schmerz
781 2636 2504 2703 des Lebens, ohne des Lebens tiefste Lust erkannt zu haben. Der Spielmann in Schönherrs
788 2676 2502 2747 „Königreich“ fängt sie ein wie der Rattensänger die Kinder in Hameln. Sie folg dem Lied; sein
779 2734 2497 2798 Rhythmus lärmt in ihrem Blut; sie sinkt mit offenem Schoß in offene Männerarme; aber nur
779 2782 2493 2842 Neugier ist in ihr, nur ein animalischer Antrieb der Natur, keine Lüsternheit, weil diesem Augen¬
781 2833 2500 2919 blick kein Entbehren und Unterdrücken in der Vergangenheit vorausgegangen ist. Und der Herr
785 2886 1538 2950 verzeiht, denn sie weiß nicht was sie tut.
958 2919 2500 2996 Aus dem Unbewußten springen ihre Handlungen auf, ein naives Temperament ist die
785 2976 2497 3042 Quelle ihrer unwillkürlichen Gestaltung. Das bestimmt ihr von selber in jedem Augenblick
781 3025 2495 3089 Gebärde und Sprechtempo, Stimmlage und Haltung. Ein paar übermütige Nuancen genügen ihr,
781 3080 2502 3137 einen besonderen Menschen aus dem Traditionsklische zu heben. Aber diese profilierenden
781 3124 2495 3188 Ausdrucksmittel sind nicht Erzeugnis einer sinnvollen Überlegung, sie brechen als gottgeschaffene
781 3175 2489 3239 Naturgebilde auf und sind gleichsam unwillkürliche Reflexbewegungen der Lust am Spiel. Dem
781 3223 2500 3287 gibt sich diese Künstlerin mit unverbrauchter Komödiantenleidenschaft hin; sie ist ihm so ganz
785 3270 2500 3336 verfallen, daß alles was sie tut und unterläßt, Ergebnis einer glücklichen Laune wird. Man
779 3320 2493 3380 kann an ihr die suggestive Macht des Wortes beobachten, wie an manchen Sängern die sug¬
781 3371 2495 3435 gestive Kraft der Töne, die aus ihrem willenlos hingegebenen Körper die frappierendsten Ge¬
790 3413 2493 3488 bärden aufbrechen lassen. Solch ein willenloses unüberlegtes Instrument ist diese Spielerin
790 3468 2509 3541 dem Wort. Niemals fühlt sie sich in freier Schöpferlaune der Dichtergestalt überlegen. Sie wird
1600 3605 1690 3678 401
