3344 4352
159 275 1022 375 13. Miscellaneous
1207 279 1695 364 box 44/10
2064 785 2151 850 446
1163 796 1530 869 : Stuttgart, Wien
1204 931 2188 986 übrig bleiben, um die Blöße zu verhüllen? Macher
1213 970 2191 1030 haben wir genug und übergenug; wir brauchen Dichter,
1204 1009 2193 1065 die aus den unentweihten Tiefen der eigenen Brust
1209 1048 2190 1110 schöpfen. Auf einen solchen, wenn auch noch so zaghaft
1210 1090 2193 1154 hervorgestammelten Herzenston wartet man in der
1210 1140 2055 1200 „Schule des Lebens vier Akte lang vergeblich.
1844 1178 2126 1237 Rudolf Krauß
1643 1292 1790 1356 Wien
1288 1329 2126 1405 „In festen Händen." Lustspiel in einem Akt von
1292 1383 2117 1438 Raoul Auernheimer. — „Das elfte Gebot."
1288 1419 2130 1468 Lustspiel in drei Akten von Edmond Sée (Deutsches
1878 1454 2110 1502 „Maskerade.
1292 1459 1776 1500 Volkstheater, 10. November).
1292 1480 2125 1539 Schauspiel in vier Akten von Ludwig Fulda (Hof¬
1294 1522 2126 1571 burgtheater, 12. November). — „Stimme des
1294 1557 2126 1602 Lebens.“ Szene von Erich Kahler. — „Die von
1290 1589 2135 1638 nebenan.“ Drama in einem Akt von Thaddäus
1292 1631 2131 1679 Rittner. — „Die Weißnäherin.“ Komödie in
1288 1656 2129 1707 einem Akt von Tristan Bernard (Intimes Theater,
1294 1700 2132 1743 14. November). — „Der Storch.“ Volksstück in vier
1294 1726 2135 1781 Akten von Ernst Gettke und Alexander Engel
1456 1765 1984 1815 (Raimundtheater 14. November).
1306 1806 2206 1883 Taoul Auernheimer, dessen Lustspiel „In festen
1336 1860 2194 1904 Händen“ uns das „Deutsche Volkstheater“
1219 1878 2205 1950 brachte, ist eine der sympathischeren Erscheinungen
1223 1936 2199 1990 der jungen wiener — oder darf man noch sagen „jung¬
1229 1972 2207 2031 wiener. — Litteratur. Die Rolle des Amuseurs einer
1231 2009 2205 2073 gewissen, fest umrissenen Klasse der wiener Gesellschaft,
1229 2060 2211 2109 die vor ihm zehn Jahre lang Herr Dr. Arthur Schnitzler
1230 2090 2211 2156 mit Eleganz und Geschick gespielt hat, scheint er nun
1228 2126 2207 2193 übernehmen zu wollen. In der That, man muß diese
1229 2169 2215 2223 Gesellschaft mit ihrer Freude am geistreichen Wort, mit
1237 2209 2207 2270 ihren ewig unverstandenen, ewig sensationslüsternen,
1229 2246 2207 2299 ewig nach einem anderen als dem Ehemann auslugenden
1237 2285 2186 2350 Frauen — den zu erringen sie doch zu vorsichtig sind -
1234 2321 2215 2382 mit den im Beruf oder Geschäft zermürbten Gatten
1236 2364 2211 2424 und den ohne Grazie frivolen Lebeknaben kennen, um
1237 2403 2212 2460 Auernheimers Gaben zu würdigen. Recht um die
1246 2442 2215 2501 Pointe herumgedichtet erscheint auch sein jüngstes kleines
1897 2476 2223 2530 in diesen Kreisen
1240 2487 1802 2534 Lustspiel. Die brave Ehefrau
1240 2525 2220 2580 sind sie immer brav — muß, um den Nachstellungen
1237 2557 2214 2613 der Lebemänner zu entgehen — vorschützen, sie habe
1239 2591 2218 2659 bereits einen Liebhaber, sei also in festen Händen“.
1250 2636 2214 2693 Das hört der Gatte, macht ihr eine Eifersuchtsszene,
1271 2678 2227 2739 klärt alles auf, und „in den Armen liegen sich
1244 2726 1362 2790 beiden.
1327 2746 2223 2814 Edmond Sée ist ein junger Pariser, den Antoine
1250 2797 2225 2851 zuerst auf die Bretter gebracht hat. „L’indiscret" heißt
1246 2840 2209 2893 sein Stück im Original — das „Deutsche Volkstheater
1244 2875 2230 2931 änderte den Titel in „Das elfte Gebot — und der
1250 2909 2226 2962 Autor scheint eine Fortsetzung der Charakterkomödie im
1253 2946 2228 3010 Stile des Meisters des französischen Lustspiels erstrebt
1251 2986 2226 3050 zu haben. Wirklich ist ihm die Hauptfigur, der Typus
1253 3028 2228 3085 des ewig geschwätzigen Liebhabers, der sich mit seinen
1260 3069 2235 3127 Indiskretionen schließlich um das Herz der angebeteten
1255 3117 2236 3168 Frau bringt, nicht übel gelungen. Schwächer in der
1258 3143 2226 3203 Charakteristik sind die Nebenpersonen und das Gefüge
1255 3186 2232 3241 der Handlung allzu locker, als daß es dauernd das
1265 3232 2230 3287 Interesse festhalten könnte. Wenn man schließlich im
1255 3265 2236 3320 dritten Akte sieht, wie die Frau, die vorher unbefriedigt
1255 3299 2239 3365 von einem Manne zum anderen geeilt ist, nun gerührt
1258 3341 2235 3400 und rein — ganz rein — dem legitimen Gatten in die
1261 3381 2233 3440 Arme sinkt, so schweigen alle Erinnerungen an die
1261 3418 2235 3479 Charakterkomödie, und man sieht nur das ältere
1261 3460 2241 3520 Boulevardlustspiel. Das Volkstheater hat übrigens auf
1257 3500 2151 3558 beide Novitäten viel lobenswerte Mühe verwendet.
1336 3531 2233 3589 Ludwig Fuldas „Maskerade hat bei der Ur¬
1258 3583 2239 3640 aufführung im Burgtheater dem Publikum sehr gefallen
1267 3617 2241 3673 und macht noch jetzt volle Häuser. Weniger der Kritik.
1271 3656 2241 3715 Von allen Seiten konnte Fulda hören, er sei zum
1267 3695 2239 3747 Gesellschaftskritiker nicht berufen, er möge sich lieber an
1267 3733 2241 3790 das leicht tändelnde Spiel der Phantasie halten: das
1273 3769 2246 3836 sei seine eigentliche Domäne. Nun ist es an sich mißlich,
1267 3808 2241 3868 einem sehr begabten Poeten das Recht zur Gesellschafts¬
1267 3858 2242 3908 kritik abzusprechen, besonders wenn er davon schon so
1261 3889 2247 3955 hübsche Proben geliefert hat, wie der Autor der
