3392 4352
264 218 1121 347 13 Miscellaneous
1318 231 1783 352 box 44/10
1209 1065 1410 1117 Schwarz-
1753 1077 2215 1125 dem literarischen Wien.
1353 3039 1982 3155 SCHNITZLER
1523 3174 1801 3253 Seine Werke:
896 3253 1614 3329 DAMMERSEELEN, Novellen (Neu),
1720 3256 2433 3339 REIGEN, geb. K 3.60; DER SCHLEIER
896 3324 1612 3380 geb. K 3.60; ANATOL, geb. K 3.60;
1715 3319 2433 3386 DER BEATRICE, gebunden K 4.30;
891 3367 1609 3425 DAS MARCHEN, gebunden K 4.20;
1718 3370 2433 3435 LEUTNANT GUSTL, geb. K 1.92;
897 3411 1608 3474 STERBEN, geb. K 3.60; LIEBELEI,
1717 3422 2430 3484 BERTHA GARLAN, gebunden K 4.80;
896 3464 1598 3518 geb. K 3.60; FREIWILD, geb. K 3.60;
1717 3471 2427 3534 LEBENDIGE STUNDEN, geb. K 3.60;
897 3510 1603 3570 DIE FRAU DES WEISEN, geb. K 3.60;
1715 3516 2428 3578 DER EINSAME WEG, geb. K 3.60;
896 3556 1604 3617 DAS VERMACHINIS, geb. K 3.60;
1709 3567 2428 3632 ZWISCHENSPIEL, gebunden K 3.60;
896 3606 1599 3665 PARACELSUS, DIE GEFAHRTEN,
1718 3613 2425 3673 DER RUF DES LEBENS, geb. K 3.60;
884 3658 1609 3738 DER GRUNE KAKADU, geb. K 3.60;
1709 3661 2425 3731 MARIONETTEN, gebunden K 3.60
998 3780 2308 3836 K. u. k. Hofbuchhandlung MORITZ PERLES, WIEN, I. Seilergasse 4.
