3392 4352
222 232 1080 340 13 Miscellaneous
1268 238 1746 331 b 44/10
1690 1259 1781 1323 80
1137 1387 2330 1468 aber von der alten Gewohnheit kann er nicht
1150 1448 2330 1511 lassen: »er auskultiert noch immer, wenngleich ohne
1146 1497 2308 1569 Hörrohr, er klopft die Menschen im Gespräch sorg
1138 1550 2324 1612 fältig ab, er fühlt ihnen den Puls und er schaut ihnen
1147 1599 2324 1660 in die Augen.« Versteht sich: nur bildlich, und es kommt
1147 1643 2323 1708 dennoch nicht mehr heraus als bei der Ordination.
1138 1697 2324 1767 So ist nämlich das Leben, daß es nicht so ist. Es läßt
1141 1743 2318 1810 sich nicht in allegorische Artigkeiten einfangen,
1143 1797 2315 1865 und hat überhaupt etwas gegen diese Beschäftigung,
1140 1848 2317 1912 deren Schlagwort die Marke aller um Schnitzler
1134 1897 2318 1962 gruppierten Literatur ist. Der Duft und die Farbe, der
1132 1946 2318 2012 Zauber und die musikalische Anmut dieser Stadt läßt
1132 1998 2314 2064 sich zur Not von diesen zarten Schindern einfangen,
1131 2046 2315 2113 das Leben nicht. Dort helfen hundert Assoziationen,
1138 2087 2315 2149 die schon durch hundert Hände gegangen sind, und
1135 2135 2315 2205 ein Hautreiz genügt, um den, der am Grinzinger Bach¬
1138 2189 2311 2250 spazieren geht, zum Dichter zu machen. Der Dichter
1132 2241 2323 2302 vor dem Leben hat leider einen schwereren Stand, und
1138 2286 2315 2351 ihm ist es geradezu überlassen, alles, was noch nicht ist,
1126 2344 2307 2400 zum Dagewesen sein zu steigern. Was haben die Laubsäge¬
1132 2393 2315 2444 arbeiten der Schnitzler und Abschnitzler mit dem Chaos
1129 2445 2315 2497 zu schaffen? Was die Sorgfalt der äußern Form mit
1129 2494 2326 2546 der ordnenden Gewalt des Sprachgeists? Was geht
1135 2533 2318 2594 den guten Geschmack die Kunst an? Der Schöpfer
1135 2590 2315 2648 wird keinen Augenblick nachdenklich würde ers,
1126 2642 2317 2689 es wäre um die Kreatur geschehen. Dem Denker
1126 2686 2310 2743 ziemt es, nicht verstanden zu werden. Aber der
1138 2731 2318 2788 Nachdenkliche wird so gut verstanden, daß er für
1138 2785 2310 2841 den Denker gehalten wird, versteht sich von
1138 2831 2314 2892 jenen, die nicht einmal nachdenklich sind. Es geht
1129 2888 2307 2949 ihm so, wie dem Gutgelaunten, den die Humorlosig¬
1126 2931 2307 2998 keit für einen Humoristen hält. Schnitzlers Melancholien
1120 2981 2307 3040 lassen sich bequem von jenen aufzeigen - auch eine
1120 3032 1837 3089 neue literarische Beschäftigung
1959 3031 2308 3095 die sich nicht
1123 3072 2301 3129 einmal die Sorgen machen können, die ihnen längst vorge¬
1120 3128 2305 3189 macht sind. Kaum einen Festartikel habe ich gelesen,
1120 3178 2312 3242 in dem nicht richtig erkannt war, daß Schnitzler aus
1120 3226 2304 3277 den Bezirken der Erotik ins weite Land gegangen
1118 3282 2310 3341 sei, aus den Problemen des gesellschaftlichen Lebens
