3344 4352
217 171 874 303 13. Miscellan
1274 199 1760 300 b 44/10
2913 1443 3316 1522 „Na, denn los. Wir kö=
1592 1458 2818 1537 auf geradezu unglaubliche, für uns direkt unverständliche Art und
2913 1513 3276 1568 „Das denke ich auch.
455 1485 1476 1580 Hermann Bahr über Paul Schlenther.
1598 1519 2653 1611 Weise herauszufordern. Besonders die Wallensteingeschicht¬
2888 1553 3282 1620 ihr wird eingeseist.
1666 1571 2002 1629 Was war damit
773 1559 1137 1656 Ein Interview.
2870 1577 3041 1660 on rund
1669 1580 2818 1672 Er läßt den Prolog in einem Zimmer sprechen. Dieses Zimmer
1204 1598 1546 1702 Nachdruck verboten.
2900 1611 3331 1696 sieht er nicht aus wie
1672 1632 2818 1705 — wie er den Herren der „Neuen Freien Presse“, des „Fremden¬
413 1644 1024 1727 Ah, qu'elle est belle — Roxane
1605 1656 3313 1754 blattes“ und des „Vaterlandes" gesagt haben soll mir sagten es worden ist?" fragt sie da¬
425 1690 1571 1779 „Na, wie geht's denn dem lieben Burgtheater?" fragte ich Her¬
2851 1727 3301 1788 kraut ihm in den Haaren.
1601 1724 2809 1794 wenigstens die Herren, das Schillerzimmer in Marbach. Natürlich
358 1748 1149 1803 mann Bahr, der eben an seiner Toilette war
2903 1760 3328 1815 Ich verstehe diese Anspiel
1611 1779 2818 1840 schrieben dies auch die drei genannten Blätter. Darauf
413 1770 1571 1846 Pahr wird ernst. So schlecht wie nie. Vor acht Jahren lernte
2910 1818 3334 1861 „Hören Sie mal, Neu¬
1605 1822 2821 1877 veröffentlicht Schlenther: „So etwas könnte nur in dem
361 1834 1574 1883 ich Schlenther kennen und betete ihn an, weil er uns Junge unter¬
2855 1825 3331 1907 Journalist und könnten viel
1608 1858 2818 1922 Hirn eine Reporters entstanden sein.“ Nun müssen Sie
364 1883 1574 1932 stützte. Ich war auch mit Burkhardt innig befreundet und
2848 1898 3319 1947 wenn Sie die Journalistik
1608 1895 2766 1962 bedenken, daß die Wiener Journalistik — anders als die Berliner
364 1916 1571 1974 bin es noch. Als ich dann von Schlenthers Intriguen
2897 1941 3316 1993 Das eingeseifte Gesicht
1611 1935 2818 2005 solidarisch denkt. Wird ein Reporter angegriffen, gilt das genau so
361 1968 1571 2017 erfuhr reichte ich
2848 1977 3334 2026 bin ich verheirathet, und mi
1601 1980 2821 2042 viel, wie wenn ein Chefredakteur oder Feuilletonist angegriffen würde.
364 2011 1574 2060 ihn schon nicht mehr so. Da kam Burkhardt zu mir und bat
2855 2026 3313 2084 ich einstweilen nur mit der
361 2020 2803 2097 mich, Schlenther zu unterstützen, denn er sei der einzige Mann in Das ist bei uns gleich. Wir sind alle Eines: Leute der Feder
2900 2066 3313 2127 Frau Bahr pfuit schon
1608 2063 2818 2127 Die Empörung in Wien ist grenzenlos, sage ich Ihnen. Ich schreibe
361 2090 1580 2139 Europa, das Burgtheater vollendet zu leiten. Das haben wir Alle
2913 2109 3307 2173 „Bubi ist fertig rasirt
1611 2109 2821 2179 ja keine Kritiken mehr, sondern Burkhardt schreibt sie für mich. Seit
361 2127 1580 2182 geglaubt, und glauben jetzt noch. Aber trotzdem hat er uns ent¬
2855 2149 3313 2197 becken. Wieder ans Tages
1608 2152 2818 2228 vier Tagen thue ich nichts anderes — ob Sie mir glauben oder nicht
361 2176 1571 2225 täuscht seinem halben Jahr versteht ihn kein Mensch mehr
2873 2188 3298 2246 Handtücher über den Kopf
1653 2191 2818 2277 als die Gemüther über Schlenther beruhigen. Denn es kann das
361 2219 1571 2268 tes erwartete von ihm, daß er aus dem Burgtheater eine große
2855 2237 3304 2289 furioso das theure Haupt.
1605 2231 2693 2307 nur eine Verirrung sein, und ich glaube noch an Schlenther.
364 2256 1571 2311 oberne Bühne machen würde. Denn erstens ist er der große
2913 2274 3307 2332 Ich kann nicht umhin
1672 2268 2741 2347 „Und was sagen Sie zu unserer literarischen Richtung jetzt?“
364 2292 1583 2350 moderne Mensch, und zweitens wenn nicht modern, so doch der
2861 2311 3316 2378 kann Ihnen aber den Kopf
1681 2301 2815 2387 Sie geht zum Romantischen zurück. Der Höhepunkt des Natura
361 2341 1580 2393 literarische Mensch durch und durch. Und was geschieht? Er schmeißt
2913 2359 3328 2421 „Kann sie auch ruft ein
364 2366 2815 2433 unsere größte moderne Künstlerin, die Sandrock, hinen Lofte Witt lismus ist vorbei. Wir müssen etwas Neues haben. Sagen Sie
2867 2396 3328 2466 hervor. Ihre ganzen Bewe¬
1608 2408 2818 2466 was Sie wollen, ich halte den „Eroberer“ von Halbe, wenn auch nich
364 2430 1580 2482 lan gestern noch zu mir und hat mir erklärt, ehe sie an der Burg
2858 2448 3313 2500 bestätigte es auch. Er me
1614 2448 2827 2506 für ein reines Kunstwerk, so doch für ein Stück, das uns die neue
361 2463 1580 2518 bliebe, gehe sie lieber nach Linz, Znaim oder Flau. Ich beschwer
2864 2485 3289 2552 einen schöneren Nacken."
1608 2494 2821 2558 Bahn eröffnet, die wir Alle gehen werden. Wir müssen zum Stil
370 2512 1574 2564 sie zu bleiben, doch sie antwortete mir, er Schlenther behandelt sie
2922 2528 3331 2583 Ich bedauerte, darüber
1608 2531 2708 2610 zurückkehren, der die großen Sachen der Menschheit behandelt.
370 2552 1577 2610 ganz unter der Mann das könne sie sich nicht bieten lassen. Das ist
2867 2561 3331 2634 Frau nicht urtheilen zu kön¬
1672 2579 2534 2647 „Weshalb fiel dann „Cyrano in Wien so durch
364 2595 1577 2644 das Erste, was ich nicht verstehe. Das Zweite ist das Unfaßbare,
2903 2613 3316 2674 Während er nun frist
1675 2601 2830 2680 „Cyrano ist ein Stück für Wien wie geschaffen, und mit Kainz
367 2634 1574 2690 daß er Stücke wie „Die Vielgeprüften" von Meyer an der Burg
2867 2653 3328 2705 Prandy, eine Virginier un
1611 2665 2830 2723 würde es kolossale Wiederholungen erfahren. Aber die Wiener Auf¬
364 2668 1571 2732 aufführt, ein Stuck, das weder das Josefstädter Theater
2876 2696 3304 2757 863, absolvirte ich das
1614 2705 2833 2766 führung ist hundemiserabel. Hartmann ist elend, während Herr
361 2717 1580 2772 noch das Jantschtheater aufgeführt hätte. Speidel schrieb: Es giebt
2867 2732 3292 2806 Wien, Czernowitz und
1611 2751 2824 2809 Thimig, Frau Reinhold, Herr Devrient Karikaturen ihrer Rollen
434 2760 1571 2815 Wiener Vorstadttheater, das die Frechheit gehabt hätte es auf
2870 2781 3304 2848 hatte, den ich heute
1608 2787 2815 2851 waren, wie sie keine Provinzbühne bietet. Selbst in einer nur mittel
400 2796 1577 2870 führen. Wirklich Sehen Sie, ich schätze Schlenther wirklich un¬
2940 2821 3307 2897 heute noch nicht
1608 2830 2607 2897 mäßigen Aufführung könnte das Stück oft und oft gehen.
367 2845 1290 2919 gemein, aber das kann man eben nicht verstehen."
2867 2851 3328 2931 Rationalökonomie. Mein
1672 2855 2763 2943 „Weit halten Sie für unseren bedeutendsten deutschen Dichter
431 2888 1216 2946 Ja, sagen Sie mir, woran liegt denn das?“
2861 2903 3331 2971 sei der „Deutschen Zei¬
1675 2913 2836 2983 „Sudermann ohne Frage, insbesondere im „Johannes, den ich
422 2913 1571 2989 „Die Wiener erheben zwei Einwände: 1. Schlenther sei eben nur
2870 2946 3230 3017 Person, bis ich 189
1608 2962 2827 3017 noch nie aufgeführt sah. Aber beim Lesen des Werkes überkam es
370 2974 1577 3032 Schriftsteller. Daraus kann ich nur sagen. Schaut auch den Bukovics
2870 2971 3328 3056 el excologi¬
1614 3010 2827 3065 sich so gewaltig, wie bei Tragödien von Otto Ludwig und Hebbel.
431 3013 1574 3065 der ist auch nur Schriftstellen welche glänzendes Theater hat er
2861 3032 3331 3096 heaterlebens kennen gele¬
1614 3050 2833 3102 von der Wiener Schule ist Hugo v. Hofmannsthal ein würklich
697 3053 1580 3120 ter gemacht jetzt das erste Theater Wiens) Der
367 3062 608 3114 aus dem Volk
2864 3075 3325 3139 Menschen", flog an der Be¬
1614 3093 2818 3154 großer Dichter, während Schnitzler und ich in ganz nette Theater
379 3096 1577 3154 and lautet: Schlenther ist Norddeutscher. Darauf kann ich
2870 3123 3319 3169 Jahre 1891 das zweite,
1614 3133 1873 3212 schen und
443 3139 1580 3200 sagen: Schaut Euch Gettle an Der ist aus Elberfeld, und wie
2861 3157 3325 3221 denfalls durch. Dann kan
1663 3151 2815 3234 Nun ergriff sie, Frau Bahr, das Wort: „Ja, und zum Theater
455 3175 1577 3237 send hat er das Raimund=Theater seit 1 Jahren gestaltet.
2867 3206 3331 3258 Das Tschapel
1611 3203 2833 3285 menschen habe nur ich ihn gemacht, und ich habe ihn veranlaßt,
437 3224 1106 3298 beide Einwände sind nicht stichhaltig.
2870 3240 3313 3310 Josephine am Volksthe
1614 3261 1947 3325 tücke zu schreiben.
449 3267 972 3334 ja, warum gehts also nicht?
2864 3285 3313 3353 og ich mit „Der Star¬
1763 3273 2818 3353 , ein großes Verdienst hab' ich mir um die dramatisch¬
449 3282 1580 3365 Wenn Sie die ganz persönliche Meinung eines Menschen
2910 3325 3334 3383 Athlet, ist auch schon
1608 3340 2815 3395 Kunst erworben, nämlich daß ich meine Frau von Bühnen
373 3350 1571 3411 hören wollen, der den Schlenther sehr gern hat, so liegt es glaub¬
2897 3368 3307 3438 er war auch fertig, ich
1614 3389 2821 3454 genommen habe. Ein zweiter Laube, hab' ich die deutsche Bühnen
367 3386 1577 3447 ich daran, daß er die Berliner Ansicht hat, man könne den Wienern
1611 3426 1928 3487 Rose Joel befreit.
364 3435 1577 3493 vorsetzen, was man will, die Wiener seien nicht ernst zu nehmen.
1656 3454 2039 3521 Der Friseur erschien.
2934 3444 3310 3542 er hat die Proph
373 3475 1580 3533 Eine andere psychologische Erklärung sind ich nicht. — So war es bis
1644 3496 2408 3564 Bubi, Du mußt Dich jetzt rasiren lassen!“
370 3515 1580 3579 vor ein paar Wochen. Seit einigen Wochen nun beginnt er die Presse
