3344 4320
1258 225 1741 311 b 44/10
202 206 1071 318 s
397 790 1198 895 „OBSERVER
475 880 1142 947 I. österr. behördl. konzessioniertes
442 910 1172 1011 Unternehmen für Zeitungs-Ausschnitte
505 981 1104 1063 WIEN, I., WOLLEILE 11
580 1048 1033 1104 TELEPHON R-23-0-43
378 1157 741 1254 Ausschnitt aus:
651 1299 887 1396 re
943 1273 1157 1415 ottaa
651 1344 936 1456 3.
386 1385 513 1468 vom
1333 1554 3283 1617 Kriege schon immer so gewesen war. Wir mußten grade daß zum mindesten während der letzten anderthalb
464 1557 1172 1640 Der geistige Verkehr
1329 1610 3283 1662 aus der unbedingten Wahrhaftigkeit, zu der wir uns zehnte mit Sicherheit die Arbeit der Vermittlun
1337 1644 2336 1692 fortan bekennen, einsehen, daß jedenfalls für uns Deutsch
2366 1644 3272 1703 Dichtung von Volk zu Volk fast ausschließlich in
528 1644 1104 1726 von Volk zu Volk
1333 1688 3231 1741 ein absoluter Bankrott des geistigen Verkehrs von Volk Händen von Personen und Firmen gelegen hat,
1329 1715 1629 1786 zu Volk vorliegt
2362 1715 3283 1778 keiner Blut= und Bodenbeziehung zu dem Volke gest¬
760 1715 872 1790 Von
1374 1741 3272 1812 Der Augenblick dieser Einsicht brachte aber auch zu haben, dessen Schaffen zu vertreten sie behaupteten
2366 1808 3291 1853 ist gewiß nicht nur die Schuld dieser Leute selbst, son
577 1778 1063 1868 Hanns Martin Elster
1333 1797 2340 1868 gleich die Erkenntnis der Ursachen für den Bankrott
1337 1838 3287 1894 Wer hatte denn den geistigen Verkehr von Volk zu Volt auch die Schuld aller wirklichen Deutschen. Nur da
333 1864 1314 1932 Als wir im Kriege die furchtbare Greuelhetze der
1337 1879 3242 1928 nicht bloß vor dem Kriege, sondern besonders währens ist es gekommen, daß das Ausland ein völlig
2374 1917 3272 1973 ches Bild vom deutschen Volk und
303 1902 2340 1980 ganzen Welt gegen Deutschland und seine Verbündeten der Nachkriegsjahre hier in Deutschland wie fast in aller
2366 1958 3287 2007 schen Wesen erhalten hat. Nur dadurch konn
1333 1962 2340 2010 Welt betrieben? Man braucht nur die Liste, die mir ein
300 1977 1307 2025 erlebten, waren wir noch des Glaubens, daß unser
2362 1999 3287 2044 geschehen, daß die deutschen Dichter, die den den
1340 2003 2332 2052 Freund und Kenner der deutschen Literatur in Amerika
300 2014 1314 2067 Feinde nur ein Kriegsmittel zur Anwendung brächten
2355 2029 3294 2085 Genius wahrhaft offenbart haben, nich zu den an
1344 2048 2332 2089 sozusagen von Amts wegen zur Beurteilung zusenden
300 2067 2340 2130 Gutmütig, wie wir Teutschen sind, nahmen wir an, daß durchzusehen, um ein klares Bild zu gewinnen. Der ger¬
2355 2070 3283 2130 Völkern getragen worden sind. Ich wi hier nur
296 2096 1314 2141 die Greuelhetze mit Herstellung des Friedenszustandes
2355 2100 3287 2160 Namen aus dem 19. Jahrhundert nennen. Weder Jo
1333 2123 2340 2168 manistische Professor und Jugendlehrer in Kalifornien
296 2141 2332 2205 verschwinden würde. Als dann nach dem Kriege die nennt 21 Autorennamen, deren Bücher nicht nur unter
2366 2145 3280 2194 Peter Hebel, noch Mathias Claudius, weder He
300 2171 1314 2224 ersten Verbindungen mit den ehemals feindlichen Völker¬
2359 2186 3280 2231 von Kleist noch Hölderlin, weder Wilhelm Raabe noch
1333 2194 2332 2246 den Studenten, sondern vom allgemeinen Publikum in
303 2213 1310 2261 wieder angeknüpft wurden, schenkten wir jedem Be¬
2362 2213 3294 2269 Ludwig, weder Jeremias Gotthelf noch Adalbert St.
1337 2235 2332 2287 Übersetzungen als spezifisch deutsche Werke am meister
300 2257 1314 2299 mühen, das angeblich dem geistig=seelischen Verkehr der
2355 2257 3291 2314 weder Herder noch Mörike, weder Annette von Di
1337 2276 2347 2329 gelesen wurden. Und in dieser Liste stehen an erster
300 2287 1307 2340 Völker dienen wollte, ein kindliches Vertrauen und ver
2366 2302 3265 2351 Hülshoff noch die Ebner=Eschenbach sind so unter
1337 2302 2344 2366 Stelle: Emil Ludwig, Remarque, Vicki Baum
296 2340 2325 2403 meinten, das Bild, das die fremden Völker sich selbst vom und Thomas Mann. Dann folgen, immer in de
2362 2344 3287 2389 fremden Völkern bekannt geworden wie es notwe
296 2362 1307 2415 deutschen Volk während der jahrelangen Kriegshetze auf
2351 2377 3291 2433 wäre, wenn die andern Völker uns wirklich kei
1337 2389 2325 2460 Reihenfolge der amerikanischen Angaben: Feuchtwanger
303 2411 1310 2456 gebaut hätten, würde rasch ausgelöscht sein, wenn wir
2351 2418 3272 2471 wollten. Und kommen wir zur Gegenwart, so ist
1325 2433 2321 2482 Wassermann, Arnold Zweig, Sudermann, Schnitzle
300 2445 1314 2490 nur wieder in einen Austausch unserer Leistungen und
2359 2460 3291 2508 zustellen daß Dichter wie Stefan George, Hern
1333 2475 2332 2520 Goethe, Hauptmann, Werfel, Salten, Keyserling, Stefan
300 2490 1307 2531 Ideen, unserer Bücher und Schriftste er mit
2359 2490 3291 2546 Stehr, Paul Ernst, Wilhelm Schäfer und Emil Str
1340 2516 2329 2564 Zweig, Schiller, Heine, Spengler, Lessing, Nietzsche, Alfre¬
292 2520 1310 2568 einander traten. Wir halfen darum allen Organisationen
2355 2535 3287 2591 E. G. Kolbenheyer und Rudolf G. Binding. Hern
1333 2546 2325 2598 Neumann. Es rangieren also vor Goethe, der an zehn
296 2561 1310 2606 und Persönlichkeiten, die sich in den Dienst der Ver¬
2355 2576 3261 2621 Burte und Hans Friedrich Blunck Hans Carossa
1333 2594 2325 2643 ter Stelle erscheint, Autoren wie Emil Ludwig Feucht
296 2594 1310 2643 mittlung, der Überbrückung von Volk zu Volk gestell
2351 2609 3294 2662 Hans Franck, Hans Grimm und Hanns Johst, Bö=
1333 2632 2321 2681 wanger, Wassermann, Arnold Zweig und Schnitzler. Vo
296 2639 1303 2684 hatten und berichteten freudig darüber, wenn deutsch
2351 2654 3287 2699 von Münchhausen und Josef Winckler, Wilhelm Wei
1333 2666 2325 2714 Schiller, der an 16. Stelle kommt, stehen Warsch Salten
303 2673 1310 2722 Autoren ins Ausland fuhren, dort Vorträge hielten, Zu¬
2351 2692 3287 2740 und Werner Beumelburg, Agnes Miegel und Rie
300 2707 2329 2759 hörer und Anerkennung fanden, wenn deutsche Bücher in Stefan Zweig, alles Autoren, die weder deutschen Ge¬
2351 2725 3287 2778 Huch, um nur einige Namen als Beispiele zu ner
1333 2744 2325 2797 blütes, noch gar sonst wie deutschen Wesens sind. E¬
296 2755 1307 2800 alle Sprachen der Welt übersetzt wurden und eine groß¬
2351 2770 3291 2819 kaum ins Englische oder Französische, geschweige den
300 2793 1307 2845 Leserschicht in andern Völkern eroberten, wenn deutsch¬
1333 2789 3287 2856 treten unter 21 Namen aus der deutschen Literatur, wohl= andere Sprachen übertragen worden sind, weil in
307 2830 2329 2879 Professoren zu Vorlesungen an alle Universitaten der gemerkt seit Lessing, also seit fast 200 Jahren, elf Au¬
2351 2845 3287 2894 letzten zwei Jahrzehnten die jüdische Ver¬
296 2868 2332 2920 Welt berufen wurden. Wir spannen uns in die Vor¬ toren jüdischen Blutes auf, unter den übrigen zehn
2351 2886 3283 2931 lungsarbeit in der Welt grade diese Autoren
303 2905 1303 2958 stellung ein, daß dieser geistige Verkehr von Volk zu Voll
1333 2905 3276 2961 Autoren sind mit Remarque, Thomas Mann noch zwei wußt verdrängt und als nur innerdeutsch bedeutsam
1329 2946 2325 2995 weitere, die jüdisch verschwägert oder charakterisiert sind
296 2946 1307 2995 persönlich verknüpft und bis zu Freundschaften gepflegt
2351 2958 3287 3014 gestellt hat. Wie kann man aber behaupten, ein Vol
1333 2984 2329 3036 so daß schließlich nur Lessing, Goethe, Schiller aus der
303 2991 1310 3047 wirklich den andern Völkern das wahre Bild unseres
2351 2999 3287 3070 kennen, wenn man die genannten alten und die genan
1325 3025 2332 3074 Klassikerzeit, Hauptmann, Sudermann, Nietzsche aus der
292 3017 1026 3089 deutschen Wesens und Lebens vermittelte
2351 3040 3246 3089 lebenden Dichter mit ihren Werken nicht gelesen
337 3066 2325 3119 Als wir nun aber nicht nur in unserm Innern, sondern Kaiserzeit mit deutschem Blut als Repräsentanten deut
2351 3070 3287 3130 Überträgt man dann die Erfahrung mit der Dichtu
1329 3100 3276 3171 scher Arbeit übrig bleiben, den Keyserling ist mit seinem vermittlung auf die Vermittlung der Wissen naft
288 3104 1307 3160 auch nach außen hin durch die nationale Revolution zu
300 3156 3283 3205 unserm wahren Wesen erwachten und uns bekannten, er¬ „Reisettagebuch" hier auszunehmen, weil er sich zu einem kommt man hier sehr schnell zu den gleichen Ergebn
292 3178 2093 3235 lebten wir genau die gleiche Verleumdungs¬ absoluten Kosmopolitismus entwickelt hat.
2351 3193 3283 3242 In die Welt hinaus gingen die Bücher der Leute
288 3231 1307 3272 und Greuelhetze wie zu Kriegszeiten. Wir
1359 3231 3276 3294 Geht man nun von dieser Liste aus der gesamten nicht unseres Geistes und unseres Wesens waren, die
296 3268 3294 3328 sahen, daß das Bild des deutschen Volkes im Bewußtsein übersetzungsfrage der deutschen Dichtung und unter uns lebten, von uns nahmen, was sie brau¬
300 3306 3302 3373 der andern Völker noch genau das gleiche war wie zur Literatur, die ja für den gesamten geistigen Verkehr von konnten und es in einen allgemeinen Geistbrei der Men¬
292 3343 2647 3433 Kriegszeit, und jetzt erkannten wir auch, daß es vor dem Volk zu Volk so entscheidend ist, nach, so stellt man fest, heit einordneten.
