3392 4352
257 172 406 300 13.
457 187 1133 305 Miscellaneous
1312 204 1797 308 box 44/10
1527 611 1681 727 Die
633 684 2658 916 Theatermusikwoche
1186 969 2105 1065 Eine Zeitschrift für Alle
550 1055 1736 1166 Verlag und Eigentum der Theater- und Kinozeitungsgesellschaft
1953 1040 2546 1131 Reduktion und Administration:
883 1123 1406 1194 Wien, I., Nibelungengasse 1
1777 1103 2748 1206 Wien, I., Nibelungengasse 1, Telephon Nr. 240311
593 1232 957 1315 1. Jahrgang
1254 1239 2087 1320 15. Dezember bis 1. Jänner
2476 1244 2688 1325 Nr. 34
1305 1456 1883 1643 ning.
729 1731 2486 1926 Angst um die den Raad van
1635 1898 2395 2064 sündigten
750 1984 2524 2234 eins un font ensuite gegen
1550 2186 2473 2362 an besserunt.
1345 2458 2188 2599 keltaisille
712 2658 1358 2844 Kun.
1287 2859 2029 3028 Wien und Berlin
651 3013 1608 3129 Ich soll über den Unterschied zwischen
1648 3003 2721 3129 Publikums einschätze und da kann ich nicht
543 3104 1608 3190 Wien und Berlin sprechen. Ja, Unterschiede
1645 3119 2705 3198 anders, als Sie versichern, daß ein Unter¬
540 3182 1613 3276 gibt es gewiß sehr große; es wird auch
1648 3187 2713 3276 schied außerordentlich schwer zu finden ist.
535 3246 1605 3339 ganz leicht sein, die Punkte aufzufinden,
1645 3258 2721 3357 Man kann vielleicht sagen, daß in früheren
545 3321 1605 3387 wo sie sich am auffälligsten zeigen. Aber sie
1648 3331 2711 3415 Jahren — und ich kenne Berlin nunmehr
545 3392 1603 3463 wünschen ja nicht den Unterschied der
1653 3384 2226 3475 seit dem Jahre 1891
2299 3392 2713 3485 der Berliner im
535 3458 1605 3541 äußeren Eindrücke oder die verschiedenen
1653 3473 2713 3543 großen Ganzen etwas zurückhaltender war
535 3523 1605 3609 Eindrücke, den die Baulichkeiten der Stadt
1651 3536 2711 3609 wie der Wiener, die Eindrücke erst prüfte,
527 3609 1603 3687 oder ihre Verkehrsverhältnisse bieten. Sie
1645 3604 2716 3675 ehe er sich hingab. Gerade auf meine
533 3654 1598 3743 möchten von mir wissen, wie ich das Kunst¬
1638 3657 2711 3748 Person stimmt das aber wieder nicht, denn
538 3730 1595 3821 verständnis, den Wärmegrad, die Auffas¬
1643 3733 2695 3821 mein dortiger Erfolg war durchwegs spon
533 3801 1598 3894 sungsfähigkeit des Wiener und des Berliner
1648 3806 2708 3929 tal, viel spontaner als er es in Wien war,
