3344 4352
1208 226 1687 317 box 44/10
162 230 1030 332 13. Miscellaneous
1336 396 3261 502 tragt, mittelst Wagen Kraus zu suchen. Er, Zeuge, wollte sagen, ob auf die Handlungsweise Fried¬
1351 464 3242 521 Kraus Abends warnen, kam jedoch zu spät. Als er sich mit dem genommen wurde. Der Zeuge deponirt, daß
1351 502 3234 559 Opernsänger Pieau in's „Imperial“ begeben wollte, kamen ihm den anderen Tag gesagt habe, Ba¬
1347 543 2419 600 ihnen beim Burgthor schon Friedmann, Kahane, Hand
2449 555 3249 623 hätten ihm auf seine Frage, was er thun soll
1351 585 2630 642 Stößler, Adler, Hirschfeld und Dörmann in sehr siegeslustiger Prügeln
1351 623 2423 679 Stimmung entgegen. Handl, rief ihnen zu: „Jetz
2540 608 3253 679 Otto Pohl, Redacteur der „Arbeiter-Z
1347 657 2411 709 haben wir den Kraus blutig geschlagen.
2449 645 3242 717 Fränkt habe ihm erzählt, Friedma
1347 702 3253 751 Zeuge fährt weiter fort: „Ich erwiderte darauf: Habt Ihr geregt gewesen und Bahr und Bau
1343 743 3249 789 das wirklich zu Stande gebracht. Ihrer sieben einen ein gerathen, auf diesen Artikel gibt es nur Eine
1336 777 2419 830 zelnen Menschen zu prügeln?“ Darauf stellte sich Fried
2536 777 3249 830 Zeuge Glück, Jude, bestätigt, daß in
498 702 1060 876 Gerichtssaal.
1336 823 2423 891 mann vor mich und sagte: „Wenn Sie was wollen
2445 804 3245 876 Friedmann Abends vor der That a
1336 849 1713 921 sagen Sie es
2445 860 3242 906 „Der Kraus wird heute gehan
245 857 1072 940 Ein literarischer Scandal.
1438 872 3245 940 Opernsänger Walther Pieau erzählt, er habe schon Bauer wartet schon." Er sei aufgeforder
1343 925 3245 996 im „Winterbierhause" von dem Complotte erfahren. Er kam zugehen, ohne daß von ihm passive Z
223 925 1317 1000 (Die Affaire Kraus-Friedmann von
1340 974 2676 1015 mit Schönberger zu spät, um Kraus zu warnen. Als er die langt wurde.
660 974 891 1034 Gericht.
1340 1011 2430 1060 Herren auf der Rückkehr vom Schauplatze der That bei der
2540 989 3253 1079 Der Jude Ernst Götzl soll darüber an
321 1000 1317 1076 Die unsäglich schmutzige Affaire aus dem Wiener jüdische
1351 1030 3215 1125 Burg traf, erzählten sie von dem Ueberfalle, und waren sehr Tag nach dem Ueberfalle Hermann Bahr,
219 1049 1317 1113 Literatursumpfe wurde in vorgerückter Stunde zu Ende ge¬
1343 1091 1449 1147 lustig.
2442 1094 3211 1140 und Friedmann im „Silbernen
234 1106 1325 1151 führt. Sie endete mit der Verurtheilung des „Dichters des
1438 1109 3245 1177 Es wird sodann der Dichter der „Lumpen", der Jude Darstellung des Falles, w
223 1147 3230 1234 Dreieck“ Oskar Friedmann zu zehn Tagen Leo Hirschfeld, aus Augsburg gebürtig, vernommen. „Extrablatt" erschien, redig
226 1177 1317 1226 Arrests. Felix Adler, welcher im Fiaker durch fün
1336 1204 2427 1253 Derselbe deponirt, Friedmann habe ihm schon Nachmittags in
2544 1208 3204 1257 Der Musiker Kobler erzählt, daß
223 1223 1245 1260 Stunden alle Kaffeehäuser nach Kraus absuchte.
1347 1223 3249 1294 größter Erregung die Fackel“ gezeigt. Abends sei er dann Ueberfalles, um ¼1 Uhr, Julius Bauer in
234 1257 1317 1309 hielt sieben Tage Arrests, die Angeklagten Schrift
1336 1279 3249 1359 beim Mozartplatz mit den Herren zusammengetroffen, bereits kam. Gleich darauf kam Friedmann, Handlu
223 1298 1317 1347 steller Arthur Kahane (Kohn?) und Willy Hand
2442 1328 3249 1374 mann suchte im Local mit den Augen, bis er
230 1317 1728 1381 wurden zu je fünfzig Gulden Geldstrafe ver nach geschehener That¬
1430 1362 3242 1419 Dr. Baumwarten: Herr Zeuge, ist es richtig, daß eilte dann auf ihn zu und theilte ihm etwas
223 1381 3257 1445 urtheilt, der Kaufmann Eugen Stößler und Felix Dör= Sie selbst im Café Glattauer den Dr. Wertheimer auf=garten: So ist es ja ganz gut gegangen; um
226 1411 962 1479 mann wurden freigesprochen.
1343 1442 3181 1483 gefordert haben, mitzugehen und den Kraus zu prügeln? Ist Attentat, um 12 Uhr Café Glattauer, um
321 1430 1317 1498 Wohl noch nie hat sich in einem Wiener Gerichtssaal
1343 1479 3174 1525 es richtig, daß Sie, als Dr. Wertheimer dies dankend ablehnte, Herrn Bauer." Friedmann will jedoch
226 1487 1317 1540 ein solches Bild gezeigt, wie es gestern der Josefstädter Bezirks
1343 1517 1925 1581 ihm zuriefen: „Feigling"?
1970 1521 2419 1585 Zeuge: Nein, das be¬
2445 1517 3242 1581 beten haben, einen unentstellten Bericht im
234 1532 1317 1577 gerichtssaal bot. Auf der Anklagebank fünf Schriftsteller, der
2442 1551 2589 1619 bringen
1347 1551 1513 1611 streite ich.
230 1574 1321 1623 sattsam bekannten Griensteidl=Clique angehörig. Sämmtliche
1430 1577 2427 1645 Zu dem Buchhändler Stern ist am kritischen Tage
2544 1574 3245 1660 Dr. Baumgarten: Warum sind
226 1611 1317 1657 natürlich Juden. Der einzige Dörmann ist getauft. Der
1343 1615 3257 1676 Dörmann gekommen, hat ihm die „Fackel“ gezeigt und zur „Wiener Zeitung" gegangen? (Stürmi
234 1645 1313 1713 Privatbetheiligte Carl Kraus, ein Jude, der sich von seinen
1340 1672 3253 1721 ihm mitgetheilt, daß Friedmann beabsichtige, sich an Richter: Ich bitte, ich kann solche Angriff
223 1683 1313 1728 Stammesgenossen Julius Bauer und Hermann Bahr
1336 1710 2427 1762 Kraus zu rächen. Auf den Wortlaut könne er sich nicht
2544 1710 3242 1755 Es wird nunmehr Julius Bauer
226 1725 1306 1774 sagen lassen muß, daß er die ganze Affaire zu einem Riesen
1336 1743 3245 1796 erinnern. Weiter deponirt der Zeuge, daß am nächsten Tage der „Illustrirten Hacke", vorgerufen. Derselb¬
230 1766 1321 1815 geschäfte ausschlachten werde! Man hörte ordentlich den Neid
1336 1781 2415 1830 eine junge Dame ein Exemplar der „Fackel" gekauft habe
2445 1789 3257 1853 Friedmann nicht gerathen, Kraus zu ohrfeigen.
223 1800 1313 1853 aus diesen Worten heraus, daß Kraus auf diese Weise zu
1336 1830 3257 1876 wobei er, Zeuge, bemerkte, auf Kraus sei Nachts ein nicht in's Café Rahn bestellt. Friedmann wußt
223 1845 3249 1925 einer Reclame im größten Stile gelangt sei. Wir fürchten, das Attentat verübt worden. Das Fräulein erwiderte: Das zu finden sei und habe ihn gebeten, eine re
223 1879 1313 1928 Beispiel, das Kraus, der „gehauteste Schriftsteller Wiens
1343 1902 3245 1951 habe ich schon gestern Nachmittags ge¬ ber den Fall zu schreiben. Er (Zeuge habe
226 1913 1317 1962 auch in anderer Beziehung, gab, wird Nachahmer finden
1336 1943 3257 2015 wußt, daß Kraus geprügelt werden gelehnt, bis die anderen Blätter Berichte haben
223 1959 1317 2004 Aber das Köstlichste war doch das Publikum. Juden, soweit
1340 1981 1513 2042 sollte.
2536 1989 3257 2038 Dr. Baumgarten: Ist Ihnen eri¬
226 1996 1317 2042 das Auge reichte, das ganze Café Glattauer war erschienen
1430 1993 2419 2064 Es wird nunmehr eine Reihe von Bediensteten des
2445 2027 3253 2079 Recension in Ihrem Blatte über das „Dreie
230 2038 1313 2083 die „süßen Vorstadtmädel“ des Arthur Schnitzler, da
1347 2038 2419 2106 „Café Imperial“ einvernommen. Dieselben geben überein
2457 2068 3261 2132 — Bauer: Nein, ich kann das nicht auswe
226 2076 1317 2121 zwischen dicke Literaturjüdinnen, und als Perte des Ganzen
1336 2098 3249 2155 stimmend an, daß im Ganzen mit Herrn Friedmann Dr. Baumgarten: Nun, im „Extrab
370 2113 1317 2174 Frischauer, mitten drin dirigirend und
226 2117 317 2162 Otto
1340 2132 2423 2185 fünf Herren bei der That anwesend waren. Ein Marqueur
2445 2151 3253 2196 Werk soll der Erstling eines Anfängers sein
381 2151 1309 2200 hineinredend. Wer die sogenannte Wiener Lit¬
219 2147 355 2200 überall
1336 2177 2427 2219 deponirt mit voller Bestimmtheit, er habe gehört, wie Herrn
2445 2185 3245 2238 solche Bühnenkenntnis und Routine, daß man
223 2196 336 2242 ratur
374 2185 1317 2238 von ihrer abstoßendsten Seite kennen lernen
1343 2215 2423 2264 Schick zugerufen wurde, er möge sich nicht hineinmischen
2445 2227 3253 2272 erfahrenen Autors halten kann. — Bau
223 2230 1317 2283 wollte, der hätte gestern im Gerichtssaale dazu Gelegenhei¬
1336 2249 2427 2298 Dieser Zeuge, Marqueur Reznik, erklärt, gesehen
2445 2260 3253 2313 Friedmann nicht protegirt, obzwar dies von
223 2272 1317 2332 gehabt. Und wenn der öffentliche Ankläger in seinem Schluß¬
1336 2298 3261 2370 zu haben, daß Adler, der dies bis jetzt immer in wurde. Ich habe von Seite des Herrn Krau¬
226 2310 1317 2355 antrage darauf verwies, daß Angeklagte die Schuldbänke
1336 2332 3257 2396 Abrede stellte, bei der Schlägerei unmittelbar in der Nähe stand. Angriffe zu erdulden gehabt und habe still
226 2347 1317 2396 zieren, die berufen sind, über die höchsten Güter der Menschheit
1419 2377 3253 2438 Der Zahlkellner Alois Polzenbauer vom „Café erste Nummer der „Fackel war einzig mei=
223 2389 1317 2438 zu wachen, so nahm sich dies angesichts dieser Versammlung
1343 2381 2415 2457 Glattauer“, Louis genannt, und Zahlmarqueur der sogenannte
2445 2423 3253 2468 widmet und ich ward gleichsam an allen Str
223 2427 1313 2468 als die bitterste, jemals geübte Ironie aus. Es wäre wahr
1336 2449 2427 2494 „Dichterecke", bestätigt, daß Adler beauftragt wurde,
2445 2460 3257 2502 tirt. Einzig und allein sind diese Angriffe er
226 2460 1317 2510 haftig traurig um unser Wien bestellt, wenn diese Literaten
219 2479 3245 2544 unsere moderne Entwicklung im geistigen Wien darstellen im Fiaker zu suchen, und daß Abends telephonirt Geschäft zu machen. (Diese Worte haben
1340 2528 3253 2600 wurde, Kraus sei im „Imperial“. Auf die Frage des rufe im Auditorium zur Folge.) Bauer (la
223 2540 1306 2589 sollten. Das waren keine „deutschen Dichter und Schriftsteller
1336 2566 3257 2623 Richters, ob er gehört habe, daß Friedmann von hole, einzig um ein Geschäft zu machen. (Er
219 2577 1317 2623 das war eine Clique, gegen die immer und
1336 2596 2427 2649 anderen Herren gewarnt wurde, verneint dies der Zeuge,
2453 2611 3249 2660 — Auf die Frage Dr. Neudas sagt Bau
219 2619 2423 2717 immer anzukämpfen wir als unsere Die Verhandlung wird hierauf bis halb 4 Uhr Nachmittags
2445 2649 3257 2694 Friedmann nicht in die Liter
219 2657 1170 2713 heiligste Pflicht ansehen werden!
1336 2679 1472 2736 vertagt
2445 2691 3245 2736 führt. (Heiterkeit.) — Staatsanwa
313 2694 1087 2740 Die Verhandlung nahm folgenden Verlauf:
1430 2687 2415 2766 Nach Wiederaufnahme derselben stellt Dr. Baum
2442 2728 3253 2774 mann: Wie können Sie dann zu Frank¬
321 2721 1317 2777 Stürmische Heiterkeit erweckte wiederholt die Aussage des
1332 2744 2415 2808 garten folgenden Antrag: Ueber mein Befragen hat heut
2453 2770 3245 2819 Bauer wartet schon auf das Resultat“. — F
219 2759 1313 2815 einvernommenen Zahlkellners vom ehemaligen Griensteidl
1336 2796 2427 2838 Herr Leo Hirschfeld verneint. Dr. Wertheimer
2449 2804 3245 2853 Ich habe Fränkel Manches da¬
223 2811 1317 2857 Heinrich Friedl. Derselbe gibt an, Friedmann se
1336 2830 2419 2879 am Tage des Attentates aufgefordert zu haben, mitzugehen
2445 2853 3253 2906 nicht wahr war, weil ich wu
219 2849 1317 2894 an dem Tage sehr aufgeregt in das Café Glattaue¬
1336 2872 2898 2936 weil Kraus geprügelt wurde und ihm „Feigling" zugerufen kehrt mit Kraus.
226 2879 1317 2932 gekommen und habe gesagt: Heinrich, ich bin heut
1336 2910 2427 2959 habe, als Wertheimer ablehnte. Herr Dr. Wert¬
2536 2910 3242 2993 Dr. Baumgarten (zu Bauer)
234 2932 2423 2996 sehr aufgeregt. (Stürmische Heiterkeit.) — Richter: heimer hat sich nun zur Zeugenschaft angeboten und is
219 2951 1313 3011 Kennen Sie die fünf Herren hier? — Zeuge: Dem Namen
2445 2951 3242 3027 Sie später doch den Bericht aufgenommen
1336 2985 2415 3038 hier. — Der staatsanwaltschaftliche Functionär spricht sich da
230 2996 1313 3045 nach nicht, denn die Persönlichkeiten gehören nicht zu meinen
2442 3011 3215 3072 mann schrieb — Bauer: Ich bitte,
1343 3027 2419 3091 gegen aus, weil Leo Hirschfeld nicht unter Anklage
219 3042 1317 3091 Rayon. (Neuerliche Heiterkeit.) — Richter: Haben Si¬
2445 3045 3177 3094 auch einen Bericht über einen Mord.
219 3053 2242 3128 nichts von einer Verabredung gegen den Herrn Kraus stehe. Der Richter lehnt auch den Beweisantrag ab.
2445 3061 3253 3136 garten: Ja, aber doch nicht vo
223 3113 1276 3159 gehört, die in Ihrem Kaffeehause abgehalten wurde?
1423 3106 3257 3162 Moriz Baumfeld (1), Chefredacteur der „Neuen (Stürmische Heiterkeit.) Damit war die Verneh¬
1336 3128 2419 3211 Montagszeitung", wird von Dörmann als Alibizeug
226 3132 1309 3200 Zeuge (zögernd): Ja, daß es sich um die „Fackel" handelt
2445 3166 3257 3211 dessen theatralische Haltung während seiner
1343 3193 2419 3249 geführt. Derselbe sagt in einer Weise aus, daß er mehrmal¬
223 3196 1317 3242 hab' ich gewußt; ich sagte auch noch, man sollte es dem
2445 3204 3215 3268 komischesten Eindruck machte, beendigt und
1336 3227 2415 3279 laute Heiterkeitsausbrüche hervorruft. Während die An¬
230 3230 1302 3294 Herrn Kraus sagen. Aber diese fünf Herren waren es nich
2449 3245 3023 3302 Hermann Bahr einvernommen
1336 3268 2423 3317 geklagten behaupten, sie hätten Dörmann beim Mozart
223 3264 664 3336 die sich besprochen haben
2536 3261 3257 3328 Derselbe, 35 Jahre alt, zu Linz geboren,
321 3283 2415 3351 Von großer Wichtigkeit ist die Aussage des Schriftstellers Denkmal getroffen, als derselbe von Hietzing kam, worauf e
2442 3291 3249 3362 los Herausgeber der „Zeit", gibt an, er sei
234 3336 1313 3400 Fritz Schick, 41 Jahre alt, katholisch, welcher mit Krau¬
1340 3347 3261 3404 mit ihnen in's Café gegangen sei, behauptet Baumfeld, beleidigung mit 25 fl. und wegen ein
226 3381 2411 3457 plauderte, als der Angriff erfolgte. Er sei, so erzählt der Dörmann sei um diese Zeit aus dem „Café Glattauer
2442 3396 3253 3461 Briefes, an Kraus gerichtet, zu 5 fl.
226 3415 1525 3472 Zeuge, im „Imperial“ gesessen, als Kraus zu ihm kam gekommen.
2536 3434 3253 3483 Richter: Sie sollen, Herr Zeuge,
1434 3430 2415 3506 Der Jude Felix Salzmann (Schriftstellername Felli¬
223 3464 1317 3506 und sich zu ihm setzte. Plötzlich schaute Jemand zur Thüre
2445 3457 3245 3528 Friedmann gerathen haben, Herrn K.
226 3476 2419 3551 herein und Kraus rief: Das ist eine Griensteidl, Salten) gibt an, er sei bereits vorbestraft. Er hab¬
2442 3513 3155 3574 wort auf seinen Artikel zu prügeln?
1328 3540 2419 3585 nämlich einmal den heutigen Privatbetheiligten geohrfeigt
223 3544 826 3604 Gestalt! (Lebhafte Heiterkeit.)
2442 3528 3249 3600 Gegentheil ist wahr. Ich habe, als Frie
325 3559 1302 3623 Fünfundzwanzig Minuten später öffneten mehrere Herre
1336 3578 3238 3638 (Stürmische Heiterkeit.) Zeuge gibt an, daß Kraus stets verzweifelt zu mir kam, gesagt: Hier gibt
223 3608 1313 3664 die Thüre und schritten direct auf Kraus zu. Im nächster
1336 3619 3245 3683 einen Schlagring bei sich trage und er Kraus in Hietzing als ein neues Stückschreiben
1336 3649 2238 3706 gesehen habe, und zwar gegen halb 12 Uhr Nachts.
223 3661 1313 3706 Moment spielte sich die schon mehrmals geschilderte Scene ab
2442 3664 3261 3732 Stück besser zu machen. (Heiterk
223 3698 1313 3744 Er (Zeuge habe seinen Schlagring gezogen, und Fried
1426 3664 3253 3751 Dr. Baumgarten stellt neuerdings den Antrag, hier persönlich immer auf dem St.
1336 3721 3261 3793 Dr. Wertheimer einzuvernehmen, da dieser über den ritterlichen Satisfaction. An der war
226 3736 1317 3785 mann einen Schlag versetzt, doch habe ihn Herr Hand
1336 3766 2415 3819 Aufenthalt Dörmann's aussagen könne. Der Antrag wird
226 3774 1317 3827 zurückgehalten mit den Worten: „Mischen Sie sich
2434 3781 3193 3830 zu denken. Friedmann erwiderte
1336 3789 3261 3864 diesmal zugelassen. Dr. Wertheimer (!) sagt aus, er denkeich nicht (Heiterkeit), ich muß ihn
230 3811 1313 3861 nicht hinein, es geht Sie nichts an. Der Zeug¬
1340 3845 3257 3906 habe gegen 12 Uhr Nachts Dörmann und Hirsch, antwortete ihm: Lieber Friedmann, sei
226 3853 1317 3898 bleibt gegenüber allen Fragen der Vertheidigung bestimmt
1340 3887 3204 3944 feld in einer Ecke des Kaffeehauses sitzen gesehen. Auf der ein einzigesmal originel
230 3895 3215 3981 dabei, daß sich im Moment der That mehr Herren um den Straße sagte ihm dann einer derselben: Jetzt wird geben. Man wird einfach sagen, Sie
226 3928 1147 4000 Tisch gruppirt hatten als die Angeklagten behaupten.
1332 3962 3245 4023 Kraus — geprügelt! Zeuge gibt jedoch zu, daß nachgemacht. Bedenken Sie doch auch, welch
321 3962 1306 4015 Staatsanwaltschaftlicher Functionär
223 3996 3245 4053 Sie sagen also, ohne die Herren Handl, Stößler und möglicherweise Dörmann erst nach ihm in's Kaffeehaus Sie diesem Menschen machen. Friedman
1343 4045 3249 4095 gekommen sei. Ueber Befragen des Dr. Baumgarten nicht besänftigen. Ich stellte ihm vor, daß ich
230 4045 1302 4095 Kahane waren mindestens drei Personen anwesend? -
226 4068 3227 4140 Zeuge: Ja. — Dr. Neuda (zum Zeugen): Hier sitzen fünf deponirt derselbe, daß Dörmann und Hirschfeld zwei Menschen in Wien, von Ehrenfel
226 4117 2411 4170 anständige Menschen, die behaupten, es seien nur zwei Herren ihm mittheilten, Kraus sei im „Imperial“. Dr. Baum
2442 4128 3261 4178 schaft“ und von Kraus angegriffen wu
230 4151 2423 4204 außer Friedmann dabei gewesen. Sie behaupten mit garten constatirt, dies sei deshalb wichtig, weil daraus
