<?xml version="1.0" encoding="UTF-8" standalone="yes"?>
<PcGts xmlns="http://schema.primaresearch.org/PAGE/gts/pagecontent/2013-07-15" xmlns:xsi="http://www.w3.org/2001/XMLSchema-instance" xsi:schemaLocation="http://schema.primaresearch.org/PAGE/gts/pagecontent/2013-07-15 http://schema.primaresearch.org/PAGE/gts/pagecontent/2013-07-15/pagecontent.xsd">
    <Metadata>
        <Creator>prov=READ-COOP:name=PyLaia@TranskribusPlatform:version=2.12.1:model_id=39995:lm=provided:date=29_03_2024_17:55</Creator>
        <Created>2019-10-07T20:39:33.462+02:00</Created>
        <LastChange>2024-03-29T17:55:51.408+01:00</LastChange>
        <TranskribusMetadata docId="224465" pageId="9580310" pageNr="74" tsid="156506516" status="IN_PROGRESS" userId="40391" imgUrl="https://files.transkribus.eu/Get?id=OQWCFIBLTROZVMQLMSGLXGAK&amp;fileType=view" xmlUrl="https://files.transkribus.eu/Get?id=HLNSKDDGPWNWBRTDNKHLHCZW" imageId="6208605"/>
    </Metadata>
    <Page imageFilename="224465_0074.jpeg" imageWidth="3392" imageHeight="4352">
        <ReadingOrder>
            <OrderedGroup id="ro_1712662340146" caption="Regions reading order">
                <RegionRefIndexed index="0" regionRef="tr_1"/>
                <RegionRefIndexed index="1" regionRef="tr_2"/>
                <RegionRefIndexed index="2" regionRef="tr_3"/>
            </OrderedGroup>
        </ReadingOrder>
        <TextRegion orientation="0.0" id="tr_1" custom="readingOrder {index:0;}">
            <Coords points="131,260 131,3388 1062,3388 1062,260"/>
            <TextLine id="tr_1_tl_1" custom="readingOrder {index:0;}">
                <Coords points="207,299 1060,310 1047,237 441,220 349,266 287,231 207,240"/>
                <Baseline points="214,280 256,283 298,283 341,285 383,284 426,283 468,283 510,283 553,283 595,284 638,286 680,286 722,286 765,286 807,286 850,285 892,283 934,283 977,286 1019,286 1062,292"/>
                <TextEquiv>
                    <Unicode>13. Miscellaneous</Unicode>
                </TextEquiv>
            </TextLine>
            <TextLine id="tr_1_tl_2" custom="readingOrder {index:1;}">
                <Coords points="355,1272 519,1262 551,1280 588,1262 624,1274 638,1269 634,1180 608,1189 535,1180 514,1196 471,1186 351,1190"/>
                <Baseline points="361,1247 386,1250 411,1253 437,1255 462,1257 488,1259 513,1259 539,1259 564,1259 590,1259 615,1259 641,1259"/>
                <TextEquiv>
                    <Unicode>Das Leben.</Unicode>
                </TextEquiv>
            </TextLine>
            <TextLine id="tr_1_tl_3" custom="readingOrder {index:2;}">
                <Coords points="133,1309 1008,1315 1008,1282 941,1259 708,1288 133,1250"/>
                <Baseline points="140,1304 183,1304 227,1304 270,1304 314,1304 357,1304 401,1304 444,1304 488,1304 531,1304 575,1304 619,1304 662,1306 706,1307 749,1307 793,1309 836,1308 880,1307 923,1307 967,1306 1011,1304"/>
                <TextEquiv>
                    <Unicode>be einen Turm, den wir alle besteigen müssen.</Unicode>
                </TextEquiv>
            </TextLine>
            <TextLine id="tr_1_tl_4" custom="readingOrder {index:3;}">
                <Coords points="133,1344 1012,1351 1012,1318 965,1312 133,1313"/>
                <Baseline points="140,1340 183,1343 227,1340 271,1343 314,1343 358,1343 402,1343 445,1343 489,1343 533,1343 577,1343 620,1345 664,1346 708,1346 751,1346 795,1346 839,1346 882,1346 926,1344 970,1343 1014,1343"/>
                <TextEquiv>
                    <Unicode>Stufen sind es zuhöchst, die hinanführen. Der</Unicode>
                </TextEquiv>
            </TextLine>
            <TextLine id="tr_1_tl_5" custom="readingOrder {index:4;}">
                <Coords points="142,1390 1008,1394 1008,1348 954,1345 142,1351"/>
                <Baseline points="149,1379 192,1382 235,1382 278,1382 321,1382 364,1380 407,1381 450,1382 493,1382 536,1383 580,1384 623,1384 666,1384 709,1384 752,1384 795,1384 838,1384 881,1384 924,1383 967,1382 1011,1379"/>
                <TextEquiv>
                    <Unicode>hohl, und ist man ganz emporgeklettert, so stürzt</Unicode>
                </TextEquiv>
            </TextLine>
            <TextLine id="tr_1_tl_6" custom="readingOrder {index:5;}">
                <Coords points="126,1425 1001,1437 1001,1392 966,1385 126,1378"/>
                <Baseline points="134,1414 177,1417 221,1417 264,1417 308,1417 351,1420 395,1420 438,1420 482,1420 525,1420 569,1420 613,1422 656,1421 700,1422 743,1423 787,1421 830,1422 874,1421 917,1420 961,1419 1005,1417"/>
                <TextEquiv>
                    <Unicode>en hinab und wird zerschmettert. Doch fast nie¬</Unicode>
                </TextEquiv>
            </TextLine>
            <TextLine id="tr_1_tl_7" custom="readingOrder {index:6;}">
                <Coords points="130,1460 1016,1469 1016,1432 933,1418 896,1442 130,1429"/>
                <Baseline points="137,1456 181,1456 225,1459 269,1456 313,1459 357,1459 401,1459 445,1459 489,1459 533,1459 577,1459 621,1459 665,1459 709,1461 753,1460 797,1459 841,1459 885,1459 929,1459 973,1459 1017,1459"/>
                <TextEquiv>
                    <Unicode>er von so hoch oben in die Tiefe. Jeder ersteigt nur</Unicode>
                </TextEquiv>
            </TextLine>
            <TextLine id="tr_1_tl_8" custom="readingOrder {index:7;}">
                <Coords points="133,1512 1008,1502 986,1465 133,1463"/>
                <Baseline points="140,1501 183,1496 227,1495 270,1495 314,1495 357,1495 401,1495 444,1496 488,1498 531,1498 575,1498 619,1498 662,1498 706,1498 749,1498 793,1501 836,1498 880,1498 923,1498 967,1498 1011,1495"/>
                <TextEquiv>
                    <Unicode>sse Anzahl Stufen; hat er die ihm bestimmte letzte</Unicode>
                </TextEquiv>
            </TextLine>
            <TextLine id="tr_1_tl_9" custom="readingOrder {index:8;}">
                <Coords points="136,1533 1014,1540 984,1502 136,1515"/>
                <Baseline points="143,1531 186,1534 230,1534 274,1534 317,1534 361,1537 405,1537 448,1537 492,1537 536,1535 580,1536 623,1537 667,1537 711,1537 754,1537 798,1537 842,1535 885,1536 929,1535 973,1534 1017,1531"/>
                <TextEquiv>
                    <Unicode>— und niemand weiß im voraus, die wievielte für</Unicode>
                </TextEquiv>
            </TextLine>
            <TextLine id="tr_1_tl_10" custom="readingOrder {index:9;}">
                <Coords points="133,1581 1014,1585 999,1538 133,1542"/>
                <Baseline points="140,1573 183,1573 227,1573 271,1573 315,1573 359,1573 403,1572 446,1571 490,1576 534,1576 578,1576 622,1575 666,1573 710,1573 753,1576 797,1576 841,1576 885,1576 929,1573 973,1570 1017,1570"/>
                <TextEquiv>
                    <Unicode>etzte sein wird — so gibt sie unter seinen Füßen</Unicode>
                </TextEquiv>
            </TextLine>
            <TextLine id="tr_1_tl_11" custom="readingOrder {index:10;}">
                <Coords points="133,1621 1012,1623 991,1579 133,1581"/>
                <Baseline points="140,1608 183,1611 227,1614 271,1611 314,1611 358,1611 402,1611 445,1611 489,1613 533,1612 577,1611 620,1613 664,1614 708,1612 751,1613 795,1612 839,1613 882,1612 926,1611 970,1613 1014,1614"/>
                <TextEquiv>
                    <Unicode>d sie zur Luke einer Fallgrube, und er verschwindet.</Unicode>
                </TextEquiv>
            </TextLine>
            <TextLine id="tr_1_tl_12" custom="readingOrder {index:11;}">
                <Coords points="133,1660 1012,1662 988,1615 782,1640 737,1615 133,1621"/>
                <Baseline points="140,1650 183,1650 227,1650 271,1650 314,1650 358,1650 402,1650 445,1650 489,1650 533,1650 577,1650 620,1650 664,1650 708,1650 751,1652 795,1651 839,1650 882,1650 926,1650 970,1650 1014,1650"/>
                <TextEquiv>
                    <Unicode>nur nicht, ist es die 20. oder die 63., oder was sie</Unicode>
                </TextEquiv>
            </TextLine>
            <TextLine id="tr_1_tl_13" custom="readingOrder {index:12;}">
                <Coords points="142,1695 1008,1700 1008,1658 917,1653 142,1674"/>
                <Baseline points="149,1686 192,1686 235,1689 278,1689 321,1689 364,1689 407,1689 450,1689 493,1689 536,1689 580,1689 623,1691 666,1690 709,1691 752,1692 795,1692 838,1692 881,1692 924,1691 967,1689 1011,1689"/>
                <TextEquiv>
                    <Unicode>eine Nummer hat; doch daß eine davon unter</Unicode>
                </TextEquiv>
            </TextLine>
            <TextLine id="tr_1_tl_14" custom="readingOrder {index:13;}">
                <Coords points="130,1739 478,1731 630,1752 628,1692 498,1708 467,1691 419,1707 329,1691 297,1711 239,1687 186,1704 130,1694"/>
                <Baseline points="137,1722 163,1724 189,1725 215,1727 241,1728 267,1728 293,1728 319,1728 345,1730 371,1730 397,1729 423,1728 449,1728 475,1728 501,1728 527,1728 553,1728 579,1728 605,1729 632,1731"/>
                <TextEquiv>
                    <Unicode>hen wird, dessen ist er sicher.</Unicode>
                </TextEquiv>
            </TextLine>
            <TextLine id="tr_1_tl_15" custom="readingOrder {index:14;}">
                <Coords points="133,1782 967,1789 1014,1784 1013,1751 679,1726 567,1754 132,1751"/>
                <Baseline points="140,1773 183,1773 227,1773 271,1773 315,1776 359,1776 403,1776 446,1776 490,1776 534,1776 578,1776 622,1776 666,1776 710,1776 753,1776 797,1778 841,1777 885,1776 929,1776 973,1776 1017,1776"/>
                <TextEquiv>
                    <Unicode>is steigt sich's leicht, wenn auch langsam. Der</Unicode>
                </TextEquiv>
            </TextLine>
            <TextLine id="tr_1_tl_16" custom="readingOrder {index:15;}">
                <Coords points="130,1823 1009,1829 1009,1780 130,1782"/>
                <Baseline points="137,1811 180,1814 224,1811 268,1811 311,1811 355,1811 399,1811 442,1813 486,1814 530,1814 574,1814 617,1816 661,1815 705,1814 748,1814 792,1814 836,1814 879,1814 923,1814 967,1812 1011,1811"/>
                <TextEquiv>
                    <Unicode>selbst scheint nicht im geringsten beschwerlich, und</Unicode>
                </TextEquiv>
            </TextLine>
            <TextLine id="tr_1_tl_17" custom="readingOrder {index:16;}">
                <Coords points="151,1858 1010,1862 1010,1829 945,1816 151,1824"/>
                <Baseline points="158,1847 200,1850 243,1850 286,1853 329,1853 372,1853 414,1853 457,1853 500,1853 543,1853 586,1853 628,1853 671,1853 714,1853 757,1853 800,1852 842,1851 885,1853 928,1853 971,1853 1014,1853"/>
                <TextEquiv>
                    <Unicode>Schritt bereitet die Aussicht durch die Gucklöcher</Unicode>
                </TextEquiv>
            </TextLine>
            <TextLine id="tr_1_tl_18" custom="readingOrder {index:17;}">
                <Coords points="133,1896 1014,1898 995,1858 923,1883 793,1857 133,1863"/>
                <Baseline points="140,1886 183,1889 227,1889 271,1892 315,1889 359,1892 403,1889 446,1892 490,1890 534,1889 578,1891 622,1892 666,1892 710,1892 753,1892 797,1892 841,1892 885,1894 929,1891 973,1891 1017,1892"/>
                <TextEquiv>
                    <Unicode>nes Vergnügen die Fülle. Alles ist so neu. Der</Unicode>
                </TextEquiv>
            </TextLine>
            <TextLine id="tr_1_tl_19" custom="readingOrder {index:18;}">
                <Coords points="126,1944 1018,1944 999,1896 126,1894"/>
                <Baseline points="134,1934 178,1930 222,1929 266,1931 311,1928 355,1928 399,1928 444,1928 488,1931 532,1931 577,1931 621,1931 665,1931 709,1931 754,1931 798,1931 842,1931 887,1931 931,1931 975,1928 1020,1928"/>
                <TextEquiv>
                    <Unicode>t mit anhaltendem Interesse an Nahem und Fer¬</Unicode>
                </TextEquiv>
            </TextLine>
            <TextLine id="tr_1_tl_20" custom="readingOrder {index:19;}">
                <Coords points="126,1971 1014,1982 1014,1945 926,1932 126,1941"/>
                <Baseline points="134,1967 178,1964 222,1967 266,1967 310,1967 354,1967 398,1967 443,1970 487,1973 531,1968 575,1970 619,1967 663,1967 707,1967 752,1967 796,1969 840,1970 884,1970 928,1968 972,1967 1017,1967"/>
                <TextEquiv>
                    <Unicode>id noch so vieles ist zu erwarten. Allmählich aber</Unicode>
                </TextEquiv>
            </TextLine>
            <TextLine id="tr_1_tl_21" custom="readingOrder {index:20;}">
                <Coords points="133,2009 1014,2021 1014,1983 941,1969 133,1969"/>
                <Baseline points="140,2008 183,2005 227,2005 271,2005 315,2005 359,2008 403,2008 446,2005 490,2005 534,2005 578,2005 622,2005 666,2005 710,2005 753,2007 797,2008 841,2006 885,2005 929,2005 973,2007 1017,2008"/>
                <TextEquiv>
                    <Unicode>das Steigen größere Beschwerlichkeit, das Auge</Unicode>
                </TextEquiv>
            </TextLine>
            <TextLine id="tr_1_tl_22" custom="readingOrder {index:21;}">
                <Coords points="124,2048 1016,2052 1016,2020 960,2010 124,2014"/>
                <Baseline points="131,2038 175,2044 219,2044 263,2044 308,2044 352,2044 396,2044 441,2044 485,2044 529,2044 574,2044 618,2044 662,2044 706,2044 751,2044 795,2044 839,2044 884,2044 928,2044 972,2042 1017,2041"/>
                <TextEquiv>
                    <Unicode>schgültiger gegen die Aussicht, die stets die näm¬</Unicode>
                </TextEquiv>
            </TextLine>
            <TextLine id="tr_1_tl_23" custom="readingOrder {index:22;}">
                <Coords points="130,2099 1017,2094 1017,2051 980,2048 130,2048"/>
                <Baseline points="137,2080 181,2080 225,2080 269,2083 313,2080 357,2080 401,2080 446,2083 490,2083 534,2083 578,2083 622,2083 666,2085 710,2084 755,2083 799,2083 843,2085 887,2084 931,2083 975,2081 1020,2080"/>
                <TextEquiv>
                    <Unicode>bleiben scheint, und gleichzeitig hat man das Ge¬</Unicode>
                </TextEquiv>
            </TextLine>
            <TextLine id="tr_1_tl_24" custom="readingOrder {index:23;}">
                <Coords points="142,2124 1014,2132 1014,2094 943,2087 142,2089"/>
                <Baseline points="149,2119 192,2119 235,2119 279,2119 322,2120 366,2122 409,2122 452,2121 496,2120 539,2122 583,2122 626,2122 669,2122 713,2122 756,2122 800,2122 843,2122 886,2122 930,2122 973,2119 1017,2116"/>
                <TextEquiv>
                    <Unicode>verweile man fast nicht auf den einzelnen Stu¬</Unicode>
                </TextEquiv>
            </TextLine>
            <TextLine id="tr_1_tl_25" custom="readingOrder {index:24;}">
                <Coords points="142,2164 1021,2166 1021,2133 957,2124 142,2123"/>
                <Baseline points="149,2155 192,2158 236,2158 280,2158 323,2158 367,2161 411,2161 454,2159 498,2158 542,2158 586,2160 629,2161 673,2161 717,2161 760,2161 804,2161 848,2161 891,2161 935,2161 979,2161 1023,2161"/>
                <TextEquiv>
                    <Unicode>ern käme so rasch in die Höhe, als nähme man</Unicode>
                </TextEquiv>
            </TextLine>
            <TextLine id="tr_1_tl_26" custom="readingOrder {index:25;}">
                <Coords points="136,2201 1017,2205 1017,2168 941,2163 136,2164"/>
                <Baseline points="143,2193 186,2196 230,2196 274,2196 318,2196 362,2196 406,2196 449,2196 493,2198 537,2199 581,2197 625,2196 669,2196 713,2198 756,2199 800,2197 844,2196 888,2198 932,2197 976,2196 1020,2199"/>
                <TextEquiv>
                    <Unicode>Stufen auf einmal, was doch nie geschehen kann.</Unicode>
                </TextEquiv>
            </TextLine>
            <TextLine id="tr_1_tl_27" custom="readingOrder {index:26;}">
                <Coords points="136,2240 1017,2254 997,2199 136,2201"/>
                <Baseline points="143,2235 186,2235 230,2235 274,2235 318,2235 362,2232 406,2235 449,2235 493,2235 537,2237 581,2236 625,2235 669,2235 713,2235 756,2237 800,2236 844,2235 888,2235 932,2235 976,2235 1020,2235"/>
                <TextEquiv>
                    <Unicode>ft jemand, wenn ein Jahr um ist, eine weitere</Unicode>
                </TextEquiv>
            </TextLine>
            <TextLine id="tr_1_tl_28" custom="readingOrder {index:27;}">
                <Coords points="136,2285 1014,2287 987,2240 136,2242"/>
                <Baseline points="143,2274 186,2274 230,2274 274,2274 317,2274 361,2275 405,2276 448,2274 492,2274 536,2274 580,2274 623,2274 667,2274 711,2274 754,2274 798,2277 842,2274 885,2274 929,2274 973,2268 1017,2268"/>
                <TextEquiv>
                    <Unicode>stiegen hat, beglückwünschen ihn die Mitwa</Unicode>
                </TextEquiv>
            </TextLine>
            <TextLine id="tr_1_tl_29" custom="readingOrder {index:28;}">
                <Coords points="133,2322 1014,2323 1014,2287 971,2279 133,2288"/>
                <Baseline points="140,2313 183,2313 227,2313 271,2313 315,2313 359,2310 403,2313 446,2313 490,2313 534,2313 578,2313 622,2313 666,2313 710,2313 753,2313 797,2315 841,2314 885,2313 929,2313 973,2313 1017,2313"/>
                <TextEquiv>
                    <Unicode>noch nicht verschwunden ist. Hat er zehn Stufen</Unicode>
                </TextEquiv>
            </TextLine>
            <TextLine id="tr_1_tl_30" custom="readingOrder {index:29;}">
                <Coords points="133,2357 1012,2368 992,2315 133,2322"/>
                <Baseline points="140,2352 183,2349 227,2349 271,2352 314,2349 358,2349 402,2349 445,2351 489,2352 533,2352 577,2352 620,2352 664,2350 708,2351 751,2352 795,2352 839,2352 882,2352 926,2354 970,2353 1014,2352"/>
                <TextEquiv>
                    <Unicode>ich und steht vor einem neuen Treppenabsatz, so</Unicode>
                </TextEquiv>
            </TextLine>
            <TextLine id="tr_1_tl_31" custom="readingOrder {index:30;}">
                <Coords points="130,2399 1010,2400 1010,2366 962,2358 130,2353"/>
                <Baseline points="137,2387 180,2387 224,2387 268,2387 312,2387 356,2387 400,2387 443,2387 487,2389 531,2390 575,2390 619,2390 663,2390 707,2390 750,2390 794,2390 838,2390 882,2390 926,2390 970,2390 1014,2387"/>
                <TextEquiv>
                    <Unicode>die Glückwünsche wärmer, und mit jedem Mal stei¬</Unicode>
                </TextEquiv>
            </TextLine>
            <TextLine id="tr_1_tl_32" custom="readingOrder {index:31;}">
                <Coords points="142,2433 1010,2433 1010,2399 937,2391 142,2395"/>
                <Baseline points="149,2426 192,2424 235,2425 278,2426 322,2428 365,2428 408,2426 451,2426 495,2426 538,2426 581,2426 624,2426 668,2426 711,2427 754,2428 797,2426 841,2429 884,2429 927,2429 970,2426 1014,2423"/>
                <TextEquiv>
                    <Unicode>die Herzlichkeit, mit der ihm die stets paradoxen</Unicode>
                </TextEquiv>
            </TextLine>
            <TextLine id="tr_1_tl_33" custom="readingOrder {index:32;}">
                <Coords points="142,2475 1017,2478 1004,2433 142,2434"/>
                <Baseline points="149,2465 192,2465 236,2465 279,2465 323,2465 366,2465 410,2465 453,2465 497,2465 540,2467 584,2466 628,2467 671,2466 715,2465 758,2465 802,2465 845,2467 889,2468 932,2468 976,2468 1020,2465"/>
                <TextEquiv>
                    <Unicode>Hoffnung auf eine noch lang währende Fortsetzung</Unicode>
                </TextEquiv>
            </TextLine>
            <TextLine id="tr_1_tl_34" custom="readingOrder {index:33;}">
                <Coords points="126,2508 1018,2518 1018,2478 967,2469 126,2471"/>
                <Baseline points="134,2504 178,2504 222,2504 266,2504 311,2504 355,2504 399,2504 444,2504 488,2504 532,2504 577,2504 621,2504 665,2504 709,2504 754,2504 798,2504 842,2506 887,2505 931,2506 975,2507 1020,2507"/>
                <TextEquiv>
                    <Unicode>derung ausgesprochen wird. Der Betreffende fühlt</Unicode>
                </TextEquiv>
            </TextLine>
            <TextLine id="tr_1_tl_35" custom="readingOrder {index:34;}">
                <Coords points="133,2550 1012,2562 1012,2519 937,2510 133,2508"/>
                <Baseline points="140,2543 183,2543 227,2543 271,2543 314,2546 358,2543 402,2543 445,2543 489,2543 533,2543 577,2543 620,2543 664,2543 708,2543 751,2543 795,2543 839,2545 882,2544 926,2545 970,2546 1014,2543"/>
                <TextEquiv>
                    <Unicode>hnlich tief gerührt und gedenkt weder der geringen</Unicode>
                </TextEquiv>
            </TextLine>
            <TextLine id="tr_1_tl_36" custom="readingOrder {index:35;}">
                <Coords points="133,2591 1022,2587 1022,2555 952,2546 133,2550"/>
                <Baseline points="140,2581 184,2581 228,2581 272,2581 317,2578 361,2581 405,2581 450,2578 494,2578 538,2581 583,2578 627,2581 671,2581 715,2581 760,2581 804,2581 848,2581 893,2583 937,2584 981,2582 1026,2581"/>
                <TextEquiv>
                    <Unicode>zung, die er bisher empfunden, noch all der Wider¬</Unicode>
                </TextEquiv>
            </TextLine>
            <TextLine id="tr_1_tl_37" custom="readingOrder {index:36;}">
                <Coords points="124,2631 801,2627 801,2598 724,2585 124,2587"/>
                <Baseline points="131,2617 164,2617 198,2617 231,2617 265,2617 298,2617 332,2618 365,2619 399,2617 432,2617 466,2618 500,2619 533,2617 567,2619 600,2620 634,2620 667,2620 701,2620 734,2620 768,2620 802,2620"/>
                <TextEquiv>
                    <Unicode>ten, die ihm ferner bevorstehen mögen.</Unicode>
                </TextEquiv>
            </TextLine>
            <TextLine id="tr_1_tl_38" custom="readingOrder {index:37;}">
                <Coords points="133,2670 1022,2674 1022,2635 945,2617 133,2630"/>
                <Baseline points="140,2656 184,2656 228,2659 272,2656 317,2656 361,2659 405,2659 450,2659 494,2659 538,2659 583,2656 627,2659 671,2656 715,2656 760,2659 804,2659 848,2659 893,2661 937,2662 981,2660 1026,2665"/>
                <TextEquiv>
                    <Unicode>erfliegt den meisten, sogenannt normalen Menschen,</Unicode>
                </TextEquiv>
            </TextLine>
            <TextLine id="tr_1_tl_39" custom="readingOrder {index:38;}">
                <Coords points="133,2729 903,2709 903,2674 847,2661 133,2670"/>
                <Baseline points="140,2701 178,2698 216,2698 255,2698 293,2698 331,2697 370,2695 408,2698 446,2698 485,2698 523,2696 561,2696 600,2698 638,2698 676,2698 715,2698 753,2698 791,2698 830,2698 868,2699 907,2701"/>
                <TextEquiv>
                    <Unicode>g auf demselben Fleck kleben, das Leben.</Unicode>
                </TextEquiv>
            </TextLine>
            <TextLine id="tr_1_tl_40" custom="readingOrder {index:39;}">
                <Coords points="133,2807 1026,2808 1017,2756 133,2750"/>
                <Baseline points="140,2796 184,2796 228,2796 273,2796 317,2796 362,2796 406,2796 451,2796 495,2796 540,2796 584,2793 628,2796 673,2796 717,2796 762,2796 806,2796 851,2796 895,2796 940,2796 984,2796 1029,2790"/>
                <TextEquiv>
                    <Unicode>solchen und ähnlichen Betrachtungen würde ich mich</Unicode>
                </TextEquiv>
            </TextLine>
            <TextLine id="tr_1_tl_41" custom="readingOrder {index:40;}">
                <Coords points="130,2846 1026,2847 1004,2802 130,2807"/>
                <Baseline points="137,2835 181,2838 226,2835 270,2835 315,2838 360,2835 404,2832 449,2829 493,2835 538,2835 583,2835 627,2835 672,2835 716,2835 761,2835 806,2835 850,2835 895,2835 939,2835 984,2835 1029,2832"/>
                <TextEquiv>
                    <Unicode>ch weiter ergehn — und ich täte es umso lieber, als</Unicode>
                </TextEquiv>
            </TextLine>
            <TextLine id="tr_1_tl_42" custom="readingOrder {index:41;}">
                <Coords points="126,2881 1026,2887 1026,2847 958,2837 126,2847"/>
                <Baseline points="134,2874 178,2874 223,2874 268,2874 313,2874 357,2874 402,2874 447,2874 492,2871 536,2874 581,2871 626,2871 671,2874 715,2871 760,2874 805,2871 850,2874 894,2874 939,2874 984,2874 1029,2877"/>
                <TextEquiv>
                    <Unicode>mit weiß, daß verständnisvolle Leser schon jetzt,</Unicode>
                </TextEquiv>
            </TextLine>
            <TextLine id="tr_1_tl_43" custom="readingOrder {index:42;}">
                <Coords points="133,2927 1026,2922 1026,2888 941,2881 133,2880"/>
                <Baseline points="140,2916 184,2913 228,2913 273,2913 317,2913 362,2913 406,2910 451,2910 495,2913 540,2910 584,2910 628,2910 673,2910 717,2910 762,2910 806,2910 851,2913 895,2913 940,2913 984,2913 1029,2913"/>
                <TextEquiv>
                    <Unicode>sen wenigen Proben, meinen scharfen Geist, meinen</Unicode>
                </TextEquiv>
            </TextLine>
            <TextLine id="tr_1_tl_44" custom="readingOrder {index:43;}">
                <Coords points="145,2954 1026,2957 1026,2922 965,2916 145,2923"/>
                <Baseline points="152,2949 195,2949 239,2950 283,2952 327,2952 371,2952 415,2951 458,2949 502,2949 546,2949 590,2949 634,2949 678,2949 722,2949 765,2949 809,2949 853,2952 897,2952 941,2946 985,2949 1029,2946"/>
                <TextEquiv>
                    <Unicode>Geschmack, meine poetische Empfindung und mei¬</Unicode>
                </TextEquiv>
            </TextLine>
            <TextLine id="tr_1_tl_45" custom="readingOrder {index:44;}">
                <Coords points="126,2997 875,3000 875,2973 754,2956 126,2953"/>
                <Baseline points="134,2990 171,2990 208,2988 245,2988 282,2989 319,2987 356,2987 394,2987 431,2987 468,2988 505,2989 542,2987 579,2987 616,2987 654,2987 691,2987 728,2987 765,2987 802,2987 839,2989 877,2990"/>
                <TextEquiv>
                    <Unicode>isterhaften Stil anerkennen werden.</Unicode>
                </TextEquiv>
            </TextLine>
            <TextLine id="tr_1_tl_46" custom="readingOrder {index:45;}">
                <Coords points="931,3001 944,3003 950,2999 961,3004 966,2999 970,3003 977,2997 991,3001 997,2996 1018,3004 1027,3001 1026,2969 1013,2965 1006,2969 996,2961 982,2962 974,2956 952,2961 940,2954 928,2954"/>
                <Baseline points="937,2987 967,2989 998,2991 1029,2993"/>
                <TextEquiv>
                    <Unicode>Aber,</Unicode>
                </TextEquiv>
            </TextLine>
            <TextLine id="tr_1_tl_47" custom="readingOrder {index:46;}">
                <Coords points="190,3026 928,3033 930,2989 192,3005"/>
                <Baseline points="197,3026 233,3026 270,3028 307,3028 343,3027 380,3029 417,3026 453,3024 490,3025 527,3026 564,3026 600,3026 637,3023 674,3025 710,3026 747,3026 784,3026 820,3026 857,3026 894,3028 931,3029"/>
                <TextEquiv>
                    <Unicode>Ein gewisses Etwas hält mich davon ab!</Unicode>
                </TextEquiv>
            </TextLine>
            <TextLine id="tr_1_tl_48" custom="readingOrder {index:47;}">
                <Coords points="130,3078 901,3073 901,3048 802,3030 130,3035"/>
                <Baseline points="137,3059 175,3064 213,3063 252,3062 290,3063 328,3065 367,3065 405,3065 443,3065 482,3065 520,3065 558,3065 597,3065 635,3065 673,3065 712,3065 750,3065 788,3065 827,3065 865,3065 904,3068"/>
                <TextEquiv>
                    <Unicode>liches Gefühl der Unruhe, der Angst!..</Unicode>
                </TextEquiv>
            </TextLine>
            <TextLine id="tr_1_tl_49" custom="readingOrder {index:48;}">
                <Coords points="936,3078 963,3076 982,3083 991,3074 993,3077 1000,3073 1016,3078 1029,3076 1027,3044 1016,3039 1009,3038 1004,3042 995,3036 980,3038 967,3030 957,3035 935,3035"/>
                <Baseline points="943,3065 972,3067 1002,3068 1032,3068"/>
                <TextEquiv>
                    <Unicode>Man</Unicode>
                </TextEquiv>
            </TextLine>
            <TextLine id="tr_1_tl_50" custom="readingOrder {index:49;}">
                <Coords points="133,3109 1029,3115 1029,3076 923,3066 133,3082"/>
                <Baseline points="140,3101 184,3104 229,3104 273,3104 318,3104 363,3104 407,3104 452,3104 496,3101 541,3101 586,3101 630,3101 675,3101 719,3101 764,3104 809,3104 853,3104 898,3104 942,3104 987,3104 1032,3107"/>
                <TextEquiv>
                    <Unicode>ch sofort verstehn, wenn man sich daran erinnert,</Unicode>
                </TextEquiv>
            </TextLine>
            <TextLine id="tr_1_tl_51" custom="readingOrder {index:50;}">
                <Coords points="133,3155 1026,3151 1026,3116 961,3109 133,3108"/>
                <Baseline points="140,3140 184,3143 228,3143 273,3140 317,3143 362,3143 406,3140 451,3140 495,3140 540,3140 584,3140 628,3143 673,3140 717,3140 762,3140 806,3140 851,3143 895,3140 940,3143 984,3140 1029,3140"/>
                <TextEquiv>
                    <Unicode>ürzlich dem Berliner Kritiker Jacobsohn ergan¬</Unicode>
                </TextEquiv>
            </TextLine>
            <TextLine id="tr_1_tl_52" custom="readingOrder {index:51;}">
                <Coords points="160,3186 1026,3192 1026,3150 160,3150"/>
                <Baseline points="167,3175 210,3178 253,3178 296,3181 339,3178 382,3180 425,3179 468,3178 511,3178 554,3178 598,3178 641,3178 684,3178 727,3178 770,3178 813,3178 856,3177 899,3176 942,3179 985,3181 1029,3178"/>
                <TextEquiv>
                    <Unicode>Diesen Mann — welche Ungerechtigkeit! — stellte</Unicode>
                </TextEquiv>
            </TextLine>
            <TextLine id="tr_1_tl_53" custom="readingOrder {index:52;}">
                <Coords points="147,3229 1029,3227 1027,3195 864,3181 146,3186"/>
                <Baseline points="155,3214 198,3217 242,3220 286,3217 330,3217 374,3217 418,3217 461,3217 505,3217 549,3217 593,3217 637,3215 681,3216 725,3217 768,3217 812,3217 856,3217 900,3217 944,3217 988,3219 1032,3217"/>
                <TextEquiv>
                    <Unicode>Plagiator hin. Und warum? Weil er mehrere</Unicode>
                </TextEquiv>
            </TextLine>
            <TextLine id="tr_1_tl_54" custom="readingOrder {index:53;}">
                <Coords points="126,3265 1026,3263 1027,3227 896,3220 128,3232"/>
                <Baseline points="134,3256 178,3256 223,3256 268,3259 313,3256 357,3256 402,3256 447,3256 492,3256 536,3256 581,3256 626,3256 671,3253 715,3253 760,3256 805,3256 850,3253 894,3253 939,3256 984,3256 1029,3259"/>
                <TextEquiv>
                    <Unicode>nen geschrieben, die mit mehreren Kunstkritiken aus</Unicode>
                </TextEquiv>
            </TextLine>
            <TextLine id="tr_1_tl_55" custom="readingOrder {index:54;}">
                <Coords points="133,3301 1026,3304 1026,3265 864,3255 133,3271"/>
                <Baseline points="140,3295 184,3295 228,3295 273,3298 317,3298 362,3295 406,3295 451,3292 495,3295 540,3295 584,3292 628,3295 673,3292 717,3292 762,3292 806,3292 851,3292 895,3292 940,3295 984,3295 1029,3295"/>
                <TextEquiv>
                    <Unicode>älteren Zeitungs=Jahrgängen wörtlich überein¬</Unicode>
                </TextEquiv>
            </TextLine>
            <TextLine id="tr_1_tl_56" custom="readingOrder {index:55;}">
                <Coords points="138,3344 1026,3335 1026,3304 963,3298 138,3302"/>
                <Baseline points="146,3331 190,3336 234,3334 278,3334 322,3334 366,3334 410,3333 455,3331 499,3331 543,3334 587,3331 631,3334 675,3331 719,3331 764,3334 808,3331 852,3331 896,3331 940,3334 984,3331 1029,3328"/>
                <TextEquiv>
                    <Unicode>hatten. Ja noch mehr: man nahm gar keine Rück¬</Unicode>
                </TextEquiv>
            </TextLine>
            <TextLine id="tr_1_tl_57" custom="readingOrder {index:56;}">
                <Coords points="160,3392 1029,3377 1029,3343 844,3330 160,3342"/>
                <Baseline points="167,3378 210,3375 253,3375 296,3373 340,3374 383,3375 426,3375 469,3374 513,3372 556,3372 599,3372 642,3372 686,3372 729,3372 772,3372 815,3372 859,3372 902,3372 945,3372 988,3372 1032,3369"/>
                <TextEquiv>
                    <Unicode>seine Verteidigung, in der er doch so kräftig ver¬</Unicode>
                </TextEquiv>
            </TextLine>
            <TextEquiv>
                <Unicode></Unicode>
            </TextEquiv>
        </TextRegion>
        <TextRegion orientation="0.0" id="tr_2" custom="readingOrder {index:1;}">
            <Coords points="1056,260 1056,3388 2113,3388 2113,260"/>
            <TextLine id="tr_2_tl_1" custom="readingOrder {index:0;}">
                <Coords points="1261,308 1454,295 1528,312 1567,295 1705,314 1731,306 1731,242 1570,223 1437,252 1312,227 1259,236"/>
                <Baseline points="1268,280 1293,282 1319,283 1345,285 1371,286 1397,286 1423,286 1449,286 1475,286 1501,286 1526,286 1552,287 1578,289 1604,289 1630,289 1656,289 1682,288 1708,287 1734,286"/>
                <TextEquiv>
                    <Unicode>box 44/10</Unicode>
                </TextEquiv>
            </TextLine>
            <TextLine id="tr_2_tl_2" custom="readingOrder {index:1;}">
                <Coords points="1061,1216 2057,1214 2039,1138 1061,1166"/>
                <Baseline points="1068,1202 1117,1208 1167,1211 1216,1211 1266,1211 1315,1211 1365,1211 1414,1211 1464,1211 1513,1214 1563,1211 1613,1214 1662,1214 1712,1214 1761,1214 1811,1214 1860,1214 1910,1214 1959,1214 2009,1214 2059,1208"/>
                <TextEquiv>
                    <Unicode>certe, daß ihm jede Absicht eines Plagiats fernlag</Unicode>
                </TextEquiv>
            </TextLine>
            <TextLine id="tr_2_tl_3" custom="readingOrder {index:2;}">
                <Coords points="1055,1253 2090,1258 2074,1212 1055,1228"/>
                <Baseline points="1062,1247 1113,1247 1165,1251 1216,1252 1268,1250 1319,1250 1371,1250 1422,1250 1474,1250 1525,1251 1577,1252 1628,1250 1680,1252 1731,1253 1783,1253 1834,1253 1886,1253 1937,1253 1989,1253 2040,1253 2092,1250"/>
                <TextEquiv>
                    <Unicode>und daß, wenn er dies und jenes genau so gesagt habe, wie</Unicode>
                </TextEquiv>
            </TextLine>
            <TextLine id="tr_2_tl_4" custom="readingOrder {index:3;}">
                <Coords points="1052,1293 2095,1297 2065,1254 1052,1256"/>
                <Baseline points="1059,1283 1113,1286 1168,1286 1223,1288 1277,1286 1332,1286 1387,1289 1441,1289 1496,1289 1551,1292 1605,1290 1660,1292 1715,1292 1769,1292 1824,1292 1879,1291 1933,1291 1988,1292 2043,1289 2098,1289"/>
                <TextEquiv>
                    <Unicode>es Herr Gold schon vor Jahren gesagt hat, nur sein</Unicode>
                </TextEquiv>
            </TextLine>
            <TextLine id="tr_2_tl_5" custom="readingOrder {index:4;}">
                <Coords points="1048,1329 2096,1344 2079,1295 1048,1292"/>
                <Baseline points="1056,1325 1108,1325 1160,1325 1212,1325 1264,1325 1316,1325 1368,1325 1420,1325 1472,1328 1524,1328 1577,1328 1629,1328 1681,1328 1733,1328 1785,1330 1837,1328 1889,1328 1941,1326 1993,1328 2045,1328 2098,1328"/>
                <TextEquiv>
                    <Unicode>krankhaft überstarkes Gedächtnis daran schuld sei —: ein</Unicode>
                </TextEquiv>
            </TextLine>
            <TextLine id="tr_2_tl_6" custom="readingOrder {index:5;}">
                <Coords points="1052,1369 1973,1385 2095,1374 2095,1344 1051,1335"/>
                <Baseline points="1059,1364 1113,1364 1168,1364 1223,1364 1277,1364 1332,1367 1387,1364 1441,1366 1496,1367 1551,1367 1605,1367 1660,1367 1715,1369 1769,1370 1824,1370 1879,1370 1933,1370 1988,1370 2043,1367 2098,1367"/>
                <TextEquiv>
                    <Unicode>Riesengedächtnis, welches ihn oft daran verhindert hat, den</Unicode>
                </TextEquiv>
            </TextLine>
            <TextLine id="tr_2_tl_7" custom="readingOrder {index:6;}">
                <Coords points="1052,1413 2098,1418 2069,1372 1052,1369"/>
                <Baseline points="1059,1402 1111,1402 1163,1403 1215,1405 1267,1405 1319,1405 1371,1405 1423,1405 1475,1405 1527,1406 1580,1406 1632,1405 1684,1405 1736,1408 1788,1408 1840,1408 1892,1408 1944,1406 1996,1405 2048,1405 2101,1402"/>
                <TextEquiv>
                    <Unicode>Namen dessen zu merken, dessen Gedanken und Sätze er ab¬</Unicode>
                </TextEquiv>
            </TextLine>
            <TextLine id="tr_2_tl_8" custom="readingOrder {index:7;}">
                <Coords points="1055,1460 1072,1464 1083,1455 1090,1458 1112,1447 1142,1447 1156,1458 1190,1454 1189,1422 1177,1420 1166,1408 1153,1407 1142,1415 1128,1408 1108,1418 1083,1407 1077,1412 1070,1405 1053,1412"/>
                <Baseline points="1062,1441 1088,1441 1114,1441 1140,1441 1166,1442 1193,1444"/>
                <TextEquiv>
                    <Unicode>schreibt.</Unicode>
                </TextEquiv>
            </TextLine>
            <TextLine id="tr_2_tl_9" custom="readingOrder {index:8;}">
                <Coords points="1108,1485 2095,1498 2095,1445 1986,1426 1727,1463 1108,1447"/>
                <Baseline points="1116,1480 1165,1480 1214,1480 1263,1480 1312,1480 1361,1480 1410,1482 1459,1483 1508,1483 1557,1483 1607,1483 1656,1483 1705,1483 1754,1483 1803,1483 1852,1483 1901,1483 1950,1483 1999,1483 2048,1483 2098,1480"/>
                <TextEquiv>
                    <Unicode>Nun denn auch ich, wie ich beizeiten gestehen will, besitze</Unicode>
                </TextEquiv>
            </TextLine>
            <TextLine id="tr_2_tl_10" custom="readingOrder {index:9;}">
                <Coords points="1057,1533 2093,1536 2051,1490 1057,1481"/>
                <Baseline points="1065,1519 1116,1517 1168,1521 1219,1520 1271,1519 1322,1519 1374,1521 1425,1520 1477,1522 1528,1522 1580,1522 1631,1522 1683,1522 1734,1522 1786,1522 1837,1522 1889,1520 1940,1519 1992,1518 2043,1525 2095,1522"/>
                <TextEquiv>
                    <Unicode>solch psycho= und antipathisches Gedächtnis, wie Herr Ja¬</Unicode>
                </TextEquiv>
            </TextLine>
            <TextLine id="tr_2_tl_11" custom="readingOrder {index:10;}">
                <Coords points="1048,1562 2057,1559 1922,1520 1048,1536"/>
                <Baseline points="1056,1555 1106,1555 1156,1556 1206,1558 1256,1558 1306,1558 1356,1558 1407,1558 1457,1561 1507,1561 1557,1560 1607,1559 1657,1561 1707,1561 1758,1561 1808,1561 1858,1561 1908,1561 1958,1561 2008,1558 2059,1558"/>
                <TextEquiv>
                    <Unicode>cobsohn; und ich erinnerte mich dessen vor einer Minute</Unicode>
                </TextEquiv>
            </TextLine>
            <TextLine id="tr_2_tl_12" custom="readingOrder {index:11;}">
                <Coords points="1052,1610 2095,1610 2086,1563 1052,1563"/>
                <Baseline points="1059,1599 1113,1593 1168,1594 1223,1596 1277,1596 1332,1596 1387,1596 1441,1596 1496,1596 1551,1596 1605,1599 1660,1599 1715,1599 1769,1596 1824,1596 1879,1596 1933,1596 1988,1598 2043,1599 2098,1599"/>
                <TextEquiv>
                    <Unicode>gerade als ich meine Betrachtung über „das Leben abschloß.</Unicode>
                </TextEquiv>
            </TextLine>
            <TextLine id="tr_2_tl_13" custom="readingOrder {index:12;}">
                <Coords points="1057,1645 2095,1644 2095,1610 1930,1597 1057,1609"/>
                <Baseline points="1065,1635 1116,1632 1168,1635 1219,1635 1271,1637 1323,1636 1374,1635 1426,1635 1478,1636 1529,1638 1581,1636 1633,1637 1684,1638 1736,1635 1788,1635 1839,1635 1891,1635 1943,1635 1994,1637 2046,1638 2098,1638"/>
                <TextEquiv>
                    <Unicode>Der Leser begreift jetzt wohl, daß ich nicht weiter fortfahren</Unicode>
                </TextEquiv>
            </TextLine>
            <TextLine id="tr_2_tl_14" custom="readingOrder {index:13;}">
                <Coords points="1057,1677 2095,1692 2069,1641 1057,1644"/>
                <Baseline points="1065,1671 1116,1671 1168,1672 1219,1674 1271,1674 1323,1674 1374,1674 1426,1674 1478,1674 1529,1674 1581,1674 1633,1674 1684,1674 1736,1674 1788,1674 1839,1674 1891,1674 1943,1674 1994,1674 2046,1674 2098,1674"/>
                <TextEquiv>
                    <Unicode>mag. Bedente er doch: Wie leicht könnte man auch mich</Unicode>
                </TextEquiv>
            </TextLine>
            <TextLine id="tr_2_tl_15" custom="readingOrder {index:14;}">
                <Coords points="1048,1726 2096,1722 2042,1681 1048,1679"/>
                <Baseline points="1056,1710 1108,1710 1160,1713 1212,1713 1264,1711 1316,1710 1368,1713 1420,1713 1472,1713 1524,1713 1577,1713 1629,1713 1681,1713 1733,1713 1785,1713 1837,1713 1889,1713 1941,1713 1993,1713 2045,1713 2098,1710"/>
                <TextEquiv>
                    <Unicode>des Plagia. beschuldigen! Wie heftig könnte man mir vor¬</Unicode>
                </TextEquiv>
            </TextLine>
            <TextLine id="tr_2_tl_16" custom="readingOrder {index:15;}">
                <Coords points="1048,1759 2042,1767 2096,1763 2095,1721 1047,1725"/>
                <Baseline points="1056,1749 1108,1749 1160,1749 1212,1749 1264,1749 1316,1749 1368,1749 1420,1749 1472,1750 1524,1752 1577,1752 1629,1752 1681,1752 1733,1752 1785,1752 1837,1752 1889,1750 1941,1751 1993,1752 2045,1752 2098,1752"/>
                <TextEquiv>
                    <Unicode>werfen, daß meine Gedanken die Gedanken eines andern,</Unicode>
                </TextEquiv>
            </TextLine>
            <TextLine id="tr_2_tl_17" custom="readingOrder {index:16;}">
                <Coords points="1057,1794 2095,1797 2074,1757 1057,1755"/>
                <Baseline points="1065,1787 1116,1784 1168,1785 1219,1787 1271,1787 1323,1787 1374,1784 1426,1787 1478,1787 1529,1787 1581,1787 1633,1787 1684,1789 1736,1790 1788,1787 1839,1787 1891,1787 1943,1787 1994,1787 2046,1787 2098,1787"/>
                <TextEquiv>
                    <Unicode>mein meisterhafter Stil der meisterhafte Stil eines andern</Unicode>
                </TextEquiv>
            </TextLine>
            <TextLine id="tr_2_tl_18" custom="readingOrder {index:17;}">
                <Coords points="1064,1836 2095,1836 2095,1798 2012,1793 1064,1795"/>
                <Baseline points="1071,1826 1122,1822 1173,1822 1225,1826 1276,1826 1327,1826 1379,1829 1430,1826 1481,1826 1533,1826 1584,1826 1635,1826 1687,1828 1738,1826 1789,1826 1841,1826 1892,1826 1943,1826 1995,1826 2046,1826 2098,1823"/>
                <TextEquiv>
                    <Unicode>sei — und daß ich absichtlich meinen Kopf mit dem eines</Unicode>
                </TextEquiv>
            </TextLine>
            <TextLine id="tr_2_tl_19" custom="readingOrder {index:18;}">
                <Coords points="1061,1876 2098,1875 2077,1833 1061,1838"/>
                <Baseline points="1068,1862 1119,1862 1171,1862 1222,1862 1274,1864 1326,1865 1377,1865 1429,1868 1481,1868 1532,1867 1584,1867 1636,1866 1687,1865 1739,1865 1791,1865 1842,1865 1894,1865 1946,1867 1997,1866 2049,1868 2101,1865"/>
                <TextEquiv>
                    <Unicode>andern verwechsle... Ja ich müßte mich darauf gefaßt</Unicode>
                </TextEquiv>
            </TextLine>
            <TextLine id="tr_2_tl_20" custom="readingOrder {index:19;}">
                <Coords points="1057,1909 2100,1909 2100,1876 1986,1868 1057,1875"/>
                <Baseline points="1065,1901 1119,1902 1174,1903 1229,1903 1283,1901 1338,1904 1393,1904 1447,1904 1502,1904 1557,1904 1611,1904 1666,1904 1721,1904 1775,1901 1830,1904 1885,1904 1939,1904 1994,1904 2049,1904 2104,1904"/>
                <TextEquiv>
                    <Unicode>machen, daß vielleicht schon morgen mir irgend jemand</Unicode>
                </TextEquiv>
            </TextLine>
            <TextLine id="tr_2_tl_21" custom="readingOrder {index:20;}">
                <Coords points="1055,1948 2098,1949 2098,1911 2016,1907 1055,1923"/>
                <Baseline points="1062,1940 1116,1940 1171,1941 1226,1943 1280,1940 1335,1943 1390,1941 1444,1941 1499,1942 1554,1943 1608,1943 1663,1943 1718,1943 1772,1940 1827,1940 1882,1943 1936,1943 1991,1943 2046,1943 2101,1940"/>
                <TextEquiv>
                    <Unicode>nachwiese, ich hätte meine „Betrachtungen“ in ungenierte¬</Unicode>
                </TextEquiv>
            </TextLine>
            <TextLine id="tr_2_tl_22" custom="readingOrder {index:21;}">
                <Coords points="1065,1990 2095,1987 2095,1954 2021,1945 1065,1948"/>
                <Baseline points="1072,1978 1123,1976 1174,1976 1225,1978 1277,1978 1328,1978 1379,1978 1431,1978 1482,1978 1533,1980 1585,1979 1636,1981 1687,1981 1738,1979 1790,1981 1841,1978 1892,1981 1944,1981 1995,1979 2046,1978 2098,1976"/>
                <TextEquiv>
                    <Unicode>ster Weise den „Gedanken und Gestalten“ (Ver¬</Unicode>
                </TextEquiv>
            </TextLine>
            <TextLine id="tr_2_tl_23" custom="readingOrder {index:22;}">
                <Coords points="1055,2036 2098,2025 2083,1984 1055,1991"/>
                <Baseline points="1062,2017 1116,2017 1171,2017 1226,2017 1280,2017 1335,2014 1390,2017 1444,2017 1499,2017 1554,2017 1608,2019 1663,2017 1718,2017 1772,2017 1827,2020 1882,2020 1936,2020 1991,2020 2046,2020 2101,2020"/>
                <TextEquiv>
                    <Unicode>lag von Albert Langen in München) entnommen: einem</Unicode>
                </TextEquiv>
            </TextLine>
            <TextLine id="tr_2_tl_24" custom="readingOrder {index:23;}">
                <Coords points="1061,2065 2091,2070 2078,2022 1061,2035"/>
                <Baseline points="1068,2053 1119,2056 1170,2056 1222,2056 1273,2056 1324,2056 1376,2056 1427,2059 1478,2056 1530,2056 1581,2057 1632,2057 1684,2058 1735,2056 1786,2056 1838,2056 1889,2056 1940,2056 1992,2056 2043,2056 2095,2053"/>
                <TextEquiv>
                    <Unicode>glanzenden Buch, dessen Verfasser kein Geringerer ist, als</Unicode>
                </TextEquiv>
            </TextLine>
            <TextLine id="tr_2_tl_25" custom="readingOrder {index:24;}">
                <Coords points="1055,2096 2100,2106 2066,2061 1055,2065"/>
                <Baseline points="1062,2092 1114,2092 1166,2094 1218,2092 1270,2092 1322,2092 1374,2092 1426,2095 1478,2095 1530,2095 1583,2095 1635,2095 1687,2095 1739,2095 1791,2095 1843,2095 1895,2095 1947,2095 1999,2098 2051,2095 2104,2092"/>
                <TextEquiv>
                    <Unicode>Georg Brandes... Was dann? ... Dann stände</Unicode>
                </TextEquiv>
            </TextLine>
            <TextLine id="tr_2_tl_26" custom="readingOrder {index:25;}">
                <Coords points="1064,2143 2100,2145 2079,2098 1064,2100"/>
                <Baseline points="1071,2131 1122,2131 1174,2131 1225,2132 1277,2134 1329,2132 1380,2131 1432,2134 1484,2134 1535,2134 1587,2134 1639,2134 1690,2134 1742,2134 1794,2134 1845,2134 1897,2134 1949,2136 2000,2135 2052,2137 2104,2131"/>
                <TextEquiv>
                    <Unicode>ich als doppelter Plagiator da: als einer, der es genau so</Unicode>
                </TextEquiv>
            </TextLine>
            <TextLine id="tr_2_tl_27" custom="readingOrder {index:26;}">
                <Coords points="1057,2181 2106,2186 2106,2145 2055,2139 1057,2139"/>
                <Baseline points="1065,2173 1117,2170 1169,2170 1221,2173 1273,2173 1325,2171 1377,2170 1429,2170 1481,2173 1533,2168 1586,2171 1638,2175 1690,2174 1742,2173 1794,2173 1846,2173 1898,2173 1950,2173 2002,2173 2054,2173 2107,2170"/>
                <TextEquiv>
                    <Unicode>gemacht hat, wie Brandes — und als einer, der es genau so</Unicode>
                </TextEquiv>
            </TextLine>
            <TextLine id="tr_2_tl_28" custom="readingOrder {index:27;}">
                <Coords points="1061,2227 2100,2223 2060,2179 1061,2180"/>
                <Baseline points="1068,2208 1119,2208 1171,2208 1223,2209 1275,2209 1327,2208 1378,2208 1430,2211 1482,2208 1534,2209 1586,2211 1637,2211 1689,2209 1741,2211 1793,2211 1845,2211 1896,2211 1948,2211 2000,2211 2052,2210 2104,2208"/>
                <TextEquiv>
                    <Unicode>gemacht hat, wie Jacobsohn ... Nein, da halt ich lieber</Unicode>
                </TextEquiv>
            </TextLine>
            <TextLine id="tr_2_tl_29" custom="readingOrder {index:28;}">
                <Coords points="1061,2271 1222,2250 1677,2257 1662,2214 1061,2226"/>
                <Baseline points="1068,2247 1098,2247 1129,2247 1159,2247 1190,2249 1221,2250 1251,2250 1282,2250 1312,2250 1343,2250 1374,2248 1404,2248 1435,2249 1465,2247 1496,2247 1527,2248 1557,2250 1588,2250 1618,2250 1649,2250 1680,2253"/>
                <TextEquiv>
                    <Unicode>inne mit „meinen Betrachtungen!</Unicode>
                </TextEquiv>
            </TextLine>
            <TextLine id="tr_2_tl_30" custom="readingOrder {index:29;}">
                <Coords points="1115,2299 2100,2300 2100,2248 2008,2241 1802,2272 1115,2253"/>
                <Baseline points="1122,2289 1171,2292 1220,2292 1269,2292 1318,2292 1367,2291 1416,2289 1465,2291 1514,2292 1563,2292 1613,2292 1662,2292 1711,2295 1760,2294 1809,2292 1858,2292 1907,2294 1956,2293 2005,2292 2054,2292 2104,2289"/>
                <TextEquiv>
                    <Unicode>Allerdings, wenn man mich angriffe, könnte ich mich</Unicode>
                </TextEquiv>
            </TextLine>
            <TextLine id="tr_2_tl_31" custom="readingOrder {index:30;}">
                <Coords points="1055,2339 2096,2338 2061,2296 1055,2287"/>
                <Baseline points="1062,2328 1113,2328 1165,2329 1217,2331 1269,2331 1321,2331 1372,2331 1424,2328 1476,2329 1528,2330 1580,2330 1631,2331 1683,2331 1735,2331 1787,2331 1839,2331 1890,2331 1942,2331 1994,2331 2046,2331 2098,2331"/>
                <TextEquiv>
                    <Unicode>besser verteidigen, als der Berliner Herr es getan.*) Viel</Unicode>
                </TextEquiv>
            </TextLine>
            <TextLine id="tr_2_tl_32" custom="readingOrder {index:31;}">
                <Coords points="1064,2373 2106,2382 2076,2335 1064,2338"/>
                <Baseline points="1071,2370 1122,2370 1174,2370 1226,2370 1278,2372 1330,2371 1381,2370 1433,2370 1485,2370 1537,2370 1589,2370 1640,2368 1692,2370 1744,2370 1796,2368 1848,2370 1899,2370 1951,2372 2003,2371 2055,2370 2107,2370"/>
                <TextEquiv>
                    <Unicode>besser! Ich gäbe einfach mein Ehrenwort darauf, ja ist</Unicode>
                </TextEquiv>
            </TextLine>
            <TextLine id="tr_2_tl_33" custom="readingOrder {index:32;}">
                <Coords points="1064,2421 2107,2416 2107,2379 2051,2372 1064,2373"/>
                <Baseline points="1071,2408 1125,2405 1180,2405 1235,2405 1289,2405 1344,2405 1399,2405 1453,2405 1508,2405 1563,2405 1617,2408 1672,2408 1727,2407 1781,2405 1836,2405 1891,2408 1945,2407 2000,2405 2055,2405 2110,2405"/>
                <TextEquiv>
                    <Unicode>würde es beschwören, daß die „Betrachtungen aus</Unicode>
                </TextEquiv>
            </TextLine>
            <TextLine id="tr_2_tl_34" custom="readingOrder {index:33;}">
                <Coords points="1064,2450 2100,2458 2100,2417 2031,2408 1064,2422"/>
                <Baseline points="1071,2441 1122,2444 1174,2444 1225,2445 1277,2445 1329,2444 1380,2444 1432,2447 1484,2446 1535,2445 1587,2445 1639,2444 1690,2444 1742,2444 1794,2444 1845,2445 1897,2446 1949,2444 2000,2444 2052,2444 2104,2441"/>
                <TextEquiv>
                    <Unicode>meiner Feder geflossen sind — und nötigenfalls würde</Unicode>
                </TextEquiv>
            </TextLine>
            <TextLine id="tr_2_tl_35" custom="readingOrder {index:34;}">
                <Coords points="1061,2495 2104,2491 2104,2455 1975,2450 1061,2455"/>
                <Baseline points="1068,2483 1122,2483 1177,2483 1232,2483 1286,2483 1341,2483 1396,2483 1450,2484 1505,2486 1560,2484 1614,2483 1669,2483 1724,2484 1778,2484 1833,2483 1888,2483 1942,2483 1997,2483 2052,2483 2107,2480"/>
                <TextEquiv>
                    <Unicode>ich als unverwerflichen Zeugen jenen Papierhändler vor¬</Unicode>
                </TextEquiv>
            </TextLine>
            <TextLine id="tr_2_tl_36" custom="readingOrder {index:35;}">
                <Coords points="1070,2534 2107,2532 2107,2497 2018,2486 1070,2486"/>
                <Baseline points="1077,2525 1128,2522 1180,2522 1231,2522 1283,2522 1335,2524 1386,2525 1438,2522 1490,2522 1541,2522 1593,2522 1645,2522 1696,2522 1748,2522 1800,2522 1851,2522 1903,2522 1955,2522 2006,2522 2058,2522 2110,2522"/>
                <TextEquiv>
                    <Unicode>führen, bei dem ich die Feder gekauft habe, samt der dazu</Unicode>
                </TextEquiv>
            </TextLine>
            <TextLine id="tr_2_tl_37" custom="readingOrder {index:36;}">
                <Coords points="1061,2579 2096,2567 2082,2528 1061,2531"/>
                <Baseline points="1068,2564 1119,2561 1171,2562 1222,2564 1274,2562 1325,2563 1377,2561 1428,2561 1480,2561 1531,2561 1583,2561 1634,2561 1686,2561 1737,2561 1789,2558 1840,2561 1892,2560 1943,2558 1995,2560 2046,2561 2098,2558"/>
                <TextEquiv>
                    <Unicode>gehörigen Tinte.... Auch könnte ich noch das Goethesche</Unicode>
                </TextEquiv>
            </TextLine>
            <TextLine id="tr_2_tl_38" custom="readingOrder {index:37;}">
                <Coords points="1061,2614 2104,2610 2086,2564 1061,2568"/>
                <Baseline points="1068,2599 1122,2599 1177,2599 1232,2599 1286,2599 1341,2599 1396,2599 1450,2597 1505,2598 1560,2599 1614,2599 1669,2599 1724,2599 1778,2599 1833,2596 1888,2597 1942,2599 1997,2599 2052,2599 2107,2599"/>
                <TextEquiv>
                    <Unicode>Wort anführen: „Alles ist schon gedacht worden; man muß</Unicode>
                </TextEquiv>
            </TextLine>
            <TextLine id="tr_2_tl_39" custom="readingOrder {index:38;}">
                <Coords points="1066,2651 2102,2649 2102,2611 2036,2604 1066,2614"/>
                <Baseline points="1074,2638 1125,2638 1177,2638 1228,2638 1280,2638 1331,2638 1383,2638 1434,2638 1486,2636 1537,2638 1589,2638 1640,2638 1692,2638 1743,2638 1795,2634 1846,2630 1898,2633 1949,2637 2001,2636 2052,2635 2104,2632"/>
                <TextEquiv>
                    <Unicode>nur versuchen, es noch einmal zu denken — und daraus</Unicode>
                </TextEquiv>
            </TextLine>
            <TextLine id="tr_2_tl_40" custom="readingOrder {index:39;}">
                <Coords points="1066,2695 2108,2686 2076,2641 1066,2652"/>
                <Baseline points="1074,2677 1125,2677 1177,2677 1229,2677 1281,2676 1333,2676 1384,2677 1436,2677 1488,2674 1540,2677 1592,2677 1643,2675 1695,2674 1747,2674 1799,2674 1851,2674 1902,2674 1954,2674 2006,2674 2058,2674 2110,2674"/>
                <TextEquiv>
                    <Unicode>logischerweise einen anderen Satz ableiten: „Alles ist schon</Unicode>
                </TextEquiv>
            </TextLine>
            <TextLine id="tr_2_tl_41" custom="readingOrder {index:40;}">
                <Coords points="1057,2735 2106,2720 2106,2683 2013,2677 1057,2704"/>
                <Baseline points="1065,2722 1117,2716 1169,2716 1221,2715 1273,2714 1325,2716 1377,2716 1429,2713 1481,2713 1533,2713 1586,2713 1638,2713 1690,2713 1742,2713 1794,2713 1846,2712 1898,2711 1950,2713 2002,2713 2054,2713 2107,2713"/>
                <TextEquiv>
                    <Unicode>geschrieben worden; man muß nur versuchen, es noch einmal</Unicode>
                </TextEquiv>
            </TextLine>
            <TextLine id="tr_2_tl_42" custom="readingOrder {index:41;}">
                <Coords points="1443,2754 2104,2757 2104,2721 1443,2724"/>
                <Baseline points="1450,2752 1482,2752 1515,2752 1548,2752 1581,2752 1614,2752 1647,2752 1679,2752 1712,2752 1745,2752 1778,2750 1811,2749 1844,2749 1877,2749 1909,2749 1942,2750 1975,2752 2008,2752 2041,2752 2074,2751 2107,2749"/>
                <TextEquiv>
                    <Unicode>Doch ich verzichte lieber auf die ganze</Unicode>
                </TextEquiv>
            </TextLine>
            <TextLine id="tr_2_tl_43" custom="readingOrder {index:42;}">
                <Coords points="1064,2768 1096,2760 1120,2769 1141,2760 1150,2768 1199,2770 1222,2757 1284,2756 1285,2725 1065,2727"/>
                <Baseline points="1071,2761 1097,2757 1124,2755 1151,2755 1178,2755 1205,2755 1232,2755 1259,2754 1286,2752"/>
                <TextEquiv>
                    <Unicode>zu schreiben</Unicode>
                </TextEquiv>
            </TextLine>
            <TextLine id="tr_2_tl_44" custom="readingOrder {index:43;}">
                <Coords points="1061,2803 2100,2797 2100,2757 1940,2750 1061,2764"/>
                <Baseline points="1068,2793 1119,2790 1171,2793 1223,2790 1275,2790 1327,2790 1378,2790 1430,2787 1482,2787 1534,2790 1586,2790 1637,2790 1689,2790 1741,2790 1793,2790 1845,2787 1896,2787 1948,2789 2000,2790 2052,2787 2104,2787"/>
                <TextEquiv>
                    <Unicode>Sache. Die Welt ist so mißtrauisch, so boshaft! Selbst</Unicode>
                </TextEquiv>
            </TextLine>
            <TextLine id="tr_2_tl_45" custom="readingOrder {index:44;}">
                <Coords points="1066,2845 2108,2849 2108,2803 1987,2790 1066,2799"/>
                <Baseline points="1074,2832 1125,2829 1177,2829 1229,2829 1281,2831 1333,2830 1384,2829 1436,2829 1488,2829 1540,2829 1592,2829 1643,2829 1695,2829 1747,2829 1799,2826 1851,2827 1902,2829 1954,2827 2006,2826 2058,2826 2110,2832"/>
                <TextEquiv>
                    <Unicode>solche Argumente ließe sie vielleicht nicht gelten! . . .</Unicode>
                </TextEquiv>
            </TextLine>
            <TextLine id="tr_2_tl_46" custom="readingOrder {index:45;}">
                <Coords points="1064,2898 1143,2871 1159,2883 1246,2873 1272,2887 1296,2873 1392,2872 1392,2851 1348,2857 1291,2834 1278,2846 1206,2829 1149,2850 1115,2833 1064,2842"/>
                <Baseline points="1071,2868 1096,2870 1121,2871 1146,2869 1171,2868 1196,2868 1221,2868 1246,2868 1271,2868 1296,2868 1321,2870 1346,2871 1371,2869 1396,2868"/>
                <TextEquiv>
                    <Unicode>Also Schluß!</Unicode>
                </TextEquiv>
            </TextLine>
            <TextLine id="tr_2_tl_47" custom="readingOrder {index:46;}">
                <Coords points="1113,2913 1269,2939 1432,2907 2099,2915 2100,2877 1960,2860 1115,2881"/>
                <Baseline points="1122,2907 1171,2910 1220,2907 1269,2907 1318,2907 1367,2907 1416,2905 1465,2906 1514,2907 1563,2907 1613,2907 1662,2904 1711,2905 1760,2906 1809,2904 1858,2906 1907,2905 1956,2904 2005,2904 2054,2904 2104,2904"/>
                <TextEquiv>
                    <Unicode>Den Lesern aber darf es leid tun, daß ich nicht weiter</Unicode>
                </TextEquiv>
            </TextLine>
            <TextLine id="tr_2_tl_48" custom="readingOrder {index:47;}">
                <Coords points="1108,2980 2104,2995 2104,2948 2064,2943 1108,2949"/>
                <Baseline points="1116,2972 1165,2976 1215,2984 1264,2984 1314,2984 1363,2984 1413,2984 1462,2982 1512,2981 1561,2981 1611,2981 1661,2981 1710,2981 1760,2981 1809,2981 1859,2981 1908,2981 1958,2981 2007,2981 2057,2978 2107,2981"/>
                <TextEquiv>
                    <Unicode>*) Jetzt fühlt sich, wie bei diesem Anlaß erwähnt sei, auch</Unicode>
                </TextEquiv>
            </TextLine>
            <TextLine id="tr_2_tl_49" custom="readingOrder {index:48;}">
                <Coords points="1066,3033 2102,3025 2061,2986 1066,2988"/>
                <Baseline points="1074,3023 1125,3023 1177,3023 1228,3023 1280,3021 1331,3020 1383,3023 1434,3020 1486,3022 1537,3019 1589,3017 1640,3019 1692,3020 1743,3020 1795,3020 1846,3020 1898,3019 1949,3017 2001,3019 2052,3020 2104,3014"/>
                <TextEquiv>
                    <Unicode>noch Arthur Schnitzler, — wirklich: Arthur Schnitz¬</Unicode>
                </TextEquiv>
            </TextLine>
            <TextLine id="tr_2_tl_50" custom="readingOrder {index:49;}">
                <Coords points="1066,3085 2104,3064 2093,3023 1066,3033"/>
                <Baseline points="1074,3062 1125,3062 1177,3059 1228,3060 1280,3062 1332,3062 1383,3062 1435,3062 1487,3062 1538,3059 1590,3059 1642,3059 1693,3059 1745,3059 1797,3059 1848,3059 1900,3058 1952,3056 2003,3058 2055,3059 2107,3056"/>
                <TextEquiv>
                    <Unicode>ler! — gedrängt, dem kleinen Dieb zu Hilfe zu eilen und</Unicode>
                </TextEquiv>
            </TextLine>
            <TextLine id="tr_2_tl_51" custom="readingOrder {index:50;}">
                <Coords points="1066,3111 2109,3113 2091,3063 1066,3083"/>
                <Baseline points="1074,3101 1128,3101 1183,3101 1238,3101 1292,3101 1347,3101 1402,3098 1456,3098 1511,3098 1566,3096 1620,3098 1675,3098 1730,3098 1784,3098 1839,3095 1894,3098 1948,3095 2003,3095 2058,3095 2113,3098"/>
                <TextEquiv>
                    <Unicode>aus ärztlicher Erfahrung mildernde Umstände für ihn mit</Unicode>
                </TextEquiv>
            </TextLine>
            <TextLine id="tr_2_tl_52" custom="readingOrder {index:51;}">
                <Coords points="1070,3149 2106,3138 2046,3098 1070,3111"/>
                <Baseline points="1077,3140 1128,3137 1180,3139 1231,3137 1283,3137 1334,3137 1386,3137 1437,3137 1489,3139 1540,3137 1592,3136 1643,3134 1695,3136 1746,3134 1798,3134 1849,3135 1901,3137 1952,3137 2004,3135 2055,3134 2107,3131"/>
                <TextEquiv>
                    <Unicode>Tiefsinn hervorzusuchen In einem Artikel in der heutigen Zu¬</Unicode>
                </TextEquiv>
            </TextLine>
            <TextLine id="tr_2_tl_53" custom="readingOrder {index:52;}">
                <Coords points="1070,3189 2107,3184 2091,3137 1070,3147"/>
                <Baseline points="1077,3175 1128,3175 1180,3175 1231,3175 1283,3175 1335,3175 1386,3175 1438,3175 1490,3172 1541,3172 1593,3174 1645,3173 1696,3172 1748,3172 1800,3172 1851,3172 1903,3173 1955,3173 2006,3172 2058,3172 2110,3175"/>
                <TextEquiv>
                    <Unicode>kunft“ behandelt er das Thema: Dies pathologische Kind,</Unicode>
                </TextEquiv>
            </TextLine>
            <TextLine id="tr_2_tl_54" custom="readingOrder {index:53;}">
                <Coords points="1070,3225 2106,3223 2082,3180 1070,3188"/>
                <Baseline points="1077,3220 1128,3214 1180,3214 1231,3214 1283,3214 1334,3214 1386,3211 1437,3211 1489,3211 1540,3211 1592,3211 1643,3211 1695,3211 1746,3211 1798,3211 1849,3213 1901,3212 1952,3212 2004,3211 2055,3211 2107,3211"/>
                <TextEquiv>
                    <Unicode>kein Engel ist so rein! Es ist erstaunlich zu sehen, wie</Unicode>
                </TextEquiv>
            </TextLine>
            <TextLine id="tr_2_tl_55" custom="readingOrder {index:54;}">
                <Coords points="1066,3261 2098,3262 2098,3220 2035,3212 1066,3227"/>
                <Baseline points="1074,3253 1125,3253 1176,3253 1228,3251 1279,3250 1330,3250 1382,3250 1433,3250 1484,3250 1536,3250 1587,3250 1638,3248 1690,3249 1741,3250 1792,3250 1844,3247 1895,3247 1946,3249 1998,3248 2049,3250 2101,3247"/>
                <TextEquiv>
                    <Unicode>heutzutage das Gefühl für das Einfach Selbstver¬</Unicode>
                </TextEquiv>
            </TextLine>
            <TextLine id="tr_2_tl_56" custom="readingOrder {index:55;}">
                <Coords points="1073,3308 2108,3300 2108,3259 2016,3252 1073,3265"/>
                <Baseline points="1080,3295 1131,3292 1183,3292 1234,3292 1286,3292 1337,3292 1389,3289 1440,3289 1492,3289 1543,3289 1595,3288 1646,3286 1698,3288 1749,3286 1801,3286 1852,3289 1904,3289 1955,3289 2007,3287 2058,3286 2110,3286"/>
                <TextEquiv>
                    <Unicode>ständliche hinschwindet und wie die tolle Begriffsver¬</Unicode>
                </TextEquiv>
            </TextLine>
            <TextLine id="tr_2_tl_57" custom="readingOrder {index:56;}">
                <Coords points="1066,3353 2109,3339 2109,3300 1974,3289 1066,3304"/>
                <Baseline points="1074,3334 1128,3331 1183,3331 1238,3330 1292,3330 1347,3331 1402,3331 1456,3330 1511,3330 1566,3329 1620,3328 1675,3328 1730,3328 1784,3328 1839,3328 1894,3328 1948,3330 2003,3328 2058,3328 2113,3328"/>
                <TextEquiv>
                    <Unicode>wirrung sogar auf das Gebiet der Kindermoral hinüber¬</Unicode>
                </TextEquiv>
            </TextLine>
            <TextLine id="tr_2_tl_58" custom="readingOrder {index:57;}">
                <Coords points="1069,3404 1116,3390 1189,3399 1237,3373 1258,3392 1352,3396 1352,3342 1325,3335 1254,3349 1224,3331 1193,3348 1146,3336 1070,3352"/>
                <Baseline points="1077,3378 1102,3374 1127,3372 1152,3372 1178,3372 1203,3370 1228,3369 1253,3369 1279,3369 1304,3369 1329,3370 1355,3372"/>
                <TextEquiv>
                    <Unicode>greift. D. Red.</Unicode>
                </TextEquiv>
            </TextLine>
            <TextEquiv>
                <Unicode></Unicode>
            </TextEquiv>
        </TextRegion>
        <TextRegion orientation="0.0" id="tr_3" custom="readingOrder {index:2;}">
            <Coords points="2143,1153 2143,1296 3190,1296 3190,1153"/>
            <TextLine id="tr_3_tl_1" custom="readingOrder {index:0;}">
                <Coords points="2136,1211 2999,1201 3173,1180 3175,1137 2137,1189"/>
                <Baseline points="2143,1211 2194,1208 2246,1205 2297,1204 2349,1202 2401,1202 2452,1202 2504,1202 2555,1199 2607,1198 2659,1197 2710,1197 2762,1194 2813,1193 2865,1190 2917,1189 2968,1186 3020,1183 3071,1180 3123,1174 3175,1173"/>
                <TextEquiv>
                    <Unicode>„betrachte". Denn ich hätte noch viel, viel Wahres und</Unicode>
                </TextEquiv>
            </TextLine>
            <TextLine id="tr_3_tl_2" custom="readingOrder {index:1;}">
                <Coords points="2145,1249 2499,1246 2566,1283 2714,1236 2857,1271 3076,1220 3188,1237 3189,1180 3111,1175 2146,1216"/>
                <Baseline points="2152,1247 2203,1244 2255,1244 2307,1243 2359,1242 2411,1244 2463,1242 2515,1241 2567,1238 2619,1237 2671,1235 2722,1233 2774,1230 2826,1229 2878,1226 2930,1223 2982,1223 3034,1221 3086,1218 3138,1215 3190,1214"/>
                <TextEquiv>
                    <Unicode>Schönes zu sagen! Das Brandessche Buch hat über</Unicode>
                </TextEquiv>
            </TextLine>
            <TextLine id="tr_3_tl_3" custom="readingOrder {index:2;}">
                <Coords points="3081,1258 3087,1258 3092,1253 3099,1254 3107,1261 3112,1257 3134,1263 3138,1259 3146,1261 3158,1258 3155,1220 3143,1223 3138,1219 3126,1218 3125,1222 3115,1223 3107,1218 3096,1227 3094,1224 3090,1226 3085,1222 3077,1222"/>
                <Baseline points="3086,1250 3111,1252 3136,1254 3161,1256"/>
                <TextEquiv>
                    <Unicode>ss.</Unicode>
                </TextEquiv>
            </TextLine>
            <TextLine id="tr_3_tl_4" custom="readingOrder {index:3;}">
                <Coords points="2139,1297 2159,1308 2176,1291 2263,1302 2279,1289 2297,1301 2318,1292 2366,1301 2368,1246 2319,1258 2288,1245 2269,1257 2235,1248 2218,1261 2177,1250 2141,1254"/>
                <Baseline points="2146,1286 2174,1284 2202,1283 2230,1283 2258,1283 2286,1283 2314,1281 2342,1280 2370,1280"/>
                <TextEquiv>
                    <Unicode>500 Seiten!</Unicode>
                </TextEquiv>
            </TextLine>
            <TextEquiv>
                <Unicode></Unicode>
            </TextEquiv>
        </TextRegion>
    </Page>
</PcGts>
