3344 4352
1240 271 1715 376 box 44/10
189 283 1049 386 13. Miscellaneous
1373 933 1859 1021 Deutsches Volkstum.
911 1019 2412 1100 Nicht uninteressant ist auch, daß einer der nichtjüdischen Herren, der für den
822 1089 2406 1152 Ausschluß Dinters stimmte, bezw. genötigt wird, den Ausschluß mit seinem Namen
818 1150 2408 1210 zu decken, Dinter zu seinem mutigen Vorgehn gegen die jüdische Kliquenwirtschaft
822 1190 1552 1256 telegraphisch beglückwünscht hat!
911 1232 2404 1301 Bemerkenswert ist in diesem Zusammenhange, daß die den Verband deutscher
822 1292 2408 1353 Bühnenschriftsteller leitenden empfindsamen Geister, einen untadeligen Ehrenmann,
822 1341 2404 1397 der nichts verbrochen hat, als seine Ueberzeugung mit achtenswerter Unerschrocken¬
822 1391 2404 1449 heit zu vertreten, in ihren Reihen nicht länger dulden können, es aber mit ihren In¬
824 1443 2400 1500 teressen als wohl vereinbar erachten, Mitglieder, die „notorisch ehrenrührige Hand¬
824 1487 2416 1548 lungen" begangen haben, in ihrem Verbande zu bergen, trotzdem die Satzungen den
822 1538 2412 1592 Ausschluß solcher Mitglieder ausdrücklich regeln! — Alles in Allem: ein Fall, der
820 1590 2410 1654 uns eindringlich darüber belehrt, wo wir angelangt sind! Wir werden auf
812 1634 2412 1695 die Angelegenheit weiter zu sprechen kommen. Sollte der Ausschluß Dinters aber
820 1682 2404 1751 von der Generalversammlung bestätigt werden, so möge man auch mit der irre¬
818 1733 2408 1799 führenden Bezeichnung „Verband deutscher Bühnenschriftsteller“ aufräumen und
812 1777 2143 1845 den Verein umtaufen in „Verband jüdischer Bühnenschriftsteller“.
2189 1819 2320 1902 W. K.
1254 1940 1958 2040 Verband Deutscher Bühnenschriftsteller
1717 2012 2316 2082 Berlin W. 30, 28. Oktober 1916
1385 2080 1831 2159 Herrn Dr. Artur Dinter
1861 2125 2322 2197 z. Zt. Straßburg (Elsaß)
1972 2177 2269 2249 Voltairestraße 5
985 2207 1492 2288 Sehr geehrter Herr Doktor!
917 2255 2394 2332 Weil Sie als Mitglied des Verbandes Deutscher Bühnenschriftsteller durch mehrere
822 2322 2394 2378 Stellen Ihrer Schrift „Weltkrieg und Schaubühne den Zweck des Verbandes gefährdet
818 2354 2394 2410 haben, haben der unterzeichnete Vorstand, der Aufsichtsrat und der geschäftsführende Aus¬
824 2398 2201 2462 schuß einstimmig beschlossen, Sie gemäß § 10 3 a der Satzung, welcher lautet:
1045 2440 1540 2484 „Die Mitgliedschaft erlischt;
1110 2470 2394 2539 a) durch Ausschluß, der erfolgen kann, wenn ein Mitglied den Vor¬
1158 2513 2400 2565 schriften der Satzung zuwider handelt oder die Zwecke des Vereins
1162 2547 1331 2609 gefährdet.
1045 2587 2392 2649 Gegen den Ausschluß kann das Mitglied vier Wochen nach erfolgter Zu¬
1051 2629 2404 2690 stellung des Beschlusses mittels eingeschriebenen Briefes Berufung bei der
1051 2677 2058 2728 nächsten ordentlichen Mitgliederversammlung einlegen“.
812 2710 1427 2778 aus dem Verbande auszuschließen.
1447 2748 1755 2830 Hochachtungsvoll
1067 2816 2149 2897 Der Vorstand des Verbandes Deutscher Bühnenschriftsteller
1218 2870 1520 2943 gez. M. Dreyer.
1628 2870 1986 2949 Dr. Ludwig Fulda.
1294 2971 2320 3043 Straßburg (Elsaß), Voltairestraße 5, 21. November 1916.
1039 3053 2175 3110 An den Vorstand des Verbandes Deutscher Bühnenschriftsteller
1910 3106 2322 3180 Berlin, Motzstraße 10.
991 3152 1377 3232 Sehr geehrte Herren!
913 3210 2400 3287 Ihrer Zuschrift vom 28. November vermag ich nicht zu entnehmen, durch welche
816 3262 2392 3317 Stellen meiner Schrift „Weltkrieg und Schaubühne ich den Zweck des Verbandes ge¬
822 3311 2404 3355 fährdet haben soll. Ich bitte höflichst, die infrage kommenden Stellen mir wörtlich bekannt
810 3347 2404 3405 zu geben und den Nachweis zu führen, daß durch sie der Zweck des Verbandes gefährdet
822 3383 1009 3447 worden ist.
917 3403 2394 3473 Ich nehme als selbstverständlich an, daß sämtliche Mitglieder des Vorstandes,
816 3469 2392 3518 geschäftsführenden Ausschusses und Aufsichtsrats ihr Votum abgegeben haben. Das ist
818 3502 2388 3548 einzig der Sinn der Einstimmigkeit, die für diesen außerordentlichen Fall des Aus¬
822 3540 2402 3596 schlusses eines Mitgliedes das Statut erfordert, das ich seinerzeit persönlich zusammen mit
822 3584 2394 3634 Walter Blöm entworfen habe. In dem vorliegenden Falle handelt es sich noch dazu
822 3626 2398 3676 um den Ausschluß eines der drei Verbandsgründer und meines Wissens um den ersten
818 3666 1492 3731 Ausschluß eines Mitgliedes überhaupt.
