3344 4352
175 247 1027 364 13. Miscellaneous
1207 261 1695 364 box 44/10
1881 316 2803 462 Literaten=Klingel.
2192 434 2662 524 Von Josef Stolzing.
1917 498 3022 572 In früheren Zeiten rang sich künstlerisches Talent mittels
1824 564 3026 619 harter Arbeit und eiserner Ausdauer durch, und wenn es auch
1824 609 3019 657 mit dem Unverstande und der geistigen Schwerfälligkeit des
1824 652 3026 710 Philistertums oft genug zu kämpfen hatte, so erfolgte doch
1822 686 3019 755 der Aufstieg auf der fest gebauten Leiter ehrlicher Erfolge.
1832 739 3026 795 Scheintalente führten in der Glanzzeit der deutschen
1824 777 3026 833 Literaturgeschichte von Lessing bis Grillparzer höchstens ein
1824 825 3026 878 Eintagsleben, und nichts kennzeichnet diesen herrlichen Abschnitt
1825 862 3027 931 der geistigen Wiedergeburt Deutschlands wohl besser, als
1827 910 3022 963 die Begeisterung, mit der das gesamte deutsche Volk
1827 957 3024 1013 damals seinen Schiller feierte. Als der große Dichter nach
1827 1000 3016 1062 einer Aufführung der „Jungfrau von Orleans" in Leipzig
1824 1040 3022 1098 unter unbeschreiblichem Jubel das Theater verließ, da machte,
1827 1086 3022 1146 wie Augenzeugen berichten, die Menge ehrfurchtsvoll Platz
1825 1130 3027 1192 und ließ in tiefer Stille und entblößten Hauptes den
1827 1178 3016 1221 Gefeierten hindurchgehen. Alle Augen waren auf ihn ge¬
1827 1220 3027 1271 richtet, Väter und Mütter hoben ihre Kinder empor und
1828 1260 3021 1322 flüsterten: Das ist er, der ist es! Dagegen denke man sich
1827 1304 3022 1365 heutzutage Sudermann oder Schnitzler das Lessing=Theater
1827 1356 3035 1407 nach einem ihrer wohlfeilen Augenblickstriumphe verlassend,
1827 1391 3027 1450 umringt von den üppigen, seidenrauschenden mit Brillanten
1827 1437 3027 1492 übersaeten Damen und wohlgenährten Herren aus Berlin W.,
1824 1482 3024 1532 wie sie ihren „Lieblingsdichter“ empfangen! Gewiß ein
1827 1522 3026 1585 lächerliches Bild, aber doch wird Einem traurig zu Mute bei
1827 1567 3019 1622 dieser Vorstellung, denn sie läßt den ganzen Jammer unserer
1824 1617 3019 1670 zeitgenössischen Literatur erkennen. Wahres Verdienst und
1820 1663 3018 1715 ehrliche Begeisterung gibt es auf diesem Gebiete nicht mehr,
1817 1705 3022 1761 alles ist „Mache“, wie der häßliche Ausdruck lautet; nicht
1817 1742 3018 1795 mehr durch Kampf und Energie ringt sich das Talent selbst¬
1827 1787 3027 1844 ständig durch, sondern es wird gemacht" vom Klüngel, der
1817 1828 3013 1881 „Clique". Diese ist jetzt für die Kunstbeflissenen die Haupt¬
1827 1875 3016 1928 sache! Wenn einer eine Alpenlandschaft auf die Leinwand
1820 1921 3026 1974 pinselt, die man ebensogut für eine Kavallerieattaque halten
1824 1963 3016 2013 könnte, wenn einer den Hamlet wie einen Hanswurst
1827 2008 3019 2062 herunterspielt, oder eine Dichtung schreibt, die sich
1824 2048 3024 2099 liest wie das schriftstellerische Erzeugnis eines schwer erkrankten
1827 2094 3019 2144 Gehirns — das ist alles einerlei, wenn er nur die Clique
1827 2138 3016 2192 hinter sich hat, die derlei Kunsttaten als Genieoffenbarungen
1817 2184 3022 2247 ausposaunt. Dann findet sich gewiß auch schnell eine Schaar
1817 2224 3013 2280 von Mitläufern zusammen, die für die nötige Volkstümlich¬
1824 2271 3024 2330 keit des neuen Sternes am deutschen Kunsthimmel sorgt. Es liegt
1817 2309 3019 2372 wahrlich keine Uebertreibung in dieser Behauptung! Sehe
1820 2362 3009 2410 man sich doch einmal die Größen näher an, von denen die Groß¬
1828 2402 3021 2455 stadtpresse am meisten spricht! Keine einzige ist darunter, die sich
1824 2447 3019 2497 ihren Weg allein im trotzigen Bewußtsein ihrer Kraft gebahnt
1820 2490 3013 2537 hätte, sondern alle wurden sie vom Klüngel liebevoll aufge¬
1820 2537 3011 2591 päppelt und durch eine schwindelhafte Reklame auf den Sockel
1817 2580 3024 2633 emporgehoben, wo man sie mit ungefähr denselben Mitteln fest¬
1820 2620 3014 2681 hält, mit denen hohe die Bankwelt ein ungesundes Unternehmen,
1824 2671 3009 2724 an dessen Bestand ihr gelegen ist, vor dem Zusammenbruche be¬
1814 2707 3019 2763 wahrt Ihre Bücher werden aufgekauft, trotzdem sie unaufgeschnitten
1817 2753 3019 2804 in den Bücherschrank wandern, der Zuschauerraum in den
1820 2798 3021 2849 Theatern wird mit Freibergern auswattiert — alles nur, um
1814 2846 3009 2893 eine bis ins Innerste angefaulte und in jedem Satze undeutsche
1820 2886 3022 2942 Literatur künstlich großzuziehen. Am bedauerlichsten dabei
1811 2928 3011 2982 bleibt es aber, daß genau so wie bei den Börsenmanövern, die
1814 2974 3014 3029 Kosten dieses betrügerischen Literaturgeschäftes doch nur die
1811 3018 3013 3070 ehrliche schaffende Arbeit des deutschen Volkes zu tragen hat.
1907 3062 3013 3115 In der Tat ist die schöngeistige Literatur unserer
1817 3082 3014 3168 Zeit nicht viel anders als ein Geschäftszweig des
1811 3152 3013 3199 allgemeinen Warenhandels geworden, und dabei läßt
1817 3191 3009 3248 sich die interessante Beobachtung machen, daß Süd¬
1814 3235 3022 3279 deutschland entsprechend der dortigen politischen Zer¬
1817 3279 3013 3349 fahrenheit auch in der Entartungsliteratur die Führung
1814 3325 3014 3373 übernommen hat, während geschäftskluge Leute in Berlin
1817 3370 3005 3418 den Vertrieb besorgen. Diese Arbeitsteilung hat es
1811 3410 3016 3463 mit sich gebracht, daß die Belletristik, die auf den deutschen
1817 3457 3009 3505 Büchermarkt kommt, zum größten Teile aus München
1820 3503 3006 3548 oder Wien stammt, ebenso wie in den Literatur= und Journa¬
1814 3545 3006 3593 listenkreisen Norddeutschlands das süddeutsche Element vor¬
1814 3583 3014 3646 herrscht. Bedauerlicherweise nicht zum Vorteile des deutschen
1817 3634 3006 3681 Schrifttums, denn unter den überschüssigen Schriftstellern und
1817 3679 3001 3727 Zeitungsschreibern, mit denen uns der Süden überschwemmt,
1817 3723 3006 3775 befinden sich viele Leute, denen eine gefestigte politische und
1811 3766 2998 3814 ästhetische Ueberzeugung ebenso abgeht, wie völkische Ge¬
1820 3808 3006 3862 sinnung. Freilich kann man diese billigerweise nicht einmal
1812 3859 3014 3910 von ihnen verlangen, sind sie doch in jener entnervenden
1814 3896 3008 3953 und verflachenden Wiener Kaffeehaus=Umwelt aufgewachsen,
1814 3942 3009 3990 wo zwischen einer Tasse Mokka und einer Partie Billard die
1814 3984 3006 4037 schwierigsten politischen und literarischen Fragen im Hand¬
1811 4032 3013 4085 umdrehen erledigt zu werden pflegen. Dem Zuzuge aus dem
1814 4069 3026 4138 Süden verdanken wir denn auch nicht zuletzt die jämmer¬
1808 4109 3003 4165 lichen Zustände in dem Berliner Literatur= und Theater¬
1814 4158 3101 4223 getriebe, da uns die Nachfahren der großen Wiener Kultur¬
2050 4192 2146 4259 dur¬
2311 4202 2530 4251 Namen
