3392 4320
241 192 1108 305 13. Miscellaneous
1290 198 1780 295 box 44/10
1553 1427 1987 1502 der jedenfals ange¬
423 1451 1487 1541 gesprochen hat!“ Das ist die Forderung, die jetzt von
1551 1452 2613 1547 Erklärung. Denn sie soll nicht den Rechtszustand de¬
422 1539 1245 1593 den verschiedensten Seiten erhoben wird.
1555 1533 2608 1605 früheren Königreichs Hannover ändern, sondern nur
469 1592 1483 1653 Ja, wie denkt man sich denn eigentlich diesen Ver¬
1553 1595 2612 1668 das Welfenhaus verpflichten, den gegenwärtigen
424 1636 1176 1698 zicht? So möchte ich dagegen fragen.
1552 1640 2173 1712 Rechtszustand nicht anzufechten.
1556 1741 2612 1797 heit für immer verleidete Speise von uns stießen. Die
565 1738 1359 1821 Import Paris und Wien.
1556 1786 2612 1846 beleidigten Anhänger des großen Pariser Gaukelspiels
916 1822 995 1883 Von
1559 1839 2609 1901 lächelten — sie bekamen noch lange recht. Immer
451 1823 741 1956 til
1553 1895 2611 1951 wieder hörte man es: das Theater lebt von den Fran¬
777 1882 1156 1968 Georg Hirschfeld.
1556 1938 2608 1991 zosen — die Franzosen bleiben unerreicht. Man wies
458 1958 1487 2047 Das eine ist gewiß, wenn man auf der optimistischen
1563 1988 2619 2036 sie sogar im germanischen Ringen nach, man fand
428 2024 1488 2085 Reise durchs europäische Drama wieder einmal
1563 2035 2608 2091 Ibsens Bühnenkenntnis in französischer Schule. Wer
434 2069 1486 2127 in Frankreich Station macht: der deutsche Reisende
1556 2081 2608 2136 offenkundig oder heimlich bei uns Deutschen das alt¬
427 2120 1486 2173 überzeugt sich, daß dieser Aufenthalt unausstehlich ist.
1560 2127 2605 2176 bewährte Franzmann-Muster okkuperte, hatte ja ge¬
428 2173 1488 2224 Es tut not, es von Zeit zu Zeit zu konstatieren. So
1551 2181 2615 2230 wiß den breiten Erfolg für sich. Dennoch — unsere
434 2213 1486 2266 überwindet man es doch einmal ganz. Sich völlig zu
1560 2220 2612 2278 gute, starre Michelabwehr hatte recht. Es war kein
427 2269 1484 2321 entwöhnen, d. h. urteilslos zu werden, wäre nicht der
1556 2276 2612 2329 Gewinn bei dem ganzen Import. Gar kein Gewinn.
428 2318 1486 2374 richtige Weg. Man muß vielmehr noch einmal gläubig
1560 2318 2616 2379 Jetzt vielleicht erst, da man feinhöriger und vor allem
432 2362 1486 2414 vor dem Zaubertheater der Gallier sitzen, kindisch in
1556 2371 2608 2430 respektvoller geworden ist für deutsche Art, sieht man
431 2407 1487 2460 all den bunten Flimmer starren, beinahe hinein¬
1551 2421 2607 2475 es ein. Aber man bedenkt nicht, wieviel deutsches
442 2459 1483 2520 fallen, um dann wahrhaft dreinhauen und ungemütlich
1559 2470 2608 2527 Geistesblut vergeudet worden ist, bis ein Theaterpubli¬
434 2507 1483 2559 beschließen zu können: Nein, Herr Nachbar — Sie
1556 2518 2608 2564 kum sein Spannungsbedürfnis von den seelischsten
436 2551 855 2616 gehen mich nichts an.
1556 2559 2612 2620 Dramen Hauptmanns, von den formlosen Feuern
476 2587 1492 2657 Pariser Dramatik ist ein Versucher, der nur durch
1560 2611 2605 2669 Wedekinds und Eulenbergs Träumen befriedigt erhielt.
428 2648 1484 2712 Lächerlichkeit seine Macht verliert. Hier heißt es an¬
1596 2661 2605 2728 Sei es drum — wir sind so weit. Eine sanfte Lächer¬
443 2700 1483 2752 setzen, und es wird gelingen, den Zauber zu brechen.
1560 2696 2609 2770 lichkeit haftet an den gallischen Explosionen, und er¬
434 2750 1487 2813 Ich liebe Paris, aber ich weiß, seitdem ich es kenne, daß
1553 2757 2612 2814 griffen ist nur noch die gute, immer gläubige Madam.
440 2794 1496 2849 seine Dichtkunst das Epos ist. Wir Deutschen sind von
1556 2804 2608 2858 Aber die weiß auch nicht mehr, was sie eigentlich er¬
435 2849 1492 2906 Kindheit auf durch eine seltsame Fälschung beirrt wor¬
1563 2848 2612 2907 griffen hat, sobald sie um ihre Garderobe kämpft.
428 2894 1492 2953 den. Wir sahen den Spiegel des Pariser Lebens (falsch
1553 2907 2613 2959 Leicht gemacht wird es einem freilich nicht, das Ab¬
443 2943 1488 3006 sahen wir ihn doch immer mächtiger auf der Bühne
1553 2954 2609 3002 wirtschaften. Der Pariser Theaterpraktikus baut vor.
423 2995 1487 3040 als im Roman. Großeltern und Eltern fütterten uns
1556 2994 2605 3047 Besonders, wenn er Henri Bernstein heißt, dessen Name
424 3040 1494 3086 mit dem Meyerbeer, und es gab einen wesentlichen
1561 3040 2615 3098 ja schon so klug zwischen französischem Charme und
428 3086 1486 3144 Konflikt, als wir den Meyerbeer wie eine in der Kind¬
1552 3098 2616 3173 deutscher Schwere verhandelt. Henri Bernstein weiß,
2681 1487 3306 1559 gemeint hat, durch die Aussohn
2688 1553 3306 1607 sern Welf und Hohenzollern das
2677 1596 3306 1670 tum mit einem Schlage kurze
2688 1647 3313 1714 schaffen zu können, der hat sich
2677 1753 3301 1807 daß die künstlerische Forderung
2679 1796 3302 1849 mählich zum bürgerlichen Gesch
2679 1845 3297 1907 ist an seinem neuen Schauspiel
2681 1889 3306 1954 kürzlich in den Münchener Kan¬
2681 1939 3305 2000 worden, lustig zu beobachten, wo
2681 1990 3306 2052 unbekümmerte Franzos, losgega
2679 2038 3292 2100 Blick auf die Nachbarschaft, das
2677 2087 3297 2141 packt hat. Eigentlich ist auch die
2687 2137 3301 2196 ehrwürdigen Rezept in der Apo
2680 2175 3301 2244 Sardou hergestellt. Ein freun¬
2680 2229 3301 2293 verdächtiger Harmlosigkeit, die
2681 2274 3278 2335 weilen darf. Dann plötzlich
2679 2321 3296 2379 „mächtiger Aufstieg, die Entlad
2680 2375 3296 2434 Im dritten endlich ein beruht
2685 2421 3296 2474 klopfen des erfolgsicheren Kenne
2679 2472 3296 2519 noch auf die Kosten kommen, b
2679 2516 3296 2578 ich habe selbstverständlich, abge¬
2679 2564 3296 2627 noch eine überraschende Wendt
2681 2613 3298 2664 das Rezept. Aber der wahrhafte
2685 2664 3284 2717 sichtigt, daß auch die Medizin
2679 2707 3297 2761 mithin auch ihre Rezepte. Er
2679 2765 3292 2813 kenntnis hinein, er liefert neu¬
2676 2805 3289 2863 Doch während er sich nach der
2679 2856 3289 2906 entblößt er sich nach der andere
2672 2902 3292 2961 machen, denn ein tieferer Dia¬
2673 2951 3292 3000 lingen: die Berechnung. Ger¬
2680 2998 3288 3060 haben den unmittelbaren Dran
2681 3051 3289 3098 Aus dem dargebrachten Ganzen
2679 3094 3306 3172 weisheit. Aber der geistig man
