3344 4256
190 153 346 259 13.
385 173 1063 267 nous
1243 165 1720 265 b 44/10
2155 262 2737 354 „Gegen unser Publikum
2108 337 2927 414 In der neuen Nummer der Halbmonatsschrift
1993 403 2927 451 „Neue Robus" erhebt Hanns Heinz Ewers fol¬
1981 432 2930 506 gende bittere Anklage gegen das lesende Publikum
2071 490 2925 551 „Das Publikum, liest bei uns sehr viel, fast so
1986 527 2927 601 viel wie in England, mehr als in Frankreich. Aber
1983 582 2927 634 was liest es? Fast nur die Art von Büchern, die
1983 623 2924 678 wir sehr optimistisch „Unterhaltungslektüre" bezeich¬
1987 670 2927 726 nen. Am besten stehen sich bei uns diejenigen Schrift¬
1989 707 2921 768 steller (und ihre Verleger), die Unterhaltungssektüre
1981 754 2915 811 schreiben und doch mit einem Bein ein wenig in der
1982 797 2912 855 Literatur stehen. Sie sind die großen Namen beim
1989 837 2921 897 Publikum, sie schlagen die Rekords der Gelesenheit.
1983 881 2918 940 Bei den Dahn, Ebers, Baumbach, Julius Wolff bis
1977 929 2918 978 zu den Schlicht, Ompteda, und ihren nicht ganz so
1981 975 2922 1022 vom Glück begünstigten Kollegen bleibt das Niveau
1976 1011 2915 1079 immer das gleiche bessere Unterhaltungslektüre mit
1971 1054 2919 1113 einem kleinen Stich ins Literarische. Es ist schwer
1977 1100 2916 1160 festzustellen, wie viele von diesen mit Absicht ihr
1969 1145 2912 1203 Kliche für das Publikum formen, doch scheint mir
1975 1196 2912 1249 gewiß, daß weitaus die meisten sehr viel Besseres
1970 1233 2906 1293 leisten könnten. Aber sie wollen Ware schaffen, die
1971 1281 2906 1326 gekauft wird — und haben recht von ihrem Stand¬
1969 1323 2710 1378 punkt aus. So gehen Talente zugrunde.
2054 1362 2906 1429 Warum? Weil sie nicht verhungern wollen.
2054 1401 2905 1463 Die breiten Massen sind überall gleich ver¬
1969 1437 2911 1510 ständnislos für Kunst, die „gebildete Mittelschicht
1969 1500 2903 1551 in Deutschland der französischen unterlegen, der engli¬
1970 1533 2906 1597 schen überlegen. Die Oberschicht aber, die allein
1963 1583 2907 1634 sich für Kunst in all ihrer Form interessiert, ist in
1965 1627 2906 1678 Frankreich ziemlich stark, in England gering, in
1957 1671 2900 1743 Deutschland noch geringer. Freilich hat auch Frank¬
1956 1710 2900 1769 reich einen Villiers de L'Isle Adam darben, einen
1958 1758 2909 1816 Henri Becque hungern lassen, aber es hat sehr bald
1963 1796 2907 1858 sein Unrecht eingesehen: beide Dichter haben wenige
1956 1845 2903 1906 Jahre nach ihrem Tode schon ihr Denkmal gefunden.
1951 1890 2901 1942 Und daß ein Dichter, wie Jean Moréas, von seinen
1951 1926 2896 1978 Versen leben kann, wäre in Deutschland einfach un¬
1951 1975 2900 2022 möglich. Die Franzosen haben längst den positiven
1956 2014 2898 2073 Wert der Kunst für die Entwickelung des Volkes er¬
1951 2057 2898 2117 kannt, sie haben eine Menge Einrichtungen, sie zu
1953 2105 2896 2158 unterstützen. Für die Literatur haben sie außer
1943 2146 2893 2198 der großen Akademie die Akademie Goncourt, die
1953 2191 2892 2246 zwölf Dichtern eine lebenslängliche Rente von
1946 2242 2892 2297 100.000 Frks. jährlich sichert. Sie haben den großen
1944 2274 2883 2331 Rompreis und eine Reihe anderer kleinerer Preise.
1957 2317 2892 2370 In Schweden, in Finnland, in Norwegen werfen die
1944 2361 2884 2422 Regierungen alljährlich große Summen für Ehren¬
1952 2405 2892 2463 solde aus, daneben hat Schweden den internationalen
1946 2451 2890 2514 Nobelpreis für Literatur zu vergeben, der alljährlich
1938 2500 2887 2546 allein 150.000 Mark beträgt. Die Honorare sind in
1944 2535 2884 2592 Frankreich ungefähr viermal so hoch wie in Deutsch¬
1931 2580 2883 2629 land; dazu haben die französischen Schriftsteller die
1940 2628 2868 2687 wundervolle Einrichtung der „Droits d'Auteurs,
1938 2668 2883 2723 die ihnen jährlich ein Plus von etwa drei Millionen
1942 2715 2880 2764 einträgt: aus Tantiemen für Theater= und Variété¬
1936 2755 2880 2801 vorstellungen, Konzerten (für die Texte,) Kinemato¬
1932 2813 2882 2858 graphentheater usw. In Deutschland existiert keine
1938 2846 2878 2898 solche Organisation, die Folge ist, daß die Gesamt¬
1928 2882 2880 2931 heit der deutschen Schriftsteller alljährlich um min¬
1926 2926 2880 2981 destens die gleiche Summe bestohlen wird. Die
1936 2968 2878 3027 Honorare in England und den Vereinigten Staaten
1934 3013 2873 3085 sind etwa siebenmal so hoch wie in Deutschland, in
1928 3058 2614 3117 Rußland wenigstens fünfmal so hoch.
2010 3102 2868 3164 Wie sieht es bei uns aus? Ein paar Beispiele.
1926 3118 2865 3215 Von einer großen Zeitung erhielt ich einmal für eine
1928 3197 2868 3263 Novelle, an der ich über zwei Monate gearbeitet
1930 3237 2873 3296 hatte, hundert Mark Honorar d h. einen Taglohn
1924 3288 2868 3350 von einer Mark siebenunddreißig Pfennigen.) Und
1927 3326 2868 3376 dabei muß ich bemerken, daß ich noch Vorzugshono¬
1921 3374 2865 3432 rare erhalte; die meisten Schriftsteller erhalten noch
1927 3412 2868 3460 weniger. Was ist die Folge? Der Dichter ist ge¬
1924 3458 2860 3516 zwungen, irgend etwas anderes zu tun, um genug
1927 3504 2862 3560 Geld zum Leben zu verdienen. Natürlich sind einige
1921 3539 2861 3604 da, die es nicht nötig haben, die von Hause aus ver¬
1925 3590 2862 3640 mögend sind, das sind die Glücklichen. Die anderen
1930 3628 2862 3684 sind zu Arbeiten gezwungen, die in weitaus den
1925 3680 2862 3730 meisten Fällen ihre künstlerische Produktion schwer
1928 3713 2868 3769 schädigen, denn anständig leben kann bei uns kein
1925 3761 2860 3815 Dichter vom Ertrag seiner Feder. Man sehe doch
1920 3798 2856 3861 die Auflagenziffern unserer berühmtesten und aner¬
1915 3842 2854 3891 kanntesten Dichter an: Demel, Lilieneron, Hoff¬
1919 3891 2854 3940 mannsthal, Schnitzler usw. Zwei, sehr selten drei
1919 3926 2854 3976 Auflagen, das macht etwa 2000 Mark für ein Buch,
1915 3966 2856 4020 in dem oft mehr als ein Jahr Arbeit steht. Paul
1913 4016 2862 4070 Scheerbart, Arno Holz, Schlaf, George kommen kaum
