3392 4384
1298 285 1776 385 box 44/10
235 282 1106 403 13. Miscellaneous
2004 1166 2839 1245 aus dem hohen Beamtenstande, ge¬
164 1202 2817 1312 zu sind, die es unmittelbar zu erledigen Abgeordneten Dr. v. Hochenburger und besonders von Portefeuilles berufen werden sollen.
2297 1344 3024 1405 Specifische darstellen. Also etwa
2008 1352 2265 1412 Kreise, das
977 1352 1979 1409 viel über Schriftthum und Kunst gesprochen, geschrieben
164 1344 952 1434 tige Nummer unta, Seiten und
2015 1384 3021 1462 ganz Feines, sehr Heikles, Leises, das die zartesten Finger
966 1402 1983 1469 als in großen Städten. Die Ansichten und Meinungen, wie
160 1416 735 1476 seratentheile nach beide Texte :
2015 1444 3021 1509 verlangt: die Luft einer Gegend und ihrer Leute, den um
981 1451 1986 1512 schlecht es die Schaffenden gemacht haben und wie sie es
168 1451 956 1548 des Romans „Das rothe Band von
2018 1494 3021 1562 sie schwebenden Dunst und Schein möchten sie berühren
981 1498 1979 1562 hätten machen sollen, bilden also auch den Hauptgesprächs
164 1512 396 1573 Seite 23.
2011 1551 3006 1612 und ergreifen. Wie es einer von ihnen, Hugo Greinz, aus
981 1551 1986 1616 stoff der geistigen Kreise. Kurz und gut: In der Provinz
168 1533 613 1633 Seite 17 bis inclusive 22.
974 1598 3021 1662 wird mehr geschaffen, in der Großstadt mehr kritisirt. Und gesprochen hat: „Wir fordern in den Werken unserer
168 1605 417 1669 es. Seite 27.
2018 1648 3017 1712 Provinz auch das wirkliche Leben derselben, so wie es sich
168 1623 738 1719 Frauen=Zeitung. Seite 31 und 32.
977 1651 1990 1715 kritisirt vorwaltend auch wieder nur das, was aus Groß¬
168 1701 414 1783 cht. Seite 35.
988 1701 3017 1765 städten kommt. Die Provinz wird ignorirt.“ Das will und hundert= und tausendfältig unterscheidet von dem der
2015 1751 3017 1812 großen Städte. Wir müssen ja zu unserer eigenen Be¬
988 1751 1986 1819 soll sie sich aber nun nicht mehr gefallen lassen. Sie hat
2018 1801 3013 1865 schämung gestehen, daß wir in Oesterreich beinahe keinen
977 1797 1994 1869 dasselbe Recht, das die große Stadt hat; sie muß es sich
303 1797 624 1912 Feuilleton.
2011 1851 3021 1912 einzigen neueren, modernen Roman haben, der uns das
981 1851 1986 1915 nur nehmen. Unsere österreichische Literatur kann nicht blo¬
981 1897 3024 1965 aus den paar Wiener Literaten bestehen. So Rosegger. Leben der kleinen Städte auf dem flachen Lande schildert,
164 1926 838 2033 Entdeckung der Provinz.
2018 1954 3021 2015 ihre enge Cultur zeigt, die ihnen eine Ausnahmsstellung
977 1954 1994 2022 Aber jene Jünglinge meinen es noch anders und wollen
2015 2004 3021 2061 anweist, der künstlerischen Darstellung jedenfalls in hohem
289 2001 645 2083 Der Hermann Bahr.
977 2001 1983 2079 noch mehr. Sie denken an eine besondere Art von Kunst, di¬
977 2054 3024 2118 „Provinzkunst" sein soll, nicht nur, indem ihre Künstler in Maße werth... Die Provinzliteratur soll uns Charaktere
160 2040 952 2140 t sich in unseren Provinzen. Aus Linz, auf
2018 2104 3017 2172 zeichnen, die in den vielen Einflüssen provinzieller Um¬
164 2101 1986 2179 aus Innsbruck hören wir von Vereinen, die im der Provinz leben, sondern indem sie eben das Leben in der
2015 2158 3017 2222 gebung entstanden und aufgewachsen sind, sie soll uns die
164 2158 1986 2218 Pan die neue Kunst zu pflegen, nach Cultur Provinz selbst zum Thema nehmen wird. Das ist ihr
2015 2211 3017 2272 Stimmung geben, die an ein bestimmtes Land, an eine be¬
988 2200 1986 2268 Programm. Es widert sie an, immer nur die Berliner und
168 2218 952 2279 verlangen, und leidenschaftlich werden Jüng¬
2018 2254 3013 2318 stimmte Stadt gebunden ist — ihre Werke sollen Provinz¬
984 2257 1990 2318 die Wiener copirend, die Epigonen von Mitlebenden zu
160 2272 959 2332 de mit großen Worten ungestüm fordern. Was
2015 2311 3021 2368 luft athmen!... Unsere kleine Cultur, die ruhige Poesie
991 2307 1986 2375 sein. Warum denn nicht darstellen, was sie selber sehen und
164 2318 963 2375 an dort, scheint es, eigentlich selbst noch nicht
164 2354 3021 2425 ßt nur, daß endlich gezeigt werden soll, was wie sie es sehen? Mit ihren eigenen Sinnen wollen sie sich unseres Lebens in einem Milieu, das dem der Großstädte
2015 2400 3017 2468 fremd und entlegen ist, verlangt nach einer Darstellung.
185 2407 1983 2479 kann. Rosegger hat die Parole ausgegeben: an ihr eigenes Leben machen. Der Linzer zeige die Linzer
2018 2450 3013 2514 Dies erkennen am ehesten die sensitiven Künstler und
988 2461 1990 2521 der Steierer, wie die Steierer sind, und es reizt sie, die
185 2468 956 2528 Erste gewesen, der von einer „Entdeckung der
2015 2511 3021 2571 Literaten, die zum Beispiel den kurzen Weg von Wien zu
988 2511 1983 2575 Nuancen ihrer Städte und Gegenden aufzufangen und ab¬
164 2521 966 2578 sprochen hat. Er zieht für den Künstler, für
2018 2561 3021 2618 uns nach Linz gehen und auch nur wenige schnelle Stunden
988 2564 1990 2625 zufassen: wie dieselben Dinge in jedem Lande anders
160 2564 963 2625 das Leben in der kleinen Stadt oder auf dem
2015 2610 3021 2668 in unserer Stadt verbringen. Die Stadt selbst schon ver¬
160 2607 1986 2693 zur in der Stille könne der Schaffende gedeihen, werden. Wir wissen freilich, daß es zuletzt immer dieselber
2018 2660 3013 2714 langt ihren eigenen Styl der Poesie. Die Straßen tragen
988 2660 1986 2721 Tragödien, ewig dieselben Possen sind, die in der ganzer
160 2675 966 2728 de Durchschnittsleben großer Städte," behauptet
153 2710 3024 2785 Auf einer niedrigeren Stufe, als das kleinerer Welt unter allen Menschen sich abspielen, aber sie haben an trotz mancher mit modernem Comfort ausgestatteter Kauf¬
2018 2760 3021 2817 läden, trotz des in gewissen Stunden lauten und regen
991 2760 1986 2828 jedem Orte, zu jeder Zeit doch eine andere Farbe und einer
164 2767 963 2835 in der Provinz... Vom armen Großstädter ist
2015 2807 3021 2867 Lebens ihr eigenthümliches, zwischen städtischer und länd¬
168 2810 1983 2882 zu verlangen, daß er sich sammle, vertiefe und anderen Ton, ewig gleich und ewig neu. Dasselbe Gefühl
2015 2857 3021 2917 licher Cultur schwankendes Gepräge. Eine Stadt, mitten
991 2857 1990 2921 dieselbe Liebe, derselbe Zorn redet in der Stadt anders als
175 2867 963 2935 schaffe. Seine Sache ist es vielmehr, zu karnen,
2018 2899 3024 2967 hineingesetzt in die Gebiete der Bauern — hinter den letzten
164 2906 1986 2985 de bauen, nämlich die anderweitig entstandenen auf dem Lande, dasselbe Schicksal nimmt jede¬
2018 2956 3013 3017 Häusern, die schon das Strohdach zeigen, schneidet der
153 2956 1990 3031 der Literatur und Kunst zu kritisiren und wo= Mal sozusagen einen anderen Dialekt an. Diesen
2022 3006 3024 3099 Pflug in die Erde, ringsum blühen Gärten, und ein guter
164 3010 1997 3135 zu demoliren. Es wird denn auch nirgends so wollen sie erhören und das Besondere ihrer kleinen
