3344 4352
180 319 315 400 13.
1227 319 1701 400 box 44/10
363 331 1001 410 Miscellane
1279 825 1762 904 Deutsches Volkstum.
726 918 2320 985 daher zu dem Antrag gezwungen, die Verhandlung über meinen Ausschluß von der Tages¬
730 971 2314 1031 ordnung der Versammlung am 15. Dezember abzusetzen und sie bis zur Wiederherstellung
730 1015 2314 1067 meiner Gesundheit bezw. auf einen Zeitpunkt zu verschieben, der mir das persönliche Er¬
737 1049 1618 1100 scheinen auf der Generalversammlung ermöglicht.
809 1084 2314 1146 Die Abschrift der Stellen meiner Schrift, durch die ich nach Ihrer ersten Auffassung
730 1124 2312 1188 „den Zweck des Verbandes gefährdet“, nach Ihrer neuesten Auffassung jedoch die Pflicht
732 1172 2308 1221 verletzt, „die Bestrebungen des Verbandes zu unterstützen", habe ich mit Interesse er¬
726 1205 2310 1257 halten. Sie könnten ebenso gut irgend einen Abschnitt aus dem Konversationslexikon an¬
734 1245 2310 1310 führen, da in diesem die Bestrebungen des Verbandes auch nicht unterstützt werden. Falls
724 1285 2308 1338 die betreffenden Herren durch die Ausführungen meiner Schrift sich beleidigt fühlen, steht
724 1326 2308 1372 es ihnen frei, von mir persönliche oder gerichtliche Genugtuung zu verlangen. Ich möchte
726 1368 2310 1414 aber den deutschen Richter sehen, der darin einen ausreichenden Grund sieht, mich aus
724 1396 2308 1451 dem Verbande auszuschließen! Dann müßten Sie ja auch jedes Mitglied ausschließen,
724 1439 2310 1495 daß an einem andern oder an mehreren literarische oder persönliche Kritik übt, wie das
730 1479 2312 1538 bei einem aus Berufsschriftstellern sich zusammensetzenden Vereine gar nicht zu vermeiden
732 1517 2306 1570 ist! Die Zugehörigkeit zu einer Berufsvereinigung darf ein Mitglied doch nicht ver¬
732 1552 1320 1614 hindern, seinen Beruf auszuüben.
801 1594 2308 1655 Nein, meine Herren! Der wahre Grund, weswegen Sie mich ausschließen wollen,
720 1626 2302 1693 liegt auf der Hand! Aber wir sind trotz der Bezeichnung „Verband deutscher Bühnen¬
732 1675 2246 1731 schriftsteller“ doch kein jüdischer Verband! Wenigstens nicht den Satzungen nach
801 1709 2306 1764 Das Verzeichnis des derzeitigen Gesamtvorstandes und der Vereinsmitglieder habe
726 1751 2312 1800 ich trotz meiner Bitte nicht erhalten. Ich ersuche erneut hierum unter Hinweis auf die
724 1784 2310 1850 Begründung in meinem Briefe vom 21. November. Jeder Angeklagte hat das Recht, das
724 1826 2308 1881 Kollegium seiner Richter kennen zu lernen. Abgesehen davon wäre die Erfüllung meiner
730 1869 2306 1923 Bitte schon einfache Anstandspflicht. Zudem bin ich vorläufig noch Vereinsmitglied und
730 1905 1996 1957 habe als solches Anspruch darauf, zumal aus einem so gearteten Anlaß.
795 1939 2302 1998 Die Beiträge, die Sie durch Ihr Verfahren zur Kulturgeschichte der Gegenwart
720 1975 2304 2040 liefern, sind zweifellos recht interessant. Ich befürchte aber, daß sie denen, die dafür
726 2026 2302 2076 verantwortlich sind, einmal nicht zur Ehre gereichen werden, besonders denen von Ihnen
718 2066 2308 2125 nicht, die die schlaue Kunst üben, auf beiden Achseln Wasser zu tragen! Dabei kriegt man
718 2096 1889 2153 leicht einen Spritzer ab! Manchmal verschüttet man es auch ganz
803 2139 2308 2189 Zum Schlusse beantrage ich hiermit, daß mein Brief vom 21. November ebenso wie
718 2171 2306 2232 dieser heutige zu Punkt 1 der Tagesordnung der Generalversammlung am 15. Dezember
718 2216 965 2266 verlesen wird.
789 2240 2129 2306 Meine Adresse ist bis auf weiteres die am Kopf dieses Briefes angegebene.
1616 2300 1921 2373 Hochachtungsvoll
1990 2331 2282 2409 gez. Dinter¬
