3344 4352
169 236 1029 331 13. Miscellaneous
302 883 1085 1002 „OBSERVER
386 976 1042 1045 I. österr. behördl. konzessioniertes
356 1022 1073 1103 Unternehmen für Zeitungs-Ausschnitte
414 1076 996 1162 WIEN, I., WOLLZEILE 11
493 1142 948 1201 TELEPHON R-23-0-43
290 1262 639 1340 Ausschnitt aus:
706 1298 1090 1410 en
281 1486 402 1545 vom
566 1497 964 1606 1. T. 193
313 1745 1096 1887 Kunst und Wissen
326 1910 1083 2022 Bühnenkleinkunft im Volksheim.
330 2004 1139 2067 Die Welt, die Artur Schnitzler in seinen
269 2036 1141 2118 vielen Einaktern und kleinen Dialogszenen auf
272 2092 1137 2163 die Bühne gestellt hat, ist längst nicht mehr die
267 2145 1138 2214 unsere. Die süßen Mädel des Vorkriegswien, die
270 2191 1137 2257 nur vergänglichem Liebesspiel lebten, sind ver¬
277 2240 1136 2298 schwunden, und die feinen Kavaliere, die bei
274 2293 1133 2352 ewigem Flirt und elegantem Nichtstun allmäh¬
274 2337 1138 2399 lich müde wurden, haben weniger manierlichen
270 2384 1134 2445 Nachfahren Platz gemacht, die ihre unausgefüllte
277 2427 1137 2497 Zeit mit antimarxistischem Bramarbasieren tot¬
276 2476 1134 2543 schlagen. Schnitzlers gepflegte Wortkunst aber,
275 2526 1137 2589 seine weiche, überlegen ruhige Seelenmalerei
269 2575 1136 2642 kann noch immer Leser und Hörer entzücken.
267 2628 1126 2691 So wurde auch die erste künstlerische Veranstal¬
270 2668 1137 2726 tung des Ottakringer Volksheims, die
270 2726 1134 2786 ganz im Zeichen Schnitzlers stand, ein schöner,
267 2772 1132 2832 angenehmer Abend. Dem „Freien Studio,
267 2811 1132 2879 einer Gruppe junger, aufstrebender Schau¬
266 2857 1134 2923 spieler, gelang es vorzüglich, in einigen der einst
270 2915 1131 2971 oft gespielten „Anatol"-Szenen sowie in der
264 2961 1128 3022 köstlichen kleinen Satire „Literatur“, Schnitzler¬
269 3009 1128 3075 sche Liebenswürdigkeit und Anmut mit spar¬
266 3052 1128 3117 samsten Mitteln und diskreter Akzentuierung
261 3107 1128 3158 auf die Bühne zu zaubern. Edith Raab, Hilde
260 3148 1128 3216 Scott und Trude Heß mimten das wechselnde
260 3200 1124 3262 weibliche Element mit Liebreiz und Tempera¬
261 3236 1132 3301 ment, Rudolf Steinböck lieh seinem Anatol
266 3292 1131 3364 die nötige apathische Gelassenheit; ihnen und
260 3339 1124 3395 besonders Hans Leo Reich, der sich als Schau¬
267 3384 1128 3440 spieler wie als Spielleiter gleich verständnisvoll
262 3436 1124 3502 und einfühlungsfähig erwies, wurde der ver¬
264 3482 1128 3550 diente Dank eines zahlreichen Publikums zuteil.
929 3537 1088 3591 A. A.
1216 211 1689 323 b 44/10
1904 1532 2281 1643 VILAG
1827 1710 2461 1826 SZINHAZ
1710 1796 2517 1933 MUVESZET
1705 1937 2616 2012 (*) Bestek a Vigszinházban. Néhány este a
1621 1988 2608 2053 bei Burgszinház jatszik a Vigszinházban. A ven¬
1618 2029 2614 2113 déguészek Walden Harry vezes vel randultak
1624 2077 2608 2159 le Budapestre, ahol három Schnitzereyfelvon
1621 2129 2614 2206 sossal mutatkoztak be. A három is darabnak
1633 2167 2607 2245 Komedie der Worte“ (A szavak komediaja) az
1618 2213 2612 2284 szegaló cie es tartalomban, tendenciaban,
1611 2261 2596 2325 vilgnéelben is give tartoznak, csak ppen se¬
1614 2298 2608 2388 lekményikben nem. A három kis darabban
1611 2357 2604 2432 Schnitzler egyazon ellettel jatszik: a szavak
1609 2399 2607 2469 szerepével az éleben, a szavaknak sokszor dont
1612 2434 2603 2525 szerepével a házasleben, a szereleben, alku.
1612 2485 2603 2561 hogy fremleges valaszt adna. Sokszor, mintha a
1609 2534 2606 2594 szerzo maga is sak jásznek u szavakka, supán
1613 2583 2603 2649 gegy neilenduléssel sejeti a élységet, merre
1606 2616 2599 2696 mondanivaloival tart. Mind a három darabban tul
1609 2662 2594 2744 teng a dialogus és bar Schnitzler egyike a legszel-
1606 2705 2604 2772 lemesch sindi csevególnek: itt néha fárasztó
1612 2742 2592 2828 és flöslegesen böbeszéd. A Burgszinház egy¬
1614 2785 2593 2879 lese, ellekintve az elst, mindet darabot jo-
1598 2827 2593 2920 kede es hellel kel bravurosan jatsotta el.
1603 2878 2597 2966 Harry Walden egynige kulösen a masodik
1597 2925 2593 3001 durablan événe. Nchéz, de hlás szerepében
1597 2978 2589 3056 néha frappansan hatott. Mellette Medelsky Lotte,
1603 3011 2588 3108 Suzan v. Osten, valamin tiede es Frank sem
1599 3053 2591 3155 ismerellenek a budapesti köönsgelöst. Waldenne
1606 3108 2525 3183 gült ket is sokszor a függony el tapsollak.
1684 3158 2583 3251 (*) Uj szerzódesek. A tavasz bekoszontés vel
