3436 4352
336 244 475 323 13.
538 248 1201 370 Miscellaneous
1379 270 1870 372 box 44/10
1021 990 2668 1087 Carl Busse
1021 1050 1833 1123 das Wien der Proletarier, der Zuhälter, der
1868 1060 2666 1136 Tiefe bloß grau wäre und daß alle Töchter
1033 1101 1833 1156 Dirnen, der Mädchenhändler! Die alten
1868 1115 2666 1170 des Volkes die Opfer ihrer Armut und Schön¬
1039 1140 1825 1197 schönen Paläste, die vornehmen Salons, die
1866 1156 2646 1218 heit würden. „Alle Töchter sind net gleich,
1033 1187 1823 1230 „baumrauschenden Gärten versinken — un
1860 1197 2660 1254 läßt er den Kellerlacher in seinem letzten Briefe
1029 1222 1833 1279 ser Erzähler kennt sie nicht. Er kennt nur
1866 1232 2666 1287 schreiben, und verschieden wie die Menschen
1023 1265 1823 1310 die langweiligen geraden Gassen und ihre
1860 1271 2660 1330 ist ihr Los. Fünf Mädchenschicksale rollt
1033 1297 1823 1367 in schwindelndhohen Vogelkäfigen hausenden
1858 1318 2666 1371 er vor uns auf. Da ist die Reserl, die von
1023 1340 1819 1402 Menschen. „Die Reichen, Ästhetischen, Ge¬
1866 1348 2656 1414 Mädchenhändlern in Budapester Freuden¬
1023 1371 1823 1439 bildeten," sagt er, „haben genug Schilderer
1866 1387 2666 1451 häuser verschleppt wird; die Mirzl, die sich
1023 1414 1829 1463 die Leute, die ich vor euch hinstelle, sind
1858 1434 2660 1490 aus Furcht vor der Schande vergiftet; die
1033 1455 1823 1502 simple Dutzendware, aber sie lachen und
1856 1465 2656 1522 Tini, die das geborne Dirnchen ist und sich
1023 1496 1821 1555 weinen auch und sind im Notfall nicht heikel
1862 1510 2656 1563 ein behagliches Leben schafft; die Annerl,
1021 1529 1543 1588 eine Tragödie aufzubringe
1862 1543 2658 1602 die einen schlichten Mann ihrer Kreise heiratet
1078 1551 1823 1627 Schon in diesen Worten hört man vielleicht
1854 1582 2656 1645 und eine gute, tüchtige Geschäftsfrau wird;
1021 1606 1827 1662 einen Unterton von Groll und Liebe, und
1860 1621 2652 1680 die Poldi, die das große Los zieht und von
1017 1653 1819 1698 der Ton geht durch das ganze Buch. Immer
1856 1655 2650 1717 der wir etwas mehr sagen müssen. Die
1023 1688 1809 1737 wenn Karl Adolph an die „Gesellschaft
1868 1698 2656 1762 Poldi nämlich ist Karl Adolphs Liebling, sie
1017 1725 1827 1774 denkt, an die „besitzende Klasse", wird er
1860 1737 2650 1797 ist die ideale Heldin, sie hat einen Bruder,
1019 1768 1817 1825 kratzbürstig. Er gesteht ganz offen ein, daß
1856 1776 2650 1833 der Zuhälter, und eine Schwester, die Dirne
1015 1807 1823 1864 diese Kreise „sowohl seiner Erfahrung wie
1860 1817 2654 1878 ist, aber sie selbst blüht wie eine Lilie aus
1033 1844 1819 1893 seinem Verständnis fernliegen", daß er sie
1860 1856 2650 1915 Dürftigkeit und Elend, ist unmenschlich brav,
1019 1889 1811 1940 aber trotzdem mißbilligt. Er bekennt ehrlich
1848 1903 2648 1950 unmenschlich arm, unmenschlich schön: die
1021 1919 1809 1971 daß seine „Abneigung gegen Grafen und ihr
1848 1936 2648 1993 Tugend, die zuletzt zur reichbesetzten Tafel
1021 1962 1799 2016 Begleiterscheinungen darauf beruhen mag
1848 1979 2650 2030 geführt wird. Ein Künstler heiratet sie, ein
1021 1997 2648 2067 daß er „selber keiner“ ist, doch er sieht jeden „reckenhafter, siegfriedsgleicher Sänger“, der
1027 2036 1809 2085 falls „auf einen Grafen aus Grundsatz herab
1848 2059 2646 2110 „über alle Maßen schön und männlich“ ist,
1017 2085 1815 2128 Solche naiven Geständnisse haben etwas Ent¬
1848 2099 2646 2144 und liebliche Kinder umspielen sie in der
1011 2118 1817 2165 waffnendes. Sie fallen auch nicht weiter
1858 2132 2646 2200 glücklichsten Ehe. Das ist der köstliche Lohn
1021 2153 1811 2220 ins Gewicht, weil sich der Erzähler hütet
1854 2167 2128 2222 ihrer Bravheit.
1019 2194 1817 2253 Gestalten aus jenen mißmutig betrachteten
1895 2210 2648 2263 Da zuckt wohl ein Spottlächeln in den Mund¬
1011 2226 2648 2304 Bezirken zu beschwören. Er knurrt nur in winkeln, aber es verschwindet bald. Gewiß
1011 2280 1807 2327 einem instinktiven Groll. Und ebenso knurr
1842 2286 2640 2337 mahnt diese ganze Poldi an die klischierten
1015 2314 1815 2359 er gegen die Ästheten, gegen die „dilettieren¬
1850 2322 2640 2376 Engel der Kolportageromane, die zuletzt den
1005 2349 1803 2406 den Muttersöhnchen aus seinen Familien“
1850 2359 2642 2419 Grafen kriegen, doch wenn sie selbst nicht als
1015 2386 1815 2439 denen die Kunst „Selbstzweck“ ist. Ebenso
1846 2402 2634 2458 echt bezwingt, so bezwingt die echte Liebe
1019 2431 1809 2486 gegen die gewisse moderne Art „seliger
1840 2439 2640 2496 und Freude, mit der Karl Adolph jeden Preis
1015 2472 1815 2525 Schmalzl=Literatur, die uns vorligt, daß
1846 2480 2634 2533 des Lebens in ihre Hände legt. Das ganze
1011 2503 1807 2556 die Wiener Luft von Tönen Beethovens
1842 2513 2634 2578 übrige Werk sagt hochst realistisch: So ist
1017 2546 1815 2609 Schuberts, Mozarts durchklungen sei, während
1848 2556 2636 2613 das Leben! Aber vor der Poldi heißt es:
1007 2576 1807 2636 doch nur Grammophon, Operetten= und
1850 2597 2638 2648 So kann es auch einmal sein und so sollte es
1017 2619 1809 2674 Tingeltangelmusik sie durchschrillen. Aber
1842 2634 2636 2695 immer sein! Darüber zu höhnen bringe ich
1011 2664 2636 2726 wie hier der Zorn hervorbricht, so bricht nicht fertig, denn in ungeschicktester Form
1007 2699 1807 2752 rührend und verklärend, bricht hundertmal
1838 2724 2636 2771 ringt sich hier ein heißer, starker, gefühlsechter
1015 2736 1807 2793 stärker doch auch die Liebe hervor — die
1846 2752 2636 2812 Glaube an eine „göttliche Weltordnung" aus
1013 2779 1807 2834 Liebe zu dem Volke, das tiefgebückt im Fron¬
1835 2785 2050 2840 den Tiefen.
2085 2793 2634 2848 Er macht die literarischen Un¬
1009 2814 1801 2865 dienst arbeitet, die Liebe zu den Gestalten
1842 2836 2642 2885 möglichkeiten am Ende wett, besonders da
1007 2857 1805 2918 deren Schicksal verfolgt wird. Und das ist
1844 2869 2631 2924 sämtliche übrigen Gestalten auf festerem Grund
1001 2900 1803 2949 das Bezwingende dieses Romans, daß er so
1835 2916 2636 2963 und Boden stehn. Man könnte allerdings
1001 2928 1809 2990 warm und menschlich ist. Deshalb möchten
1846 2945 2629 3004 finden, daß in diesem Töchterroman über¬
1001 2977 1803 3020 wir seinem Verfasser eben die Hand schütteln.
1835 2985 2625 3041 haupt nicht die Töchter, sondern ihre Väter
1009 3012 1801 3065 Er zeigt uns wieder einmal, wie ärmlich
1833 3020 2629 3080 die stärkere Lebenskraft abbekommen haben.
1007 3057 1799 3102 und eng und feige die berühmte impassibi¬
1838 3061 2627 3118 Gegen die beiden „Spezi“, die „Standrat¬
1001 3084 1801 3137 lité der Artisten ist, wie sie sich durch ihre Un¬
1846 3110 2621 3157 schen“ und den Kellerlacher, kann sich nicht¬
1003 3131 1803 3180 persönlichkeit und Teilnahmslosigkeit selbst
1833 3143 2621 3198 Weibliches behaupten, selbst die Tini Trümmer
1007 3166 1803 3223 betrügen! Nein — der Dichter soll mit
1835 3184 2623 3229 nicht, und es steigt einem eine kleine dumme
1003 3204 1793 3258 seinem leidenschaftlichen Herzen offen hervor
1835 3217 2621 3278 Rührung auf, wenn die Schimpffreundschaft
1001 3247 1801 3292 treten, er soll in Liebe und Zorn Partei
1833 3256 2623 3311 der beiden „Fiaker sich zuletzt im Ernsten
1007 3284 1803 3333 ergreifen, er soll mit jedem seiner Werke
1833 3294 2621 3354 so schön bewährt. Auch der Hausmeister,
999 3325 1788 3382 Zeugnis ablegen von der Entwicklungsstufe
1827 3335 2625 3393 der einarmige Vater Schaumann, der liebens¬
1001 3358 2621 3432 die er gerade erreicht hat. Nur wer selber würdige Lump und „Drahrer Herr Müller,
1003 3399 1496 3448 glüht, wird uns entzünden
1825 3407 2623 3472 der „a großer Fallot“ ist, sprechen noch zu
1050 3440 2629 3507 Er braucht deshalb noch lange kein Ten= uns, wenn das Buch selbst schon längst zu
994 3460 1795 3528 denzmeier zu sein. Das ist auch unser Karl
1833 3491 2621 3544 Ende ist. Und höher wieder als die einzelnen
1001 3515 1797 3569 Adolph nicht. Er gibt nicht bloße Elends= und
1833 3530 2631 3585 Gestalten steht das Gesamtbild. Man braucht
1003 3554 2621 3624 Zustandsschilderungen im Anklagegeschmack niemals in Wien gewesen zu sein und wird
997 3591 1799 3644 wie einst der Naturalismus. Es fällt ihm
1825 3605 2623 3675 doch jeden Schwur leisten, daß es bis zum
990 3638 2629 3724 nicht ein zu behaupten, daß die Welt der i=Tüpfelchen echt und richtig gesehen ist.
