3344 4320
789 161 2311 238 Känns det skönnt? Aja, atminstone för der i mamelucker och kavalierer i fader¬
746 199 1508 265 nigra timmar. Ingen funkis, ingen fran¬
1554 220 2307 290 mördare svänge om i valsen lika frisör¬
753 246 1520 297 tanda, inget nationellt högtryck, bara
1556 254 2315 320 just och operettgalant som poikana
753 291 1510 344 elegans, formfulländning, lätta och lätt-
1548 310 2309 365 och flickona i sista scenens nutismilj
748 335 1514 386 färdighet — det er faktiskt som en vila
1548 339 2305 403 frän Pratern, den alltämt lika gammal-
744 377 1510 428 efter et par verkors intensiva samtids¬
1548 394 2082 447 dags borgerliga nöjesparken.
751 416 1503 471 studier i det medvetet antiwinska Tjec¬
1593 431 2305 492 För första gängen på länge är huset
740 462 1506 524 koslovakien. Jag bestämmer mig för att
1552 479 2303 549 utsatt till matinépriser! — och publi¬
746 503 1499 572 bli lat och lättfärdig och köper förty
1548 517 2309 577 ken är med på galoppen. Den vaggar med
742 543 1499 617 en biljett till Operan. Man ger en var
1542 556 2299 632 huudena i takt med valserna, den se¬
740 594 1506 653 tett baletter, och eftersom baletter och
1546 607 2305 676 ker rytmerna med dansande handrörelser,
746 645 1505 693 pantomimer äro en särdeles sympatisk
1548 649 2305 715 hela parketten är ett enda gungande hay,
736 693 1508 748 form av operakonst, har jag ett furtsligt
1548 691 2307 759 böljande efter, Strauss' trollsp. Men
736 723 1503 787 nöje i den gamla salongen av vitt och
1550 734 2307 799 brevid mig sitter en silverhörig dam
736 776 1503 825 guld och purpur — minsann sitter inte
1546 783 2309 846 med pannan mot handen och grâter i
736 821 1503 876 den gyllene kronan och dubbelmonarkins
1542 835 2305 893 näsduken. Den gamla goda tiden är inte
734 861 1510 925 fläkta on med Franz Josef 1:s nam¬
1546 874 2305 937 mer — minnen bli henne vermäktiga,
736 901 1512 961 chiffer kvar over gamla keisarlogen i fon¬
1542 920 2303 978 och i morgen skall vardagen ter sta lika
736 942 1505 1011 den! Har man i revolutionsbradskan glomt
1542 950 2299 1020 gra och hopplös omkring henne. Nu dric¬
731 1001 1506 1056 att ta bort dubbelmonarkins emblem li¬
1544 1001 2311 1058 ker hon ett sentimentalt gläderus ur
736 1035 1505 1100 som man i det republikanska Bratislava
1548 1045 2309 1111 dessa sprittande toner, som flöda direkt
736 1067 1503 1134 försummat att ta ne kungskronan från
1548 1088 2296 1158 ur Wiens egen själ. Strauss' anda svä-
729 1122 1505 1192 kröningsdomens spira? Förvisso inte, här
1542 1126 2303 1187 var alljämt över staden med sin in¬
729 1162 1505 1228 är den habsburgska maksymbolen helt
1539 1168 2305 1241 smickrande charme, sin välighet, sitt
742 1213 1499 1276 på sin plats, och wienarna ha sinne för
1544 1219 2301 1281 galanteri och sitt borgerliga svärmeri.
732 1255 1499 1317 stil. Alljät lorgnetteras parketten av
1540 1266 2309 1334 När jag efter teatern kommer hem till
731 1300 1499 1355 bildskön, förnämä damer, vilkas smy-
1542 1315 2299 1376 min egen gata, som groteskt nog heter
727 1334 1493 1400 ken blixtra i de fyra logeraderas dunkel
1542 1349 2303 1421 Fleischmarkt, gora nattens flickor sina
732 1380 1493 1452 framför kavalierernas frackbröst, allt
1535 1385 2296 1457 inviter med en grace och en belevenhet,
732 1433 1489 1491 jämt dansar baletten klassisk tapets
1535 1446 2305 1495 som om deras arende vore en damernas
731 1482 1489 1550 dans i svavande gazkjolar, alltät spe-
1542 1486 2176 1548 vals och icke en kamp för brödet.
729 1508 1098 1573 lar man Strauss
1565 1533 2296 1586 Men eljest verkar Wien en mula
774 1542 1497 1614 Kvällens program heter „Wiener-Wal¬
1542 1565 2290 1620 skrynkligt, som en kostym efter en av¬
721 1588 1489 1664 zer och är sammansatt av gamla vals¬
1529 1618 2299 1667 magringskur. Och nog har staden dömts
729 1648 1497 1709 cardas- och polkamelodier. An der
1529 1658 2297 1724 att bant. Denna metropol, skapa för
727 1686 1493 1747 schönen blauen Donau, Geschichten aus
1535 1713 2296 1762 att administrera en stormakt, har nu
731 1739 1493 1788 dem Wienerwald, Die Puppenfee! Det er
1527 1737 2294 1811 ingenting annat att representera an sin
1533 1785 2296 1851 nöd och sitt lättsinne. Dubbelt grotesk
1527 1843 2294 1896 verkär drigenom den arkitektoniska tä-
1531 1879 2294 1944 ten frän anno dazumal rådhusgotiken,
1523 1932 2294 1972 parlaments-novantiken, Burgeaterns pö-
1523 1970 2299 2031 sande barocksal kring en konkursmäs¬
1518 2014 2303 2065 sig institution! Det förflutna talar
1523 2048 2290 2108 hexameter genom takens parader av gu¬
1523 2089 2290 2150 dar och gudinnor eller pikanta alexandri¬
1523 2146 2290 2199 ner genom de ridande kavaliererna kring
1523 2188 2290 2241 Maria Teresias gestikulerande jätetty,
1523 2227 2288 2286 och nuet svarar med sparsametsdekret
1522 2280 2294 2343 och anslag om slutrealisationer och
1523 2315 2288 2369 barmhertighetstjänster. Vid foten av
1518 2354 2284 2424 staterna längs boulevarder och broar
1518 2398 2294 2458 sitta blinda och lama tiggare hopsjunkna
1518 2445 2288 2509 dunklet och veva positiv. Det fatiga,
1520 2498 2282 2547 förtvivlade Wien rör sig i en ram av
1518 2525 2294 2593 keyserlig pomp och stat, som man inte
1516 2578 2284 2640 har råd att underhalla. Menn man älskar
1518 2617 2284 2674 sin trasiga pomp — man börjar bli van
1520 2670 2286 2733 vid trasor och man förstär att för sig
1518 2704 2050 2759 flott och chevalerest idem.
1558 2752 2286 2818 Det bläser harda höstvindar genom
1522 2786 2284 2861 Wien i desse dagar. De slita de sista
1510 2826 2286 2903 gula löven från Ringens lönnar, vilkas
1512 2884 2280 2941 svarta grenar dara under drivande sky-
1512 2937 2288 2994 ar. Kalt och bistert — det er knappt
1518 2971 2284 3037 en vecka sedan Arthur Schnitzler dog och
1510 3022 2280 3072 det er, som om det vore decennier sedan
1510 3049 2279 3119 han leyde. Men här i hans egen stad für
1520 3109 2275 3157 man en stark känning av de lokala förut-
1512 3142 2279 3204 sättningarna för hans konstärkap och
1516 3185 2279 3253 förstär hans livslånga kärlek till genius
1520 3227 2275 3285 loci. Utom Paris är vel ingen stad så ska¬
1520 3278 2277 3331 pad att flanera i som Wien med dess at¬
1512 3321 2269 3372 mosfär av formsäker spiritualitet och
1520 3367 2277 3424 graciost svärmeri. Här glittrar leendet,
1514 3405 2275 3463 här spelar skämtet, och i själva umgänget
1508 3450 2275 3509 med nöden finns det en naturlig vürdig¬
1512 3490 2282 3550 het både hos generalskan, som tvingts
1506 3537 2269 3601 bli professionell bridgespelare på ett kafé,
1508 3575 2263 3632 och hos tiggaren i Neulinggasse, som dri¬
1510 3626 2273 3688 ver omkring i kvällens silande rego och
1506 3654 2267 3724 exekverar en Straussvals pa sitt munspel.
1514 3704 2263 3764 1 Schuberts och Haydns och Mozarts
1499 3755 2263 3804 stad är musiken det sista man har ver¬
1505 3800 2271 3853 flöd av. Musiken och det glada humoret
1554 3846 2267 3889 jag noterar som en flyktigt vald sym¬
1506 3878 2262 3940 bol, att spärvagnarna, i stillet för upp¬
1514 3925 2263 3978 gifter om linjesträckningarna, på taket
1506 3972 2222 4037 bära annonser med texter som dessa:
1548 4016 1987 4075 Verjünget den Teint
1586 4050 1813 4120 High life.
