3344 4320
220 211 1098 331 13. Miscellaneous
1273 217 1754 319 bo 44/10
495 1344 779 1440 Nachdruck verboten.
837 1358 3191 1443 ist aber unwirthschaftlich, Luxus, und der Künstler muß überhaupt das Aufkommen des Besseren zu ersticken. Die
849 1423 1994 1496 sich unabhängig ausleben können: wer bietet ihm diese
2026 1440 3185 1505 „Concurrenz“, dies Losungswort der Industrie, läuft sich
141 1426 518 1528 selte Kunst.
837 1473 1994 1546 ökonomische Grundlage, seit die Zeit der Mäcene, der
2029 1490 3185 1546 auf geistigen Gebieten den Rang ab, wer nach unten
138 1508 436 1593 Karl Beibtreu.
852 1522 1994 1598 fürstlichen Unterstützung, vorüber: Durch Gründung von
2035 1537 3188 1595 hin an Feigheit und Dummheit den anderen überbietet.
849 1575 1994 1639 Akademien und Stiftung von Preisen ruinirt man nur
190 1566 313 1666 II. *)
2035 1584 3188 1648 Billigkeit heißt die Losung und Schleuderware ist Trumpf.
837 1610 1994 1677 die Kunstentwicklung, degradirt die freien Schöpfer zu
2032 1631 3170 1698 Zuguterletzt sind die Familienblätter und Theater dazu
155 1622 814 1707 als „capitalistisches Object" wird
846 1666 3176 1739 Beamten und Professoren. Fast nie trifft ein staatlich da, um als Präventivmaßregel zu dienen, damit über¬
155 1698 811 1757 von Verlegern, Theaterdirectoren
840 1716 1994 1780 patentirter Preis den Würdigen, fast nie geht aus Aka¬
2029 1730 3173 1792 haupt nichts Vornehmes mehr an die Oeffentlichkeit tritt.
149 1748 811 1821 icirt; nicht der Urheber, sondern
843 1768 1997 1827 demien ein origineller Selbstschöpfer hervor. Wenn man
2026 1780 3179 1836 Ganz treffend drückt Berg den Finger auf die Wunde:
179 1795 808 1850 „Abonnementsbetrag und In¬
849 1812 3176 1882 sich täglich vor der Kunst blamirt, darf man sie nicht „Das Publicum, so schlecht es ist, ist noch immer nicht
164 1838 790 1906 die Seele von der Literatur.
840 1865 1997 1923 fördern wollen. Bildhauer, Maler und Theaterdilettanten
2032 1877 3176 1947 so schlecht, wie die Kunsthändler es haben wollen. Erst
152 1891 802 1961 das freie Wort ärger als im ver¬
837 1920 1994 1970 als Leibgarde der Hohenzollern, das ist die neueste Ent¬
2029 1926 3182 1988 drücken sie es planmäßig herunter und dann sagen sie:
152 1938 802 2005 „Welches von den Werken un¬
840 1961 1999 2029 deckung. Ach ja, der böse Clericalismus mag schmunzelnd
2026 1973 3173 2038 Zu hoch für unser Publicum!" Ja wahrlich, wenn die
155 1991 805 2049 er bis Hebbel, würde heute einen
843 2008 1985 2070 das Geständniß Bergs entgegennehmen: „Das Mittel¬
2032 2023 3176 2079 Gipfel der Menschheit warten sollten, bis derlei Gewürm
149 2043 814 2096 wäre aus Goethe geworden, wenn
837 2058 1991 2120 alter hatte noch ein besonders wohlthätiges Institut für
2026 2079 3173 2137 zu ihnen hinaufkriecht, nie hätte es je, besonders in Deutsch¬
152 2090 802 2149 pesen wäre, daß moderne Re¬
837 2108 1991 2172 die Ausscheidung aus socialer Gemeinschaft, das Kloster.
2026 2125 3179 2172 land nicht, eine Kunst gegeben. Und dazu noch diese freche
143 2134 808 2193 aufnehmen? Was aus Schiller,
837 2158 1991 2213 Hier war auch der Künstler der Noth und Sorge ent¬
2023 2166 3176 2231 Scheinheiligkeit! Der Zeitungsverleger verkauft sich und
143 2187 814 2237 en hätte einreichen müssen? Was
843 2207 1991 2272 hoben, hier blühten Künste und Wissenschaften in einer
2020 2219 3176 2286 treibt im Inseratentheil die schamloseste Unzucht, aber
149 2234 805 2295 perg gegen den Hungertod und
840 2257 1994 2322 Zeit, als noch ganz Europa ein Barbarenland war." Die
2023 2266 3168 2327 vorn hat er moralische „liberale“ Leitartikel als Firma¬
170 2278 805 2339 die heute dem Dichter droht?"
846 2310 1988 2365 Abhängigkeit der Literatur von Fürsten oder, wie be¬
2035 2310 3173 2374 schild. Das ist die heutige Literatur: ein concessionirtes
170 2333 805 2395 gottlob vom Aufkläricht über¬
849 2351 3173 2421 sonders in England, einer gebildeten Aristokratie schadete Bordell. Die Presse sollte als Waffe des Schriftstellers
141 2386 802 2444 noch Fürsten, Bischöfe, ein vor¬
846 2403 1988 2456 ihr nichts; die wahre Unfreiheit herrscht erst in unserer
2026 2412 3173 2480 gegen die Weltungerechtigkeit dienen, doch der Pfeil prallte
143 2424 808 2483 unst beschützten, da arbeitete man,
849 2450 1991 2512 Aera der Bourgeoisie, wo sie wie ein Handelsproduct dem
2026 2456 3170 2518 auf den Schützen zurück: heute beeinflußt nicht der un¬
152 2480 808 2538 keit genug zu thun; heute schafft
843 2497 1997 2567 Marktgesetz von Angebot und Nachfrage unterliegt.
2023 2509 3176 2567 abhängige Schriftsteller die öffentliche Meinung, sondern
152 2521 811 2579 bie dem Erfolg fröhnen, für die
840 2547 1988 2608 Handelsartikel kann man aber nur quantitativ ein¬
2026 2553 3179 2617 diese öffentliche Meinung der Vielzuvielen, der öden
149 2573 805 2641 rliche Goethe=Bund, der laut
855 2594 1019 2655 schätzen
1063 2597 1991 2649 also nicht die Schönheit einer Zeile, sondern
2026 2600 3173 2658 Masse, ward heute zur Presse, obendrein durch gefälschte
143 2617 814 2693 ruck „seine innere Verlogenheit
837 2646 1994 2702 pro Zeile wird bezahlt, nicht das Werk, sondern das
2023 2652 3168 2714 Zusätze des hinter den Coulissen die Marionetten drehen¬
132 2664 805 2728 der Stirne trug, wollte höchstens
837 2693 1994 2752 damit zu machende Geschäft. Was Wunder, daß die
2020 2699 3165 2752 den Capitalismus noch mehr verdummt. Der Socialis¬
143 2726 799 2790 te tauschen. Denn die „liberalen
843 2740 1997 2805 Krämerlogik daraus folgert: Keinen Kunstwerth hat, was
2020 2746 3173 2805 mus, der auch von Befreiung der Kunst schwatzt, würde sie
155 2772 808 2837 und Kunst wollen gleichfalls nur
852 2790 1991 2851 sich nicht auf dem Markt bezahlt macht! Das Kunst¬
2026 2796 3168 2863 ja erst recht an das Votum der Banausen ausliefern,
152 2813 808 2892 dienen, um Geschäfte zu machen.
837 2843 1991 2901 product läuft durch die schmierigen Pfoten der Zwischen¬
2023 2851 3176 2901 aber die Kunst, das vonehmste Ding auf Erden, will von
138 2857 808 2925 ehlt es ohnehin an Raum. „Die
843 2887 1036 2945 händler
1083 2889 1988 2948 Agenten, die als Kuppler das Talent ver¬
2020 2892 3173 2951 Gleichmacherei der Geschmacker nichts wissen, jeder echte
152 2919 802 2977 den das Theater sprengen, folg¬
849 2933 1042 2995 schachern
1071 2936 1991 2992 — und wird so durch den Geschmack solches
2029 2939 3170 3007 Geistesfürst fühlt als Aristokrat. Schon die Classificirung
155 2960 802 3018 d. h. verstümmelt sie. Die Re¬
837 2968 3168 3059 Gesindels, das noch unter dem Durchschnittspöbel steht als „Arbeit“ und „Beruf entheiligt das ideale Schaffen.
138 3001 811 3091 Beiträge nach Zeilen und Silben
837 3027 1991 3094 und nur auf schlechte Instincte speculirt, noch tiefer herab¬
2020 3039 3153 3091 Die Berufszünftelei paßt für praktische oder „gelehrte
143 3056 808 3138 Bedarf zurecht.“ Die wahre Kunst
837 3089 3176 3153 gewürdigt. Da die inhaltlose Schmiererei sich immer besser Leute, die ihr Fach als Brotstudium betreiben und die
155 3115 805 3209 der „Deutschen Zeitung" Nr. 10594
837 3132 1991 3211 bezahlt macht, so liegt den Kunsteunuchen die Aufgabe ob,
2017 3132 3170 3220 noch allzeit in allem Neuen und Ungewohnten „Dilet¬
1180 3232 1273 3320 3
