3436 4352
326 166 1197 293 13. Miscellaneous
1371 181 1859 304 box 44/10
221 1085 2091 1255 Pronie, scharf, beißend, die nichts schont, die aus In dem reizenden Einakter Abschiedsouper das auch
2120 1161 3133 1234 stimmt, wenn auch nichts mehr darin liegt. Deshalb wird
221 1201 839 1273 orte oder einer Situation aufblitzt.
1082 1201 2091 1273 in Paris unter dem Titel „Souper d'adieu“ einen durch¬
2120 1223 3133 1284 man so bald jenes „Esprit müde, der aus dem bloßen
221 1248 1064 1331 ders sind Donnay und Schnitzler: auch ihr
1092 1266 2084 1313 schlagenden Erfolg erzielt hat, beschreibt Anatol seinen
2116 1270 3129 1328 Verstand stammt, wie der berlinerische Witz oder die geist¬
228 1310 3133 1396 ergreifen uns, weil wir sicher sind, daß sie leiden, Freunde Max mit folgenden Worten die Frau, die er liebt: reichen und talentvollen Gaukeleien à la Wilde, die keinen
224 1346 1064 1418 dieses Leiden so weit wie möglich zu verbergen
1176 1360 2084 1411 „Sie erinnert mich," sagt er, „an einen ein wenig
2105 1360 3129 1433 dauerhafteren Eindruck hinterlassen als ein Feuerwerk.
224 1389 2087 1469 bloß erraten, ahnen zu lassen, hüllen sie es gerne getragenen Walzer — sentimentale Heiterkeit — lächelnd
2109 1404 3126 1472 Wenn aber in diesem „Esprit etwas mehr zu finden ist,
210 1429 1284 1519 etwas geistvolles, feines und reizendes: Maurice Tränen —
2109 1458 3126 1512 wenn dieses „mehr ganz einfach das Herz ist, wenn das
221 1494 1049 1556 in die „Blague" und Schnitzler in das „Gemüt
1176 1490 2087 1574 Nun, der „Esprit du coeur“ bei Schnitzler erinner
2109 1501 3126 1577 Gefühl durch die Ironie zugleich verfeinerter und lebendiger
228 1534 1060 1599 so verschieden sie auch scheinen, lebt immer der
1085 1523 2084 1599 mich oft an einen echten Walzer, an einen von dieser
2109 1545 3126 1606 wird (mag diese Ironie an den Worten oder an der
213 1581 1064 1646 u coeur". Die „Blague" ist ein echt französi¬
1085 1584 2087 1642 Walzern — wissen Sie —, von denen Wien allein das
2113 1592 3126 1646 Handlung haften), da empfindet man einen wirklichen
213 1628 1056 1693 mütiges Geschöpf. Man hat sie oft verdammt
1082 1635 3126 1697 Geheimnis kennt, an einen „Wiener Walzer“, dem man Genuß daran, sich zu fragen, was denn eigentlich hinter
206 1653 1056 1744 behauptet, sie habe vor nichts Achtung, sie trockne
1085 1671 2565 1744 mit Erstaunen folgt, denn die Paare drehen sich in so dieser Ironie stehen kann.
224 1722 1056 1787 aus: das ist nicht wahr! Nein! durchaus nicht
1085 1729 2080 1794 schwindelnder Schnelligkeit und die Musik ist manchma
2203 1697 3122 1794 Und zum Schlusse möchte ich noch die Frage auf¬
1082 1773 1534 1841 so füß und melancholisch.
221 1769 1053 1834 maliziöse „Chat noir, der vor Vergnügen zu
2113 1758 3126 1841 werfen, warum diese Art von Theater, wie wir sie in
217 1820 1053 1881 anfing, als Donnay eines Abends die Schwelle
1172 1791 2080 1877 Und das ist kein bloß äußerlicher Vergleich, dem
2113 1827 3133 1910 Porto-Riche, Donnay und Schnitzler finden, so viele Reize
213 1859 1045 1928 nen Wirtes Rodolphe Salis überschritt, dort au
1074 1863 2084 1921 Schnitzler besitzt vor allem ein musikalisches Temperament
2116 1870 2391 1939 für uns bietet
213 1917 1049 1968 martre, und der — mögen ihn die werten Herren
1082 1914 2091 1975 und darum üben seine Gestalten auf uns eine so große
2207 1892 3122 1990 Ganz einfach, weil im Theater wie im Leben, es
213 1957 1042 2011 den nicht übel nehmen — ihn bis in die „Akademie
1082 1957 3129 2033 Suggestionskraft aus. Die Musik ist nicht immer heiter: glücklicherweise viele Menschen gibt, die das Feine groben
1071 1997 1849 2076 dennoch aber drehen sich lächelnd die Paare.
210 1997 1045 2062 gleitete, dieser maliziöse „Chat noir" ist in
2113 2019 3126 2073 Effekten vorziehen, die wissen, daß die Dinge, die man
213 2040 1045 2109 i sehr rätselhaftes Tier, dem man nicht gleich auf
2105 2069 3126 2123 errät, viel tiefer ergreifen als die, die drastisch vor uns
224 2095 1045 2156 kommt. Man müßte vorher von Montmartre
2113 2109 3126 2163 stehen, daß ein Händedruck oft mehr beunruhigt als ein
1172 2091 2087 2181 Der „Esprit du coeur“ auf dem Theater kann
221 2134 1049 2199 sigen, die Seine überschreiten, und dort beim Quai
2113 2156 3129 2210 Kuß, daß Hände, die sich suchen, manchmal mehr sagen als
1078 2167 3122 2257 also verschiedene Gestalten annehmen, denn Sie werden Lippen, die sich finden, und schließlich, daß es kein noch so
210 2181 1042 2246 sich zu einem alten Bouquinist flüchten (was
1074 2214 2084 2272 zugestehen, daß im Prinzip kein größerer Gegensatz be¬
213 2232 1042 2286 Ziemlich schwer wäre, da die alten Bouquinister
2109 2246 3118 2304 bitteres, noch so tief trauriges, noch so verzweifeltes Gefühl
1082 2261 2080 2315 stehen kann, als der „Chat noir" und ein „Wiener
210 2283 1042 2344 jener werden): da müßte man eine alte Ausgabe
2105 2293 3133 2377 gibt, das sich nicht in einem ... Lächeln wiederspiegeln
1074 2304 2084 2359 Walzer“. Doch halte ich ihn immer für sehr willkommen
213 2326 1031 2391 sais, einen Original-Beaumarchais mit Kupfer
2102 2330 2243 2406 könnte.
1078 2355 2080 2406 auf dem Theater, wenn er uns ein interessantes Bild
224 2373 1035 2427 „Comédies et Proverbes" von Musset finden
1082 2395 2080 2449 hervorzaubert oder wenn er uns plötzlich eine Situation
213 2416 1042 2474 schon spät sein wird, wenn Sie sich zufällig noch
1078 2442 2087 2496 oder einen Charakter ganz eigenartig lebendig macht. Man
210 2467 1038 2529 Galerien des „Odéon" aufhalten, und ein Buch
1085 2489 2087 2547 soll mich nicht mißverstehen: Ich habe durchaus nicht die
206 2518 1035 2572 ers von Meilhac und Halévy aufschlagen, da
1078 2536 2087 2594 Absicht, dem banalen Wortspiele oder Preziositäten der
199 2554 1031 2612 e plötzlich mit Erstaunen auf Ihrer Schulter ein
1078 2579 2084 2659 Sprache das Wort zu reden. Gerade auf dem Theater
199 2608 1038 2666 . Wenn Sie dann den Kopf wenden, werden Sie
1071 2615 1490 2695 gibt es nichts Hohleres
195 2655 1027 2706 fte schwarze Katze, den „Chat noir" bemerken
1172 2648 2080 2724 Sie erinnern sich an die berühmte Balkonszene in
206 2691 1027 2767 mten Vertreter der französischen „Blague,
1074 2717 2073 2771 „Cyrano, wo er die Preziöse Roxane zu überzeugen sucht
210 2749 1027 2800 werden Sie das Buch schließen, und da Si¬
1071 2764 2087 2818 daß es eine Sünde sei, in einer so berauschenden Nacht
203 2793 1031 2847 daran verwenden werden, um mit diesem „Chat
1071 2814 2066 2894 an geistreiche Pointen und sogenannte schöne „Pointen
217 2840 1027 2905 Ihnen sicher gefallen wird, Bekanntschaft zu
1064 2847 1263 2923 zu denken.
224 2890 1020 2937 werden Sie dann nicht mehr genau
1176 2880 1932 2981 „Je crains tant que parmi notre alchimie exquise
206 2927 1017 2999 er Ihnen erschienen ist: War es bei der „Belle
1176 2955 1751 2995 Le vrai du sentiment ne se volatilise,
213 2977 1031 3053 bei der „Petite Marquise" oder bei
1187 2966 1888 3042 Que l'âme no se vide à ces passe-temps vains,
1179 3024 1830 3078 Et que le fin du fin ne soit la fin des fins.
1205 3064 1888 3147 — Mais l'esprit erwidert immer Roxane,
195 3053 1013 3136 Gemüt kennen Sie alle. Es ist — wie soll in
1067 3097 1302 3194 und Cyrano:
192 3126 1013 3183 in durchaus wienerisches Element, das wir schon
1183 3151 1802 3227 „Je le hais dans l'amour ! C'est un crime
188 3169 1009 3234 rzer, Raimund und Bauernfeld finden. Un
1176 3176 1914 3277 Lorsqu'on aime de trop prolonger cette escrime.
188 3212 1006 3292 ich diesen „Esprit du coeur“ bei Schnitzle
1179 3259 1823 3303 Le manent vient d'ailleurs inévitablement,
195 3259 998 3314 dem Worte „Gemüt bezeichnen, das der Berlin
1187 3281 1997 3350 — Et je plains ceux pour qui ne vient pas à manent !
195 3314 995 3364 lität zu nahe kommt, und ich ziehe es vor, ih
1179 3324 1982 3382 Où nous sentons qu'on nous une amour noble existe,
195 3361 991 3422 zu vergleichen, das für Sie viel lebendiger i
1176 3375 1932 3433 Que chaque joli mot que nous disons rend triste:
1168 3379 2073 3476 Sie wissen alle wie wahr das ist und wie jedes hübsche
1056 3458 2076 3542 Wort, das wir auf dem Theater hören, uns oft traurig
