3344 4320
1323 237 1797 329 box 44/10
264 229 409 336 13.
463 229 1136 348 Miscellaneous
2306 1048 3246 1132 besser sind als mein Original. Mir gefällt zum
363 1048 2275 1147 Herr aus Wien, ließ sich bei meiner Frau melden aus gerecht wurde. Wie alle wahrhaft bedeutenden
2306 1113 3243 1174 Beispiel die deutsche Fassung des zweiten Actes
1334 1132 2275 1189 Männer, war ich gewissermaßen von Geburt aus
359 1132 1312 1193 und ersuchte um die Ermächtigung, meine Dramen
1327 1159 3254 1227 unfähig, den Gebrauch irgendeiner fremden von „Ein Teufelsker!“ ungleich besser als meine
363 1185 1308 1239 ins Deutsche übersetzen zu dürfen. Meine Frau
1338 1204 3246 1266 Sprache zu erwerben; aber ich bin so erfüllt von eigene Version, ganz abgesehen davon, daß die
371 1220 1304 1277 erklärte ihm in sehr höflichen Worten, daß den
1338 1243 3246 1319 deutscher Musik und folglich von deutscher Poesie Sache in Trebitsch's Fassung viel bühnenfähiger ist
363 1269 1308 1323 mancherlei Schwierigkeiten im Wege stünden, und
2306 1296 3246 1361 als in der meinigen. Was mich in Erstaunen ver¬
1396 1304 2275 1357 thatsächlich habe ich ja in meiner Kunst von
367 1308 1308 1365 zwar Schwierigkeiten, die vorwiegend durch die
2317 1334 3243 1384 setzt, ist nur das Eine: daß jemand, der selbst
1338 1334 2279 1396 Mozart mehr als von irgendeinem dramatischen
371 1354 1308 1407 Gesetze über das Urheberrecht und durch Fragen
2317 1380 3250 1434 schreiben kann, seine eigenen Werke vernach¬
1334 1380 2275 1445 Dichter gelernt —, daß ich schließlich zur Ueber¬
367 1399 1308 1453 geschäftlicher Natur bedingt würden. Herr
2306 1422 3246 1487 lässigt, um die eines fremden Autors zu über¬
367 1422 2275 1495 Trebitsch erwiderte, daß er überrascht sei, eine zeugung gekommen bin, ich verstehe deutsch¬
2313 1468 2420 1530 setzen
184 1449 348 1552 Wienern
367 1464 2275 1533 vernünftige Dame in solcher Weise reden zu Manchmal spreche ich sogar deutsch, und alle meine
2355 1476 3243 1556 Der gute Trebitsch hat in Wien einen Neben¬
375 1522 2287 1579 hören, daß so prächtige Stücke wie die meinigen Freunde stimmen darin überein, daß in ganz
184 1522 336 1575 rden,
2302 1545 3243 1602 buhler, Herrn Dr. Leon Kellner. Obwohl ich seit
1346 1552 2279 1610 Europa niemand so deutsch sprechen kann wie
187 1568 340 1617 theilen,
367 1572 1308 1621 in den närrischen englischen Theatern vollständig
2310 1591 3246 1648 Jahren nicht das Vergnügen hatte, ihn zu
1342 1595 2283 1675 ich. Ich kann Schiller verstehen, weil ich mich ent¬
184 1614 348 1667 manns
367 1617 1308 1663 verloren gingen, daß Wien und nur Wien allein
2306 1633 3243 1690 treffen, kenne ich Dr. Kellner doch persönlich.
1334 1640 2275 1705 sinne, ganz wie er gefühlt und gedacht zu haben
184 1656 348 1717 nämlich
379 1656 1312 1705 sie zu würdigen verstehe, daß er die Stücke ins
2310 1675 3262 1728 Im Jahre 1898 wurde ich von einer Reihe von
1342 1682 2275 1740 als ich acht Jahre alt war, und ich habe nich
260 1698 340 1747 das
371 1698 1312 1747 Deutsche übersetzen könne, wolle und würde, und
2302 1725 3258 1774 Unglücksfällen betroffen. Hermann Bahr hat
1334 1728 2275 1786 den leisesten Zweifel, daß, wenn ich Goethe be¬
191 1747 1308 1793 fen und daß er nicht den ganzen Weg von Oesterreich nach
2310 1755 3262 1816 bereits erzählt, wie meine Gesundheit infolge
187 1778 340 1843 der Ehe¬
367 1767 2287 1835 London gemacht habe, um allerlei Tüfteleien über gegnet wäre, ich in ihm einen sehr fähigen
2306 1809 3250 1862 hartnäckigen Theaterbesuches in die Brüche
1342 1812 2279 1866 Schüler gefunden haben würde. Beethoven und
191 1828 344 1877 rt mich
371 1824 1312 1881 das Urhebergesetz anzuhören. Meine liebe Frau
2317 1847 3254 1900 ging; dazu verletzte ich noch mein Bein und ein
1346 1855 2279 1908 Wagner kenne ich durch und durch. Als mir daher
184 1862 348 1931 Männer
1036 1874 1319 1931 Um ihn zu
367 1870 983 1950 war ganz niedergeschmettert.
2332 1885 3246 1946 Stück des Knochens mußte entfernt werden.
658 1900 2279 1962 lud sie ihn zum Lunch die Uebersetzungen meiner Stücke, die Herr
206 1900 616 1988 irgend besänftigen,
2332 1931 3254 1992 Während ich nach dieser Operation noch Recon¬
1338 1946 2290 2004 Trebitsch besorgt hatte, zu Gesicht kamen, war
195 1950 344 2011 Damen
367 1962 1312 2011 ein. Er kam und — er zerschmetterte auch mich
2306 1973 3258 2034 valescent war, absorbirte mich die Abfassung
1338 1981 2275 2042 mir nichts daran unverständlich als die Irrthümer
191 2000 352 2053 oft, daß
375 2004 1312 2061 Ich kann niemals einem Mann widerstehen, der
2310 2023 3250 2076 meines Buches „Der vollendete Wagnerianer" so
1342 2030 2283 2095 von denen ich sofort mehr erzählen werde. Eine
191 2038 344 2095 lbst ihr
371 2046 1312 2095 es — mit was immer es sei — ernst meint
2313 2057 3258 2118 vollständig, daß ich eines Morgens die Treppe
1338 2072 2279 2134 gute Uebersetzung ist nicht nur die Sache eine
195 2088 348 2141 ich mich
375 2088 1315 2137 Er behauptete, und das in den Tönen tiefster
2317 2107 3258 2164 hinunterfiel und den Arm brach. So wurde ich
375 2115 2287 2183 Ueberzeugung, daß ich ein Schriftsteller von gründlichen Kenntniß einer Sprache. Es gehört
199 2130 348 2183 sonders
2317 2145 3250 2210 zwiefach invalid und in diesem Zustand entdeckte
1342 2157 2294 2214 vielmehr auch eine gewisse Divinationsgabe dazu.
191 2172 344 2229 Polizei¬
375 2172 1315 2233 europäischer Bedeutung, ein zum Denken an¬
2313 2195 3246 2248 mich Kellner, der mich an einem Tage besuchte
1354 2202 2287 2256 Wie tüchtig ein Mann als Linguist auch sei, wie
195 2218 1319 2287 sizt mich regender Denker, ein berückender Dramatiker sei,
2317 2233 3250 2287 an dem ich einen wohlbekannten Londoner
379 2245 2287 2317 mit magischen theatralischen Kräften und mit sehr er die Sprache auch beherrsche, das Werk,
199 2260 348 2313 werden
187 2279 3262 2375 ante oder meerestiefem Blicke in menschliche Charak¬ das er im Original zu erfassen unfähig war, das Journalisten, H. W. Massingham, und einen be¬
1350 2321 3258 2386 kann er auch nicht in eine andere Sprache über rühmten Arbeiterführer im Parlament, John
195 2348 1319 2397 fen, an tere und menschliches Geschick. In all dem
2321 2375 3258 2420 Burns, bei mir bewirtete. Beide Herren waren
1346 2378 2283 2436 tragen, und wenn er nicht imstande ist, einer
191 2382 1323 2459 Das ist war ich mit ihm vollständig eines Sinnes. Solche
2321 2417 3262 2466 zu mir gekommen, um meine letzten Worte
375 2417 2294 2485 Meinung stempelte ihn in meinen Augen zu einem eigenen dramatischen Dialog zu schreiben, kann
2313 2447 3254 2505 entgegenzunehmen, weil das Gerücht erzählte,
1346 2462 2287 2520 er auch nicht eines anderen Menschen dramati¬
191 2447 344 2527 Aus
382 2482 1319 2535 Mann von seltenem und durchdringendem Ur¬
2313 2489 3258 2550 daß ich an verschiedenen durch Vegetarianismus
1350 2505 2287 2570 schen Dialog übersetzen. Trebitsch nun hat sich
203 2512 352 2570 Stücken
375 2516 1327 2573 theilsvermögen. Ich gab ihm deshalb auch die
2313 2539 3250 2615 herbeigeführten Krankheiten sterbend darnieder¬
375 2547 2287 2615 weitestgehende Ermächtigung, seine Ansichten nach beiden Richtungen erfolgreich versucht. So
199 2562 352 2619 bleiben
2313 2585 3254 2635 liege. Kelner zeigte sich als ein Mann von un¬
1342 2581 2287 2654 vermochte er es, sich den Sinn meiner Stücke
184 2593 344 2665 zu reser
379 2600 1319 2658 über mich in allen deutschsprechenden Landen und
1346 2619 3258 2696 anzueignen und sie neu zu schaffen. Ja noch endlichem Wissen. Er sprach mit Massingham
195 2646 356 2707 daß ich
382 2642 1323 2707 den angrenzenden Ortschaften thatkräftigst
1354 2665 3262 2738 mehr, für diesen bestimmten Zweck hat er sich über englische Literatur, von der er mehr weiß
184 2684 352 2749 ch war
379 2688 1235 2761 zu verbreiten. Ich bin viel zu
2317 2707 3254 2765 als irgendeiner von uns. Er spielte mit Burns
1350 2715 2290 2776 zum Bernhard Shaw umgewandelt und ist in
386 2715 1323 2784 scheiden, um dergleichen Dinge von mir
191 2738 359 2803 kam ein
2313 2753 3258 2803 Billard, und dieweil er meine Dramen gelesen
386 2757 2267 2833 selbst so frei zu behaupten; wenn ich aber irgend¬ Wahrheit eine von dem Autor der „Genesung
2317 2791 3254 2860 hatte, erwies er sich mir gegenüber durch die deli¬
172 2784 348 2860 elster
1354 2807 2290 2864 und seiner übrigen eigenen Arbeiten vollständig
379 2814 1323 2875 einen anderen Menschen finde, der intelligent
2317 2833 3258 2891 cateste Schnleichelei überaus gefällig; denn seine
184 2853 352 2902 on Sieg¬
1350 2853 2290 2910 verschiedene Persönlichkeit geworden. Zuweilen
382 2868 1323 2933 genug ist, sie zu sagen, dann bin ich viel zu
2317 2883 3250 2963 Complimente machten den Eindruck der gründ¬
191 2887 359 2937 ter zum
1342 2898 2290 2948 verbindet sich eine gewisse Verfeinerung und Zart
180 2898 1040 2975 re Aus¬ höflich, um ihm zu widersprechen.
2317 2929 3105 2994 lichsten und absolut unparteiischen Kritik.
1354 2933 2290 2998 heit seines Stils mit der drastischen Rauheit des
424 2929 1323 3009 Was nun die Uebersetzung anlangt, so muß
184 2960 356 3028 hat in
2367 2952 3254 3055 Unglücklicherweise befindet sich unter meinen
375 2983 2321 3063 ich sagen, daß Trebitsch seinem Versprechen durch meinigen, so daß manche Theile der Uebersetzung
187 3449 348 3533 hrt zu
187 3510 344 3579 solde¬
184 3568 344 3629 legt der
191 3610 344 3663 rizonts,
187 3648 348 3721 Schiffs¬
184 3736 344 3812 es auf
184 3801 348 3858 chwarz¬
187 3847 344 3900 endlicht
187 3893 344 3946 geht ein
187 3935 340 3984 el, das
191 3977 348 4030 erfließt,
191 4023 344 4084 sieht der
187 4061 340 4130 neiner
195 4145 344 4214 in sich
