<?xml version="1.0" encoding="UTF-8" standalone="yes"?>
<PcGts xmlns="http://schema.primaresearch.org/PAGE/gts/pagecontent/2013-07-15" xmlns:xsi="http://www.w3.org/2001/XMLSchema-instance" xsi:schemaLocation="http://schema.primaresearch.org/PAGE/gts/pagecontent/2013-07-15 http://schema.primaresearch.org/PAGE/gts/pagecontent/2013-07-15/pagecontent.xsd">
    <Metadata>
        <Creator>prov=READ-COOP:name=PyLaia@TranskribusPlatform:version=2.12.1:model_id=39995:lm=provided:date=29_03_2024_17:55</Creator>
        <Created>2019-10-07T20:39:24.759+02:00</Created>
        <LastChange>2024-03-29T17:55:46.083+01:00</LastChange>
        <TranskribusMetadata docId="224465" pageId="9580119" pageNr="45" tsid="156506476" status="IN_PROGRESS" userId="40391" imgUrl="https://files.transkribus.eu/Get?id=GXCBFOBUYCHAPJLGKCHFUPHU&amp;fileType=view" xmlUrl="https://files.transkribus.eu/Get?id=GAQVPZQPATRCAMRHDDZQECIU" imageId="6208546"/>
    </Metadata>
    <Page imageFilename="224465_0045.jpeg" imageWidth="3344" imageHeight="4256">
        <ReadingOrder>
            <OrderedGroup id="ro_1712662338145" caption="Regions reading order">
                <RegionRefIndexed index="0" regionRef="tr_1"/>
            </OrderedGroup>
        </ReadingOrder>
        <TextRegion orientation="0.0" id="tr_1" custom="readingOrder {index:0;}">
            <Coords points="277,191 277,3689 2575,3689 2575,191"/>
            <TextLine id="tr_1_tl_1" custom="readingOrder {index:0;}">
                <Coords points="265,235 425,215 584,265 1140,283 1136,195 1083,173 937,199 829,158 504,150 437,185 263,160"/>
                <Baseline points="277,217 320,217 363,220 406,223 450,220 493,220 536,222 580,225 623,228 666,229 710,229 753,231 796,234 839,235 883,237 926,238 969,238 1013,239 1056,242 1099,248 1143,259"/>
                <TextEquiv>
                    <Unicode>13. Miscellaneous</Unicode>
                </TextEquiv>
            </TextLine>
            <TextLine id="tr_1_tl_2" custom="readingOrder {index:1;}">
                <Coords points="1324,265 1481,269 1511,251 1653,273 1669,259 1719,285 1743,263 1762,275 1800,259 1798,195 1758,189 1735,209 1665,175 1589,175 1515,229 1471,203 1322,195"/>
                <Baseline points="1334,244 1360,244 1386,245 1412,246 1438,248 1464,250 1491,250 1517,250 1543,252 1569,254 1595,256 1621,257 1648,259 1674,257 1700,256 1726,256 1752,256 1778,256 1805,253"/>
                <TextEquiv>
                    <Unicode>box 44/10</Unicode>
                </TextEquiv>
            </TextLine>
            <TextLine id="tr_1_tl_3" custom="readingOrder {index:2;}">
                <Coords points="985,1067 1035,1073 1039,1069 1051,1071 1061,1063 1083,1069 1083,987 1059,983 1051,975 1021,995 1007,995 995,1005 985,1005"/>
                <Baseline points="996,1035 1026,1035 1056,1035 1086,1035"/>
                <TextEquiv>
                    <Unicode>﻿128</Unicode>
                </TextEquiv>
            </TextLine>
            <TextLine id="tr_1_tl_4" custom="readingOrder {index:3;}">
                <Coords points="1597,1059 1753,1085 1790,1069 1820,1093 1884,1099 1938,1077 1980,1079 1978,1039 1908,1025 1818,1033 1745,997 1679,1025 1593,991"/>
                <Baseline points="1605,1053 1630,1053 1655,1053 1680,1055 1706,1056 1731,1056 1756,1057 1781,1059 1807,1061 1832,1062 1857,1064 1882,1066 1908,1067 1933,1069 1958,1071 1984,1068"/>
                <TextEquiv>
                    <Unicode>Deutsche Rundschau.</Unicode>
                </TextEquiv>
            </TextLine>
            <TextLine id="tr_1_tl_5" custom="readingOrder {index:4;}">
                <Coords points="979,1144 2570,1208 2568,1168 2426,1132 977,1103"/>
                <Baseline points="987,1128 1066,1136 1145,1137 1225,1138 1304,1143 1384,1146 1463,1149 1542,1152 1622,1156 1701,1158 1781,1162 1860,1167 1939,1169 2019,1172 2098,1177 2178,1180 2257,1184 2336,1187 2416,1190 2495,1195 2575,1196"/>
                <TextEquiv>
                    <Unicode>rang, Form und Dasein in höherer Einheit zu verbinden, da hat es lange</Unicode>
                </TextEquiv>
            </TextLine>
            <TextLine id="tr_1_tl_6" custom="readingOrder {index:5;}">
                <Coords points="973,1212 2476,1276 2570,1264 2568,1208 971,1158"/>
                <Baseline points="984,1187 1063,1190 1142,1193 1222,1194 1301,1199 1381,1202 1460,1204 1539,1209 1619,1212 1698,1217 1778,1219 1857,1223 1936,1227 2016,1229 2095,1234 2175,1238 2254,1241 2333,1241 2413,1247 2492,1249 2572,1253"/>
                <TextEquiv>
                    <Unicode>genug gedauert, bis der österreichische Dichter zum deutschen Dichter und</Unicode>
                </TextEquiv>
            </TextLine>
            <TextLine id="tr_1_tl_7" custom="readingOrder {index:6;}">
                <Coords points="985,1262 2466,1328 2572,1322 2570,1262 983,1212"/>
                <Baseline points="996,1244 1079,1244 1162,1249 1245,1252 1328,1256 1411,1259 1494,1262 1577,1268 1660,1271 1743,1276 1827,1279 1910,1283 1993,1287 2076,1289 2159,1292 2242,1292 2325,1300 2408,1304 2491,1308 2575,1310"/>
                <TextEquiv>
                    <Unicode>zum Gemeinbesitz der Nation wurde. Heute liegen solche Schranken am</Unicode>
                </TextEquiv>
            </TextLine>
            <TextLine id="tr_1_tl_8" custom="readingOrder {index:7;}">
                <Coords points="993,1316 2478,1388 2572,1380 2570,1322 991,1260"/>
                <Baseline points="1002,1298 1080,1303 1159,1304 1237,1310 1316,1313 1395,1318 1473,1321 1552,1323 1631,1325 1709,1330 1788,1334 1867,1338 1945,1337 2024,1343 2103,1345 2181,1347 2260,1354 2339,1357 2417,1359 2496,1361 2575,1360"/>
                <TextEquiv>
                    <Unicode>Boden. Die klare Natur und die reife Kunst der Ebner=Eschenbach, die aus</Unicode>
                </TextEquiv>
            </TextLine>
            <TextLine id="tr_1_tl_9" custom="readingOrder {index:8;}">
                <Coords points="979,1366 2568,1434 2520,1374 977,1312"/>
                <Baseline points="990,1354 1069,1359 1148,1360 1227,1365 1306,1369 1385,1372 1464,1377 1543,1379 1622,1384 1701,1387 1781,1390 1860,1393 1939,1397 2018,1399 2097,1402 2176,1406 2255,1409 2334,1414 2413,1416 2492,1420 2572,1423"/>
                <TextEquiv>
                    <Unicode>kernigem Holz geschnitzte Erscheinung und das deutsche Herz des gemütvollen</Unicode>
                </TextEquiv>
            </TextLine>
            <TextLine id="tr_1_tl_10" custom="readingOrder {index:9;}">
                <Coords points="977,1432 2486,1499 2568,1487 2566,1434 975,1380"/>
                <Baseline points="987,1414 1066,1416 1145,1415 1224,1421 1304,1426 1383,1432 1462,1435 1541,1436 1621,1438 1700,1444 1779,1447 1858,1448 1938,1454 2017,1456 2096,1459 2175,1464 2255,1468 2334,1471 2413,1474 2492,1477 2572,1477"/>
                <TextEquiv>
                    <Unicode>Steirers Peter Rosegger, sind es nicht fast die ehrwürdigsten Namen der</Unicode>
                </TextEquiv>
            </TextLine>
            <TextLine id="tr_1_tl_11" custom="readingOrder {index:10;}">
                <Coords points="967,1487 2438,1553 2568,1553 2566,1487 963,1418"/>
                <Baseline points="978,1468 1057,1473 1137,1474 1217,1478 1296,1483 1376,1486 1456,1489 1535,1492 1615,1496 1695,1501 1775,1504 1854,1507 1934,1510 2014,1513 2093,1516 2173,1521 2253,1523 2332,1526 2412,1531 2492,1531 2572,1531"/>
                <TextEquiv>
                    <Unicode>älteren Generation unserer Gesamtliteratur? Gesellen wir zu ihnen von den</Unicode>
                </TextEquiv>
            </TextLine>
            <TextLine id="tr_1_tl_12" custom="readingOrder {index:11;}">
                <Coords points="973,1545 2560,1609 2556,1547 971,1499"/>
                <Baseline points="981,1528 1060,1530 1139,1531 1218,1535 1297,1540 1376,1543 1455,1547 1534,1549 1613,1554 1692,1557 1772,1562 1851,1564 1930,1567 2009,1572 2088,1574 2167,1576 2246,1579 2325,1581 2404,1586 2483,1589 2563,1587"/>
                <TextEquiv>
                    <Unicode>unlängst Dahingegangenen den elegischen Österreicher Ferdinand v. Saar und</Unicode>
                </TextEquiv>
            </TextLine>
            <TextLine id="tr_1_tl_13" custom="readingOrder {index:12;}">
                <Coords points="971,1595 2560,1669 2556,1601 2030,1613 1926,1575 969,1545"/>
                <Baseline points="981,1584 1060,1586 1139,1590 1218,1591 1297,1596 1376,1598 1455,1605 1534,1606 1613,1611 1692,1614 1772,1619 1851,1620 1930,1624 2009,1626 2088,1631 2167,1632 2246,1638 2325,1638 2404,1643 2483,1646 2563,1650"/>
                <TextEquiv>
                    <Unicode>den schwerblütig zerrissenen Mähren J. J. David, unter den Lebenden die</Unicode>
                </TextEquiv>
            </TextLine>
            <TextLine id="tr_1_tl_14" custom="readingOrder {index:13;}">
                <Coords points="973,1657 2562,1725 2524,1661 971,1597"/>
                <Baseline points="984,1641 1063,1646 1142,1649 1221,1651 1300,1653 1379,1656 1458,1661 1537,1663 1616,1668 1695,1671 1775,1674 1854,1678 1933,1683 2012,1683 2091,1688 2170,1690 2249,1694 2328,1695 2407,1700 2486,1703 2566,1704"/>
                <TextEquiv>
                    <Unicode>formgewandten und dekadenten Talente der jüngeren Wiener Schule, wie</Unicode>
                </TextEquiv>
            </TextLine>
            <TextLine id="tr_1_tl_15" custom="readingOrder {index:14;}">
                <Coords points="967,1709 2554,1776 2520,1719 2303,1701 965,1655"/>
                <Baseline points="978,1698 1061,1701 1144,1704 1227,1707 1310,1710 1393,1714 1476,1719 1559,1722 1642,1724 1725,1730 1809,1733 1892,1737 1975,1741 2058,1742 2141,1745 2224,1748 2307,1750 2390,1754 2473,1758 2557,1757"/>
                <TextEquiv>
                    <Unicode>Hofmannsthal und Schnitzler, den üppig gärenden Most eines Bartsch: wer</Unicode>
                </TextEquiv>
            </TextLine>
            <TextLine id="tr_1_tl_16" custom="readingOrder {index:15;}">
                <Coords points="967,1772 2546,1844 2554,1776 965,1719"/>
                <Baseline points="978,1754 1057,1756 1136,1760 1215,1763 1294,1766 1373,1769 1452,1772 1531,1778 1610,1781 1689,1784 1769,1787 1848,1791 1927,1793 2006,1796 2085,1799 2164,1803 2243,1806 2322,1808 2401,1811 2480,1816 2560,1817"/>
                <TextEquiv>
                    <Unicode>sieht in ihnen Gewächse eines uns fremd gewordenen Erdreichs? And welch</Unicode>
                </TextEquiv>
            </TextLine>
            <TextLine id="tr_1_tl_17" custom="readingOrder {index:16;}">
                <Coords points="961,1818 2490,1898 2552,1882 2550,1836 959,1774"/>
                <Baseline points="972,1811 1051,1813 1130,1817 1209,1820 1289,1823 1368,1826 1447,1830 1526,1835 1606,1838 1685,1841 1764,1844 1843,1847 1923,1851 2002,1853 2081,1856 2160,1859 2240,1863 2319,1865 2398,1871 2477,1873 2557,1871"/>
                <TextEquiv>
                    <Unicode>ein deutscher Dichter ist zu guter Letzt der Tiroler Karl Schönherr, dessen</Unicode>
                </TextEquiv>
            </TextLine>
            <TextLine id="tr_1_tl_18" custom="readingOrder {index:17;}">
                <Coords points="965,1888 2546,1940 2532,1884 963,1824"/>
                <Baseline points="975,1871 1053,1871 1132,1872 1211,1878 1290,1880 1369,1883 1447,1888 1526,1891 1605,1895 1684,1897 1763,1903 1841,1904 1920,1907 1999,1913 2078,1913 2157,1916 2235,1919 2314,1924 2393,1925 2472,1929 2551,1931"/>
                <TextEquiv>
                    <Unicode>starkes er gebornes Talent soeben in seinem „Glaube und Heimat“ mit</Unicode>
                </TextEquiv>
            </TextLine>
            <TextLine id="tr_1_tl_19" custom="readingOrder {index:18;}">
                <Coords points="961,1942 2552,2008 2550,1956 2476,1936 959,1890"/>
                <Baseline points="969,1922 1048,1928 1127,1931 1206,1934 1286,1936 1365,1939 1444,1944 1523,1943 1603,1951 1682,1951 1761,1956 1840,1958 1920,1964 1999,1969 2078,1969 2157,1972 2237,1973 2316,1978 2395,1984 2474,1984 2554,1984"/>
                <TextEquiv>
                    <Unicode>erschütternder Kraft des Gemütes in die Kämpfe der Gegenreformation</Unicode>
                </TextEquiv>
            </TextLine>
            <TextLine id="tr_1_tl_20" custom="readingOrder {index:19;}">
                <Coords points="959,2000 2486,2066 2542,2060 2540,2004 957,1952"/>
                <Baseline points="969,1987 1052,1984 1135,1987 1218,1992 1301,1993 1384,1996 1467,2002 1550,2005 1633,2008 1716,2011 1800,2016 1883,2018 1966,2023 2049,2023 2132,2029 2215,2031 2298,2034 2381,2038 2464,2041 2548,2041"/>
                <TextEquiv>
                    <Unicode>zurückgriff und eines der innerlichsten historischen Dramen schuf, die unsere</Unicode>
                </TextEquiv>
            </TextLine>
            <TextLine id="tr_1_tl_21" custom="readingOrder {index:20;}">
                <Coords points="953,2050 2544,2115 2526,2052 951,2004"/>
                <Baseline points="961,2038 1040,2041 1119,2044 1199,2048 1278,2050 1357,2053 1437,2058 1516,2060 1595,2063 1675,2068 1754,2070 1833,2075 1913,2078 1992,2080 2071,2083 2151,2086 2230,2089 2309,2092 2389,2095 2468,2098 2548,2101"/>
                <TextEquiv>
                    <Unicode>Literatur aufzuweisen hat; erscheint doch diese „Tragödie eines Volkes", wie</Unicode>
                </TextEquiv>
            </TextLine>
            <TextLine id="tr_1_tl_22" custom="readingOrder {index:21;}">
                <Coords points="955,2113 2229,2143 2506,2187 2534,2115 953,2066"/>
                <Baseline points="964,2092 1042,2097 1121,2101 1200,2104 1279,2107 1358,2112 1437,2115 1516,2119 1595,2122 1674,2125 1753,2128 1831,2131 1910,2133 1989,2136 2068,2138 2147,2142 2226,2143 2305,2145 2384,2150 2463,2152 2542,2151"/>
                <TextEquiv>
                    <Unicode>er sie nennt, wie eine Szene nur aus der großen Tragödie unserer Volks¬</Unicode>
                </TextEquiv>
            </TextLine>
            <TextLine id="tr_1_tl_23" custom="readingOrder {index:22;}">
                <Coords points="955,2165 2502,2225 2480,2169 953,2113"/>
                <Baseline points="964,2157 1041,2154 1118,2157 1195,2158 1272,2163 1349,2166 1426,2170 1504,2172 1581,2175 1658,2180 1735,2182 1812,2184 1889,2190 1966,2191 2044,2193 2121,2199 2198,2201 2275,2203 2352,2208 2429,2208 2507,2211"/>
                <TextEquiv>
                    <Unicode>geschichte. Die gleiche Gemeinschaft gilt — ich brauche keine Namen zu nennen</Unicode>
                </TextEquiv>
            </TextLine>
            <TextLine id="tr_1_tl_24" custom="readingOrder {index:23;}">
                <Coords points="961,2225 2289,2287 2542,2285 2540,2215 2261,2237 959,2167"/>
                <Baseline points="972,2205 1050,2210 1129,2212 1208,2218 1287,2220 1366,2225 1444,2228 1523,2230 1602,2235 1681,2237 1760,2241 1838,2245 1917,2247 1996,2250 2075,2253 2154,2256 2232,2259 2311,2262 2390,2265 2469,2268 2548,2271"/>
                <TextEquiv>
                    <Unicode>für die bildende Kunst, für die Malerei und Bildhauerei, vor allem für die</Unicode>
                </TextEquiv>
            </TextLine>
            <TextLine id="tr_1_tl_25" custom="readingOrder {index:24;}">
                <Coords points="951,2283 2542,2339 2540,2289 2484,2273 949,2223"/>
                <Baseline points="961,2262 1040,2267 1119,2268 1199,2271 1278,2274 1357,2280 1437,2285 1516,2286 1595,2289 1675,2292 1754,2295 1833,2299 1913,2302 1992,2307 2071,2307 2151,2310 2230,2311 2309,2316 2389,2321 2468,2323 2548,2327"/>
                <TextEquiv>
                    <Unicode>Musik. Auch das wissenschaftliche Leben erfreut sich, über die natürlichen</Unicode>
                </TextEquiv>
            </TextLine>
            <TextLine id="tr_1_tl_26" custom="readingOrder {index:25;}">
                <Coords points="943,2329 2534,2389 2532,2351 2440,2331 941,2281"/>
                <Baseline points="955,2316 1034,2321 1113,2326 1192,2328 1271,2330 1351,2336 1430,2339 1509,2342 1588,2345 1667,2348 1747,2351 1826,2355 1905,2358 1984,2363 2063,2363 2143,2366 2222,2369 2301,2372 2380,2375 2459,2380 2539,2381"/>
                <TextEquiv>
                    <Unicode>Schranken hinweg, einer unzerstörbaren Einheit; und die deutsch=österreichischen</Unicode>
                </TextEquiv>
            </TextLine>
            <TextLine id="tr_1_tl_27" custom="readingOrder {index:26;}">
                <Coords points="945,2391 2450,2456 2534,2446 2532,2396 941,2325"/>
                <Baseline points="955,2375 1034,2378 1113,2383 1192,2384 1271,2390 1351,2393 1430,2396 1509,2399 1588,2402 1667,2405 1747,2408 1826,2409 1905,2415 1984,2417 2063,2419 2143,2423 2222,2426 2301,2429 2380,2432 2459,2437 2539,2438"/>
                <TextEquiv>
                    <Unicode>Aniversitäten mit ihren Professoren und Studenten, mit ihren Formen und</Unicode>
                </TextEquiv>
            </TextLine>
            <TextLine id="tr_1_tl_28" custom="readingOrder {index:27;}">
                <Coords points="947,2452 2530,2504 2528,2448 945,2391"/>
                <Baseline points="958,2435 1036,2437 1115,2440 1194,2442 1273,2444 1352,2447 1431,2452 1510,2456 1589,2459 1668,2462 1747,2465 1825,2468 1904,2471 1983,2474 2062,2476 2141,2478 2220,2484 2299,2486 2378,2489 2457,2492 2536,2492"/>
                <TextEquiv>
                    <Unicode>ihrem Geiste sind Glieder desselben Corpus academicum, das unserer Nation</Unicode>
                </TextEquiv>
            </TextLine>
            <TextLine id="tr_1_tl_29" custom="readingOrder {index:28;}">
                <Coords points="947,2502 2442,2546 2478,2578 2530,2568 2528,2504 945,2454"/>
                <Baseline points="958,2492 1036,2492 1115,2495 1194,2498 1273,2504 1352,2506 1431,2509 1510,2513 1589,2515 1668,2518 1747,2520 1825,2524 1904,2527 1983,2530 2062,2533 2141,2537 2220,2540 2299,2542 2378,2545 2457,2548 2536,2551"/>
                <TextEquiv>
                    <Unicode>auch in den Tagen der Zerrissenheit die Einheit gewährleisten half. Die</Unicode>
                </TextEquiv>
            </TextLine>
            <TextLine id="tr_1_tl_30" custom="readingOrder {index:29;}">
                <Coords points="947,2564 2524,2618 2522,2580 2440,2560 945,2500"/>
                <Baseline points="958,2548 1036,2550 1114,2552 1193,2555 1271,2560 1350,2560 1428,2565 1507,2567 1585,2572 1664,2574 1742,2578 1820,2581 1899,2584 1977,2587 2056,2590 2134,2594 2213,2596 2291,2599 2370,2602 2448,2605 2527,2605"/>
                <TextEquiv>
                    <Unicode>führenden Namen der Österreicher verehren wir in der uns gemeinsam teuren</Unicode>
                </TextEquiv>
            </TextLine>
            <TextLine id="tr_1_tl_31" custom="readingOrder {index:30;}">
                <Coords points="945,2622 2522,2680 2518,2618 943,2564"/>
                <Baseline points="955,2596 1033,2605 1111,2608 1190,2609 1268,2614 1347,2617 1425,2622 1504,2626 1582,2629 1661,2632 1739,2637 1817,2638 1896,2641 1974,2644 2053,2646 2131,2647 2210,2653 2288,2656 2367,2658 2445,2663 2524,2668"/>
                <TextEquiv>
                    <Unicode>Wissenschaft der Germanistik von Wilhelm Scherer bis Heinrich Brunner,</Unicode>
                </TextEquiv>
            </TextLine>
            <TextLine id="tr_1_tl_32" custom="readingOrder {index:31;}">
                <Coords points="937,2678 2520,2727 2518,2678 935,2624"/>
                <Baseline points="949,2659 1027,2661 1106,2667 1185,2669 1264,2674 1342,2676 1421,2682 1500,2683 1579,2683 1657,2691 1736,2694 1815,2695 1894,2698 1972,2701 2051,2704 2130,2707 2209,2709 2287,2712 2366,2714 2445,2718 2524,2718"/>
                <TextEquiv>
                    <Unicode>wir begrüßen sie auf eigenen Wegen in der Nationalökonomie und in der</Unicode>
                </TextEquiv>
            </TextLine>
            <TextLine id="tr_1_tl_33" custom="readingOrder {index:32;}">
                <Coords points="943,2741 2520,2795 2516,2729 939,2676"/>
                <Baseline points="952,2715 1030,2718 1109,2720 1187,2724 1266,2727 1345,2729 1423,2735 1502,2739 1580,2742 1659,2745 1738,2748 1816,2752 1895,2754 1973,2759 2052,2761 2131,2763 2209,2766 2288,2769 2366,2772 2445,2773 2524,2775"/>
                <TextEquiv>
                    <Unicode>Medizin, und die Geschichtschreibung weiß davon zu sagen, daß neben Sybels</Unicode>
                </TextEquiv>
            </TextLine>
            <TextLine id="tr_1_tl_34" custom="readingOrder {index:33;}">
                <Coords points="925,2785 2480,2861 2524,2851 2522,2801 923,2743"/>
                <Baseline points="937,2775 1016,2775 1096,2778 1175,2779 1255,2784 1334,2787 1414,2792 1493,2794 1573,2799 1652,2802 1732,2805 1811,2808 1891,2812 1970,2814 2050,2817 2129,2820 2209,2823 2288,2826 2368,2826 2447,2832 2527,2835"/>
                <TextEquiv>
                    <Unicode>großem Werk ein Österreicher, Heinrich Friedung, die unbefangenste Geschichte</Unicode>
                </TextEquiv>
            </TextLine>
            <TextLine id="tr_1_tl_35" custom="readingOrder {index:34;}">
                <Coords points="925,2845 2522,2911 2520,2853 2442,2839 923,2783"/>
                <Baseline points="937,2826 1016,2829 1096,2832 1175,2836 1255,2841 1334,2844 1414,2849 1493,2851 1573,2856 1652,2859 1732,2861 1811,2865 1891,2868 1970,2871 2050,2874 2129,2874 2209,2877 2288,2881 2368,2886 2447,2888 2527,2892"/>
                <TextEquiv>
                    <Unicode>des Kampfes um die Hegemonie in Deutschland von 1859—1866 geschrieben</Unicode>
                </TextEquiv>
            </TextLine>
            <TextLine id="tr_1_tl_36" custom="readingOrder {index:35;}">
                <Coords points="937,2909 2514,2973 2510,2911 2416,2899 935,2849"/>
                <Baseline points="946,2886 1024,2889 1103,2892 1181,2893 1260,2898 1339,2901 1417,2905 1496,2907 1574,2912 1653,2912 1732,2917 1810,2921 1889,2924 1967,2926 2046,2929 2125,2931 2203,2933 2282,2936 2360,2939 2439,2943 2518,2945"/>
                <TextEquiv>
                    <Unicode>hat — und daß sie aus dem Lager der Besiegten kam, ist wieder ein seltenes</Unicode>
                </TextEquiv>
            </TextLine>
            <TextLine id="tr_1_tl_37" custom="readingOrder {index:36;}">
                <Coords points="941,2969 2151,3007 2177,2959 939,2907"/>
                <Baseline points="952,2939 1013,2945 1074,2947 1136,2948 1197,2951 1259,2956 1320,2957 1382,2959 1443,2960 1505,2964 1566,2968 1627,2969 1689,2972 1750,2975 1812,2979 1873,2981 1935,2981 1996,2982 2058,2984 2119,2987 2181,2987"/>
                <TextEquiv>
                    <Unicode>Symbol einer innerlichen Versöhnung vergangenen Streites.</Unicode>
                </TextEquiv>
            </TextLine>
            <TextLine id="tr_1_tl_38" custom="readingOrder {index:37;}">
                <Coords points="1025,3019 2512,3082 2508,3021 2337,2997 1023,2967"/>
                <Baseline points="1035,3008 1108,3005 1182,3008 1256,3008 1330,3013 1404,3018 1478,3020 1552,3025 1626,3029 1700,3032 1774,3034 1847,3035 1921,3038 1995,3039 2069,3041 2143,3046 2217,3047 2291,3050 2365,3053 2439,3057 2513,3062"/>
                <TextEquiv>
                    <Unicode>In diesem Österreichertum, fruchtbar und reich auf allen Gebieten,</Unicode>
                </TextEquiv>
            </TextLine>
            <TextLine id="tr_1_tl_39" custom="readingOrder {index:38;}">
                <Coords points="923,3064 2498,3144 2510,3084 921,3013"/>
                <Baseline points="934,3056 1013,3058 1092,3062 1171,3063 1250,3065 1329,3070 1408,3075 1487,3077 1566,3080 1645,3083 1724,3088 1803,3092 1882,3093 1961,3095 2040,3097 2119,3100 2198,3104 2277,3106 2356,3109 2435,3114 2515,3112"/>
                <TextEquiv>
                    <Unicode>enthüllt sich eine Art deutschen Volkstums, die in der Tiefe mit dem unseren</Unicode>
                </TextEquiv>
            </TextLine>
            <TextLine id="tr_1_tl_40" custom="readingOrder {index:39;}">
                <Coords points="931,3126 2504,3184 2458,3122 929,3070"/>
                <Baseline points="943,3109 1021,3112 1099,3118 1178,3118 1256,3124 1334,3126 1413,3129 1491,3133 1569,3133 1648,3138 1726,3144 1804,3146 1883,3148 1961,3151 2039,3154 2118,3157 2196,3160 2274,3165 2353,3168 2431,3170 2510,3169"/>
                <TextEquiv>
                    <Unicode>eins ist, aber in den äußeren Erscheinungsformen sich mannigfach von ihm</Unicode>
                </TextEquiv>
            </TextLine>
            <TextLine id="tr_1_tl_41" custom="readingOrder {index:40;}">
                <Coords points="931,3186 2430,3246 2502,3232 2500,3188 927,3128"/>
                <Baseline points="940,3172 1018,3171 1096,3173 1175,3176 1253,3181 1331,3183 1410,3186 1488,3188 1566,3193 1645,3196 1723,3199 1801,3203 1880,3205 1958,3207 2036,3209 2115,3215 2193,3217 2271,3220 2350,3223 2428,3224 2507,3226"/>
                <TextEquiv>
                    <Unicode>scheidet, eine liebenswürdigere Art des Empfindens und Sich gebens, süd¬</Unicode>
                </TextEquiv>
            </TextLine>
            <TextLine id="tr_1_tl_42" custom="readingOrder {index:41;}">
                <Coords points="925,3244 2504,3304 2502,3254 2219,3224 923,3186"/>
                <Baseline points="934,3223 1012,3228 1091,3229 1169,3232 1248,3235 1327,3240 1405,3243 1484,3247 1563,3250 1641,3253 1720,3256 1799,3259 1877,3262 1956,3265 2035,3268 2113,3269 2192,3274 2271,3277 2349,3282 2428,3284 2507,3286"/>
                <TextEquiv>
                    <Unicode>deutsche Art gewiß, aber auch sie nüanciert durch fremde Rasseneinwirkungen,</Unicode>
                </TextEquiv>
            </TextLine>
            <TextLine id="tr_1_tl_43" custom="readingOrder {index:42;}">
                <Coords points="915,3302 2504,3357 2500,3302 2337,3286 913,3242"/>
                <Baseline points="925,3280 1004,3282 1083,3286 1162,3289 1241,3288 1320,3296 1399,3299 1478,3301 1557,3306 1636,3309 1716,3312 1795,3316 1874,3318 1953,3321 2032,3323 2111,3326 2190,3330 2269,3333 2348,3335 2427,3339 2507,3345"/>
                <TextEquiv>
                    <Unicode>verfeinert und versinnlicht durch ein reicheres Maß weiblichen Fluidums,</Unicode>
                </TextEquiv>
            </TextLine>
            <TextLine id="tr_1_tl_44" custom="readingOrder {index:43;}">
                <Coords points="917,3348 2391,3417 2504,3417 2502,3357 915,3306"/>
                <Baseline points="928,3336 1007,3339 1086,3344 1165,3346 1244,3348 1323,3353 1402,3357 1481,3360 1560,3363 1639,3366 1719,3369 1798,3372 1877,3375 1956,3378 2035,3380 2114,3384 2193,3387 2272,3390 2351,3393 2430,3396 2510,3396"/>
                <TextEquiv>
                    <Unicode>vor allem aber zusammengefaßt in einer besonderen großen und eigenen</Unicode>
                </TextEquiv>
            </TextLine>
            <TextLine id="tr_1_tl_45" custom="readingOrder {index:44;}">
                <Coords points="919,3409 2490,3479 2498,3415 917,3348"/>
                <Baseline points="931,3393 1009,3396 1088,3401 1166,3400 1245,3405 1324,3407 1402,3413 1481,3415 1560,3420 1638,3420 1717,3425 1796,3429 1874,3432 1953,3435 2032,3437 2110,3439 2189,3441 2268,3444 2346,3449 2425,3453 2504,3450"/>
                <TextEquiv>
                    <Unicode>Tradition. Eine Volksindividualität, deren äußere Energien vielleicht nicht</Unicode>
                </TextEquiv>
            </TextLine>
            <TextLine id="tr_1_tl_46" custom="readingOrder {index:45;}">
                <Coords points="913,3469 2500,3531 2498,3477 2394,3455 911,3411"/>
                <Baseline points="925,3450 1003,3453 1082,3458 1161,3459 1240,3462 1319,3465 1397,3468 1476,3471 1555,3477 1634,3480 1713,3482 1791,3485 1870,3488 1949,3491 2028,3494 2107,3495 2185,3497 2264,3503 2343,3503 2422,3509 2501,3509"/>
                <TextEquiv>
                    <Unicode>den unseren gewachsen sind im harten Daseinskampfe, deren innere Form</Unicode>
                </TextEquiv>
            </TextLine>
            <TextLine id="tr_1_tl_47" custom="readingOrder {index:46;}">
                <Coords points="907,3525 2486,3593 2494,3529 905,3469"/>
                <Baseline points="919,3506 998,3509 1077,3512 1156,3513 1235,3518 1314,3518 1393,3524 1472,3527 1551,3530 1630,3533 1710,3538 1789,3542 1868,3543 1947,3545 2026,3546 2105,3549 2184,3555 2263,3560 2342,3560 2421,3565 2501,3560"/>
                <TextEquiv>
                    <Unicode>aber etwas Eigenes und zum Teil überlegenes enthält. Gewiß ist heute dieses</Unicode>
                </TextEquiv>
            </TextLine>
            <TextLine id="tr_1_tl_48" custom="readingOrder {index:47;}">
                <Coords points="913,3583 2387,3645 2492,3643 2490,3591 909,3523"/>
                <Baseline points="922,3566 1000,3566 1079,3569 1158,3573 1237,3575 1316,3578 1394,3581 1473,3585 1552,3587 1631,3590 1710,3595 1788,3597 1867,3602 1946,3605 2025,3605 2104,3609 2182,3611 2261,3617 2340,3619 2419,3621 2498,3626"/>
                <TextEquiv>
                    <Unicode>Österreichertum nicht mehr das Bild unserer eigenen liebenswürdigen Jugend,</Unicode>
                </TextEquiv>
            </TextLine>
            <TextLine id="tr_1_tl_49" custom="readingOrder {index:48;}">
                <Coords points="909,3657 1864,3657 2301,3704 2494,3698 2492,3643 905,3577"/>
                <Baseline points="919,3620 1002,3623 1085,3626 1168,3631 1251,3633 1334,3638 1417,3641 1500,3644 1583,3647 1666,3651 1750,3653 1833,3657 1916,3660 1999,3662 2082,3665 2165,3668 2248,3673 2331,3675 2414,3677 2498,3676"/>
                <TextEquiv>
                    <Unicode>die den Fremden angeblich so teuer ist, es ist nicht mehr das Österreich</Unicode>
                </TextEquiv>
            </TextLine>
            <TextEquiv>
                <Unicode></Unicode>
            </TextEquiv>
        </TextRegion>
    </Page>
</PcGts>
