3344 4384
184 293 1062 420 13. Miscellaneous
1235 300 1719 398 box 44/10
2983 1445 3280 1535 haftig¬
1306 1475 1606 1565 .
270 1486 3287 1602 Staat, die Gesellschaft, die Menschlichkeit an sie den Kampfesreihen zu treten. Welch erfreuliches auch die Fähigkeit des Nu an-sich selbst=Denker
2330 1572 3283 1629 wie es zum Beispiel manchen ostelbischen Interesse
274 1580 2300 1655 stellen. Die Sorgen, welche die Großen bedrücken, Bild boten in dieser und jeder Beziehung die
1306 1621 3246 1696 deutschen Städte Mährens, wie stolz muthete die kreisen eigen ist, ist ihnen nicht eigen, aber
285 1647 1280 1700 lasten auch auf den Kleinen, und einmüthig soll nun
2327 1726 3280 1782 in anständiger Gesellschaft nicht offen gesprochen wur¬
1306 1741 2304 1824 Wiederkehr erotischer Motive. Und dies aus guten
360 1749 1280 1842 Unsere heutige Nummer umsatzt Seiten und
2327 1775 3283 1831 Bei diesem Bemühen ging noch dazu das Vischen Ursprün
1306 1805 1482 1876 Gründen.
270 1794 690 1880 enthält folgende Beilagen:
2330 1824 3283 1876 lichkeit, das sie vielleicht besaßen, verloren; denn sie ahm
1396 1805 2297 1906 Vor Allem ist das unablässige frivole Spiel mi¬
356 1839 1276 1940 Fortsetzung des Romans „Die Lebensgefährtinnen
2330 1872 3287 1921 die Franzosen nicht blos im Stoff, sondern auch in
1298 1869 2300 1951 Gedanken an das andere Geschlecht dem Wesen des Deutschen
274 1899 1028 1985 von Georg Freiherrn v. Ompteda. Seite 41.
2334 1910 3291 1966 Mache nach. Unschwer kann man sich überzeugen, daß sol¬
1306 1933 2300 2000 fremd. Das Volk der Denker denkt nicht so beharrlich an
360 1955 893 2019 Frauen=Zeitung. Seite 19 und 20.
1298 1963 3257 2041 die Weiber als der heißblütige Romane. Wir können es Bücher ganz in der Manier Maupassants, Prevost's
364 1996 1024 2056 Ein Ausflug in den Wienerwald. Seite 23.
2327 2004 3280 2056 Marni u. s. w. geschrieben sind, also undeutsche Machwe
1298 2023 2304 2090 ja deutlich in den Werken unserer großen Dichter bis in
371 2026 1099 2101 Gas= und Wasserfachausstellung 1901. Seite 25
2327 2056 3283 2105 darstellen, die man als nichts Anderes denn als plun
1298 2064 2300 2128 die jüngste Zeit herauf verfolgen, wie der Deutsche sich zu
371 2098 882 2169 Sport. Seite 85 bis inclusive 39.
2334 2101 3287 2150 Speculationen auf die heimliche Sinnlichkeit bezeich
1298 2113 2300 2188 Erotik stellt. Seine Frauen sind ihm zu gut für eine leicht¬
368 2143 732 2203 Militärisches. Seite 45.
2334 2146 3280 2195 kann. Als solche thaten sie in der Regel ihre Wirkung,
1306 2158 2297 2233 fertige Behandlung. In der Regel sind es nur starke, ge¬
2334 2191 3287 2240 denn die Courtisane stets mehr Anbeter hat als die a
1306 2203 2315 2274 waltige Conflicte, die in der Dichtung festgehalten werden.
2334 2236 3287 2289 ständige Frau. Natürlich warfen sich nun die französelnd
1306 2255 2300 2315 Das Kleinleben der Liebe, zumal das anrüchige, galante
2334 2282 3291 2338 jungen Herren in die Brust und stolzirten herum, als hätt
645 2263 949 2364 Feuilleton.
1306 2304 2300 2372 spielt bei dem Deutschen keine Rolle, wenn man ihn nicht
2334 2334 3287 2390 sie den Nationalschatz der deutschen Literatur um eben
1298 2349 2300 2409 wie es leider schon geschieht, mit den Sitten Anderer
2334 2379 3287 2432 viele Meisterwerke vermehrt. Glaubt doch auch Herr v. W.
1306 2394 2297 2462 ankränkelt. Es darf behauptet werden, daß viele Büche
2334 2420 3287 2484 zogen mit seinem „Ueberbreit!“ eine künstlerische That von
1306 2447 2304 2507 der jüngsten Zeit nicht geschrieben worden wären, wenn der
544 2417 1028 2522 Lüsternheit.
2330 2469 3283 2522 bracht zu haben, während er in Wirklichkeit nur das
1306 2480 2300 2548 deutsche Großstädter Paris nicht so nahe hätte. Auch dor
630 2499 964 2574 (Predigt in der Wüste.)
2334 2503 3287 2567 pfefferte Pariser Cabaret mit dem melodienreichen Wien
1313 2525 2304 2608 ist es ja bekanntlich nur eine Insel der Verkommenheit im
2327 2563 3287 2638 Volkssängerthum zusammengeschweißt und anspruchs¬
387 2544 1291 2623 Die dichtende Jugend von heute wehrt sich gegen den
1313 2574 2297 2642 Ocean einer sonst tüchtigen Bürgerschaft, wo die
2334 2608 2822 2683 auf die Bühne gebracht hat.
278 2597 1287 2676 Vorwurf, daß das Erotische ihr Um und Auf sei, oder
1306 2615 2304 2691 „Mondainen" den ganzen lieben Tag nur an Liebes¬
2420 2627 3280 2702 Noch ist das eigentliche Volk unberührt von die
278 2661 1287 2713 vielmehr, sie sucht zu beweisen, daß das so sein müsse und immer
1313 2664 2297 2728 abenteuer denken, oder wenigstens von dergleichen Dingen
2327 2683 3291 2747 verderblichen Anlehnungen an eine entartete Cultur. At
285 2706 1295 2769 so gewesen sei. Zum Theil hat sie Recht. Das Erotische
1313 2713 2304 2773 lesen, weil sich begabte Schriftsteller in ihrem Hunger nach
2334 2739 3291 2792 wehe, wenn es Geschmack daran findet! Sobald eine Nati
285 2751 1295 2814 ausschalten zu wollen aus der Dichtung, hieße der Wahrheit
1313 2754 2304 2822 Gold nicht schämen, ihr Talent an die Sybariten weg¬
2334 2792 3291 2841 immerfort hinter und neben der Liebe hertändelt, soba
289 2803 1291 2859 ins Gesicht schlagen. Es ist das wichtigste Element der
1321 2811 2304 2867 zuwerfen. Es ist dieser Zustand vergleichbar mit dem Ein¬
2334 2837 3291 2889 sie in den Sumpf der Lüsternheit geräth, ist sie verlor¬
285 2848 1287 2908 Lyrik und des Romanes. Was wäre die Welt ohne die
1313 2841 2304 2919 drucke, den Wien auf einen Fremden machen müßte, sofern
2327 2874 3291 2934 Dann kommt wieder ein ungeschlachter nordischer Dar¬
289 2889 1291 2953 Liebe? Nie werden die Menschen müde werden, von Liebe
1313 2889 2304 2953 er es nur nach einigen illustrirten Witzblättern beurtheilen
2327 2931 3291 2987 der von „füßen Mädeln" nichts hält und tritt mit sein
300 2942 1291 3025 singen und erzählen zu hören; es wäre ja trostlos, wenn
1321 2942 2304 3010 sollte. Da findet er die Wienerin nie anders als im Hem¬
2330 2972 3291 3028 groben Füßen alle die Unnatur kurz und klein, bis die a
1310 2979 2304 3051 oder im Tricot abgebildet, auch wenn sie ihrem Dienst¬
293 2987 728 3070 es je anders sein könnte.
2334 3025 3291 3077 Ordnung hergestellt ist, nach der die Kraft eines Voll
394 3006 1291 3096 Aber das Hohelied der Liebe war es auch gar nicht,
1310 3036 2165 3115 mädchen irgendeinen gleichgiltigen Befehl ertheilt.
2334 3066 3291 3118 in seiner Unverdorbenheit liegt. Die Geschichte ist ei
293 3070 1291 3141 was einer gewissen literarischen Richtung der Gegenwart
1422 3062 2300 3152 Jene sogenannte Boulard-Literatur hat nur
2338 3111 3291 3167 furchtbare Lehrmeisterin. Als in Rom die großen Schwei
289 3126 1295 3186 vorgeworfen wurde. Die Tadler sind nicht verstanden
1321 3133 2297 3197 manchen unserer jungen Dichter den Kopf verdreht. Si
2342 3160 3295 3212 igel auftauchten, denen nicht wie Horaz, Ovid, Marti¬
293 3167 1291 3235 worden. Nicht das Erotische an sich meinten sie, sondern
1321 3190 2304 3257 sahen den Erfolg und glaubten ihn auch in ihr Vaterland
2334 3208 3291 3261 Catull blos zuweilen ein Zötchen in die Verse floß, sonde
300 3216 1291 3287 das Lüsterne. Das ist ein erheblicher Unterschied, so
1317 3235 2300 3310 verpflanzen zu können, wenn sie nur von der Liebe redeten
2334 3250 3291 3302 die mit der Zote um ihrer selbst willen hervortraten, wie
289 3265 1298 3321 einer etwa wie zwischen Naturwein und Kunstwein. Gegen
1325 3291 2304 3351 natürlich nicht von der hohen, edlen, sondern von der gemeinen
2327 3298 3291 3351 Poetae latini minores, denen wir die verschiedenen Lus
289 3313 1295 3370 die im jungmodernen Schriftthum sich ausdrückende
289 3343 3280 3479 Lüsternheit wird zu Felde gezogen, nicht gegen die stete die zwar immer vorhanden war, von der aber bis dahin in Priarum, Perrigilium Veneris, Cento nuptis
