3344 4352
1230 197 1700 301 box 44/10
175 205 1041 303 13. Miscellaneous
2309 541 3175 639 Sinn österreichisch und erstritt sich wol ab¬
1711 563 2019 661 Artur Schnitzler
555 571 1418 650 forschung außerordentlich Bedeutendes ge¬
2312 604 3178 710 Österreichs Grenzen überall die größte Hoch¬
563 607 2284 691 leistet hat. Seine Geschichtswerke sind in ihrer ist unbestritten der österreichische Dichter
82 568 538 727 16.7.
563 672 2760 743 klaren Disposition, in ihrer Fülle von Material der am stärksten die geistige Atmosphäre der achtung und Verehrung.
563 732 1328 803 Quellen von immerwährender Bedeutung.
1432 724 2290 784 Zeit vor dem Kriege dichterisch gestaltet hat.
85 710 533 814 unum
2467 721 3011 801 Professor Richard Wettstein,
1426 773 2290 853 Sein Werk ist im besten und im stärksten
2309 784 3066 855 berühmter Naturwissenschaftler, dem
814 776 1153 869 Arnold Schönberg
2312 831 3175 902 Wissenschaft grundlegende Arbeiten über
560 833 1421 913 gehört gleichfalls zu den österreichischen
2303 877 2653 954 Botanik verdankt.
90 820 366 973 E
566 907 1418 954 Künstlern, die sich ihre Anerkennung erst er¬
560 945 1421 1000 kämpfen mußten. Im September 1925 folgte er
112 956 492 1052 PPARAT
563 986 1421 1038 einem Ruf an die Berliner Akademie der
557 1030 1421 1101 Künster als Nachfolger Busonis. Er ist heute
93 1030 465 1109 Volt-Wechselstrom
96 1079 407 1142 verkaufen.
96 1129 342 1200 cando Nr. 87“
101 1175 292 1230 d. Blattes
68 1284 536 1361 Akten und hat einen Na¬
85 1342 533 1418 nationaler Geltung. Ver¬
96 1394 544 1456 ben, die Österreich im
109 1440 538 1497 vertraten, wurden von
98 1470 538 1536 ffen. Hoffmann ist noch
96 1527 544 1577 ei, Neues zu gestalten
98 1574 541 1634 terreichischen Kunst zu
98 1645 276 1724 okoschka
93 1694 541 1768 der letzten zwei Jahr¬
96 1762 544 1825 eigenmächtige, unerhört
93 1803 544 1869 Er war, wie viele Öster¬
107 1853 541 1910 und gelangte vom Aus¬
101 1888 549 1951 und Ansehen. Schon im
98 1940 541 1987 Professor der Dresdner
98 1978 541 2041 ne Bilder hängen heute
101 2025 536 2082 lichen Galerien und in
98 2066 541 2142 gen des Kontinente und
1459 2003 3164 2178 Lebenslängliche Zwangsarbeit für
93 2153 322 2230 ld Redlich,
112 2189 538 2279 hohem Rang, Präsiden
1451 2145 3178 2303 den Mörder seiner Schwägerin
98 2260 546 2325 Akademie für Wissen¬
96 2284 1421 2361 ofessor, der namentlich der repräsentative österreichische Musiker. Die
563 2328 1421 2380 bedeutendsten seiner Werke sind: „Gurre
1691 2303 2932 2391 Ein bestialischer Mord wegen eines Papagei¬
98 2344 536 2426 terreichische Geschichte
563 2372 1413 2426 lieder“, das Streichsextett „Verklärte Nacht
2323 2377 3181 2470 auf dem anderen sieht man nur mehr eine un¬
563 2407 1426 2465 die Musik zu einem Drama „Die glückliche
1525 2394 2164 2498 rialbereit der unde
2323 2451 2640 2511 kenntliche Masse.
571 2451 1429 2530 Hand“, Streichquartette und die „Variationen
1954 2459 2271 2549 Rouen, 12. Juli.
2372 2467 3175 2544 Die Vermutung, daß Bonnet geistig unzu¬
574 2500 836 2588 für Orchester“.
104 2473 527 2604 gramme
1486 2525 3181 2593 Vor den hiesigen Geschworenen steht heute rechnungsfähig sei, wird durch das Gutachten
847 2549 1153 2631 Karl Schönherr,
98 2588 219 2634 heute
1451 2582 3178 2640 Jean Francis Bonnet, höherer Beamter bei der Gerichtspsychiaters widerlegt. Bonnet,
98 2585 1421 2672 scheint täglich. Annahme von der Dichter des österreichischen Bauerntums
1451 2631 3175 2683 einer Versicherungsgesellschaft in Le Havre heißt es dort, sei zwar ein unausgeglichener,
98 2653 538 2705 ch durch Annoncen-Expedition
98 2664 2284 2735 riahilferstr. 7. Tel. R 20-1-26, 27 der in „Glaube und Heimat“, der Glorie des und Bruder eines dortigen angesehenen Arztes
2320 2675 3172 2743 leicht erregbarer Charakter, der auch unter
574 2705 1432 2784 Tiroler Heldenkampfes Bühnenform verlich. Er
2325 2719 3183 2773 gewissen Nachwirkungen von Alkoholgenuß
1478 2719 2268 2784 unter der Anklage, seine Schwägerin, die
2323 2765 3181 2817 leide, aber von einer Unzurechnungsfähigkeit,
104 2738 541 2823 19. Telephon B 20399
1522 2773 2232 2850 Frau dieses Arztes, getötet zu haben.
2323 2806 3183 2866 die ihn der menschlichen Gerechtigkeit ent¬
98 2817 538 2886 m: „Tarakanowa. Be
1448 2828 2295 2894 Und zwar mit den bloßen Händen erschlagen
2323 2855 3030 2927 ziehen würde, könne keine Rede sein.
98 2855 221 2913 10 Uhr.
1448 2883 2298 2932 und mit den Füßen zu Tode getreten zu
2353 2891 3172 2951 Erschütternd gestaltet sich die Zeugenaus¬
303 2888 552 2962 43: 5, 7, 9 Uhr.
98 2905 235 2962 Tel. R
1443 2921 2295 2976 haben. Nach Aussage des Gerichtsarztes war
2320 2935 3178 2998 sage des Bruders Bonnets, der durch die Tat
98 2948 503 3011 Frau“ mit D. Mackaill.
1440 2962 2771 3030 der Kopf der Toten nach der fürchterlichen seine Frau verloren hat.
317 2995 538 3058 24216: „Mo
1459 3011 2298 3060 Tat flach wie eine Brieftasche. Der Grund
2355 3006 3175 3080 „Es stimmt, erzählt Dr. Bonnet, „daß ich
109 3011 546 3118 G. Bankrott u. „Das Lied
1451 3063 3175 3126 dieser Tat? Ein mehr als lächerlicher: Streit meine Frau gegen den Willen meiner Familie
93 3090 221 3148 telmes
1451 3101 1866 3162 wegen eines Papageis!
2323 3112 3175 3172 geheiratet habe. Im Laufe der Jahre aber ge¬
322 3115 549 3189 el. R 22-4-57.
1473 3110 2290 3192 Jean Francis Bonnet kam täglich seine
98 3129 268 3197 straße 5.
2323 3164 3181 3211 lang es, meine Mutter mit meiner Frau zu ver¬
336 3164 552 3243 d. Elefant.
101 3186 232 3243 spiel
1451 3183 2295 3233 82jährige Mutter besuchen, die bei ihrem
2320 3197 3178 3243 söhnen. Auch mein Bruder schlen seine Ab¬
1451 3224 2290 3276 Sohn, dem Arzt, wohnte. Auch am 18. Fe¬
320 3224 557 3284 sabethstr. 3.
98 3224 208 3290 str.
2320 3246 3172 3298 neigung wenigstens zurückgestellt zu haben.
1443 3265 2295 3320 bruar d. J. erschien er zur gewohnten Stunde
317 3265 552 3323 aller in
98 3276 232 3336 rice
2320 3284 3167 3334 Bis auf mehr oder weniger unbedeutende Aus¬
320 3304 546 3372 von Paris"
1445 3309 2298 3364 Doch an diesem Tage war der Papagei seiner
107 3317 208 3386 :
2323 3328 3175 3380 einandersetzungen und Streitereien waren wir
1443 3361 2290 3413 Schwägerin aus dem Käfig gekommen und
2320 3366 3175 3421 in ein ganz erträgliches Verhältnis gekom¬
1440 3396 2298 3462 flatterte im Zimmer frei herum. Darüber
287 3391 519 3459 16165:
104 3380 254 3462 ta. Tele¬
2323 3413 3181 3465 men. Meine Frau erwies sich im Laufe der
107 3432 557 3519 it G. Maues, J. Catelaine.
1451 3448 3172 3509 regte sich Bonnet sehr auf. Er stürzte sich Jahre als äußerst sorgsame Pflegerin meiner
1448 3481 2295 3536 auf das Tier und schlug darauf los. Seine
2320 3498 3178 3555 vollkommen gelähmten Mutter. Wir verlebten
1451 3525 2287 3580 Schwägerin verwies ihm dieses Verhalten und
2323 3544 3175 3596 dreißig Jahre einer vollkommen ungetrübten
347 3517 451 3601 -
1448 3580 3172 3648 rief ihm zu, er soll das Tier in Ruhe lassen. Ehe. Hätte ich nicht eine Tochter, so wäre
101 3574 560 3651 tte“ mit Ramon Novarro.
2320 3634 3178 3681 mein Leben vollkommen sinnlos... Die Tat
1481 3623 2273 3689 Es entstand ein Wortwechsel, im Verlaufe
339 3634 557 3686 II. Taborstr. 8
104 3637 555 3724 KING Tel. R-44.
2323 3672 3167 3727 meines Bruders hatte meine Mutter so erregt
1481 3678 2265 3727 dessen Jean Francis Bonnet von einem
101 3711 557 3790 au" und das große Bei¬
2323 3713 3172 3768 daß sie in eine Krankenanstalt gebracht wer¬
1484 3719 2273 3774 solchen Wutanfall ergriffen wurde, daß es
104 3754 301 3823 und 9 Uhr.
2320 3757 3172 3812 den mußte, wo sie zwölf Tage darauf starb.
1517 3763 2238 3823 zu der bereits geschilderten Tat kam.
2325 3798 3172 3858 Noch auf ihrem Totenbett rief sie im Fieber
295 3790 555 3864 6, 18, 9 Uhr.
109 3801 238 3861 47570
1478 3804 2298 3880 Dies sind aber bloß die äußeren Umstände
2320 3847 3178 3924 nach meiner Frau und meinem Bruder
265 3847 555 3907 Ton-Sprechm
1451 3866 2284 3913 der Tat, denen natürlich tiefere, schon lang
2320 3880 2536 3938 Francis.
183 3861 549 3957 Liebe im Ring
1440 3913 2293 3968 Jahre glimmende Gefühlsmotionen zugrunde
2358 3910 3178 3984 Eigenartigerweise deponieren einige Zeugen,
221 3938 481 3998 Uraufführung
680 3943 2298 4009 der Dichter, der menschlich und liegen. Jean Francis Bonnet stand mit seiner
2325 3957 3178 4030 daß Francis Bonnet als gutmütig und sanft be¬
158 3976 555 4033 Der deutsche Ton- und
585 3992 2295 4063 psychologisch wahrhaftig den Lebenskreis Schwägerin auf sehr schlechtem Fuß, denn er
2320 4011 3142 4066 kannt gewesen sei. Einer von ihnen erzählt:
161 4017 555 4069 Sprechsilm: „Oberleut¬
161 4033 2290 4110 nant Rud!“ (Der schöne, seiner Menschen meist aus dem kraftvollen Ge¬ war seinerzeit ein energischer Gegner de
2361 4060 3172 4110 „Ich sprach mit Bonnet früher einmal über
585 4080 2290 4142 blüt der Natur erfaßte und auf die Bühne Heirat seines Bruders. Sie war nämlich Schü=
158 4096 557 4153 arme Gigolo) mit go
2323 4101 3172 4151 Prozesse und die Haltung der Geschworenen.
1448 4123 2295 4170 lerin des Konservatoriums in Lyon gewesen.
164 4134 694 4181 Sum. Beginn d. Vorstellt
