3344 4352
231 172 1106 312 sans
1284 207 1760 320 b 44/10
643 1348 1870 1486 Bald wandte sich der junge Dichter einer mehr romantisierenden
92 1375 565 1512 hillerpreis.
651 1437 1865 1550 Richtung zu, die sich in seinen letzten Werken immer mehr durchsetzte.
1897 1443 3103 1545 die Schönherrs Landsleute diesem eigenwilligen Talente entgegen¬
129 1480 619 1566 ist, wie die „Neu¬
654 1480 1760 1582 Unter den jüngeren Talenten ist er sicher eines der begabtesten.
1895 1486 3103 1585 bringen. Ueber sein krasses Schicksalsbrama „Familie ist er
1892 1529 3106 1628 in seinem jüngsten Werke „Erde vorwärtsgedrungen, das wir
132 1531 616 1615 rt, soeben verliehen
694 1539 1857 1655 Aus seinen Gedichten („Aus den Tagen des Knaben, geben wir
649 1556 939 1658 folgende Probe:
1889 1564 3106 1663 bald im Berliner Hebbel-Theater sehen werden. Diese Komödie vom
124 1588 616 1663 hardt. Er erhielt ihn
1892 1623 3106 1714 alten Bauern, der in zäher Lebenskraft alle Hoffnungen seiner Erben
126 1634 606 1701 antris der Narr
1128 1612 1383 1717 Die Nacht.
1892 1666 3033 1798 enttäuscht, ist bereits mit dem Bauernfeld=Preise gekrönt worden.
126 1685 616 1755 hung bereits be¬
864 1677 1523 1771 Die Nacht spannt eine goldene Harfe
153 1730 606 1803 zufolge ist der Preis
867 1741 1609 1838 Verschwiegen durch den Traum der Welt,
2414 1741 2586 1819 de
859 1784 1480 1876 All ihre zarten Saiten schwingen,
164 1776 616 1884 soll Karl Schönherr
1943 1784 3092 1881 fe. Es wird gemeldet, daß der Kaiser über den
861 1825 1381 1900 Wenn eine Träne niederfallt.
1878 1798 3098 1930 offiziellen Schiller-Preis, über dem ihm als
864 1870 1539 1951 Wer einsam geht und schon um vieles
231 1854 611 1946 hat bei seinen
1881 1873 3095 1967 König von Preußen die Verfügung zusteht, zugunsten der
853 1927 1480 1994 Erfahren hat, den sucht und wirbt
140 1905 611 1997 Wiener Burgtheater,
1881 1919 3090 2010 Schriftsteller Ernst Hardt und Karl Schönherr
859 1967 1443 2032 Der Harfenklang, der Weihelosen
135 1965 616 2037 im Deutschen Schau¬
1868 1962 3095 2067 verfügt habe. Wenn diese Nachricht die amtlich erst am
859 1994 1537 2080 In Druck des Dunkels klanglos stirbt.
143 2016 606 2086 Eindruck gemacht und
1878 2002 3081 2099 10. November, dem eigentlichen Schiller-Tage, publizier
129 2059 606 2148 gefunden. In Berlin ist
850 2056 1391 2129 Es klagen erdenfrende Leiden
1870 2053 3081 2137 wird, sich bestätigen sollte, würde das literarische Bewußtsein
121 2096 436 2169 führung gelangt.
1881 2088 3079 2199 Deutschlands sich nach längerer Zeit wieder einmal mit einer
848 2080 1488 2175 Mit schweren Tropfen in der Nacht,
1878 2129 2998 2218 Entschließung des Kaisers einverstanden erklären können.
850 2150 1558 2220 Nachts weinen heimlich bleiche Männer,
113 2129 606 2215 des Werk in Versen, be¬
1932 2177 3079 2269 Es bleibt ja immer noch ein Schmerz, daß Gerhart
850 2191 1491 2266 Da Stolz am Tag sie lächeln macht.
132 2201 595 2296 (Der Name „Tantris" is
1868 2201 3076 2312 Hauptmann dieser Ehre niemals teilhaftig geworden
194 2242 597 2320 Es ist das jüngste
853 2236 1634 2347 Es deckt die Nacht mit ihrem Fürstenmantel
1975 2261 3076 2349 Als die relativ stärksten der jetzt schaffenden
845 2293 1405 2379 Die gold'ne Harfe morgens zu.
124 2279 597 2366 zuerst im Frühjahr 1898
1868 2298 3068 2393 Dramatiker hätten dann die beiden Oesterreicher Schnitzler
129 2333 589 2409 geworden ist. Die „Frei¬
1862 2347 3071 2441 und Hugo v. Hofmannsthal zu gelten, und die Freude
118 2382 589 2452 on aus diesem Werke lerni¬
1857 2387 3071 2489 wäre gewiß groß gewesen, wenn der Kaiser sein Auge auf
667 2368 1827 2492 Wie uns weiter aus Wien mitgeteilt wird, hat Karl Schönherr
118 2425 589 2503 sigen erweckte. Seitdem ha¬
1862 2428 3068 2541 diese seinen Köpfe oder auf einen von ihnen gelenkt
624 2444 1822 2543 den Preis für sein Drama „Erde erhalten. Die Entscheidung des
132 2473 584 2546 schöne Resultate gebracht
1860 2465 3065 2562 hätte. Immerhin aber zeigt der Kaiser, indem er
619 2497 1819 2584 Kaisers und die Zuerteilung der Hälfte des Schiller-Preises an Schön
113 2524 584 2600 Kampf um Rosenrote“ be¬
1857 2511 3065 2608 den Preis auf die Herren Hardt und Schönherr
624 2541 1822 2637 hern wurde dadurch aufgehalten, daß die statutenmäßige Aufforderung
1865 2554 3057 2651 fallen ließ, eine gewisse Fühlung mit den Literatur¬
113 2567 584 2643 schen Ideale. Auch sein
619 2589 1825 2675 seine Personalien einzureichen, von Schönherr nicht erfüllt wurde. Er
1854 2592 3055 2697 bestrebungen unserer Zeit, oder zum mindesten hat
118 2611 576 2689 im Gegensatz zu dem gleich,
611 2637 1822 2724 hielt sich zur kritischen Zeit im Gebirge auf und beantwortete die
1854 2645 3052 2726 er, entgegen seiner sonstigen Gewohnheit, seine eigen¬
116 2659 587 2732 off auf einen Akt zusammen.
611 2678 1822 2777 Briefe nicht. Der Kaiser soll trotzdem in die Erteilung des Preises
1854 2680 3057 2796 Meinung im Sinne der ihn beratenden Jury auf¬
110 2713 581 2780 und München großen Erfolg.
1854 2724 2021 2780 gegeben.
611 2726 896 2804 gewilligt haben.
108 2761 579 2829 sich hier mit einer vor¬
1922 2742 3052 2861 Wenn diese beiden Dichter, wie das ja wohl der
659 2777 1817 2866 Karl Schönherr, ein Tiroler Kind, ist von den Wienern als ein neuer
113 2804 576 2904 s Wortes immer eine der
1854 2785 3055 2896 Fall sein müßte, sich in den jetzt zu einer Gesamt¬
608 2807 1809 2920 Anzengruber begrüßt worden, da er seine herbe Kraft der Menschen
1854 2853 3052 2942 höhe von 18,600 Mark aufgelaufenen Preis teilen, so wird
606 2869 1809 2958 darstellung mit Vorliebe den Motiven bäuerlichen Lebens zuwendet. Seit
118 2874 562 2966 steht im 82. Lebensjahre
1844 2890 2877 2979 das junge deutsche Schrifttum nicht nur eine Ehre,
600 2912 1811 3001 Drama „Sonnwendtag spiegelt den Kampf der Weltanschauungen
2904 2931 3052 2985 sondern
108 2939 571 3012 ungen der naturalistischen
1841 2928 3055 3033 in zwei bemerkenswerten Vertretern auch eine kräftige finan¬
600 2963 1811 3055 im neuen Oesterreich: ein abtrünniger Priesterzögling gehorcht dem
1846 2977 2497 3063 zielle Förderung erfahren haben.
110 2990 571 3071 radikale Mittel benutzt,
597 3006 1803 3095 Rufe „Los von Rom und wird von seinem eigenen
100 3041 562 3108 aus begonnen. Dieser
592 3060 1803 3143 Bruder erschlagen. Die Szene, da seine alte Mutter der
129 3081 562 3149 Arbeiten eine frische
1892 3068 3049 3184 Theaterchronik. Bernard Shaws Komödie „Der Arzt
592 3098 1798 3195 Altar, das Symbol ihrer Hoffnungen, in stiller Verzweiflung abräumt
1841 3111 3041 3224 am Scheidewege, die um Deutschen Theater in Vor¬
105 3114 2269 3275 Bunt ist das Leben" läßt in ihrer eindrucksvollen Simplizität Hoffnungen begreifen, und Süd abgedruckt.
1835 3160 3044 3275 bereitung ist, wird im Oktober= und Novemberheft von „Nord
