3392 4256
273 134 875 240 13. Miscella
1316 157 1809 252 b 44/10
1716 1207 1806 1277 166
1149 1301 2344 1406 Spectakel machten. Eine jämmerlich verhunzte Ballade
1156 1365 2339 1459 von des Sängers Fluche machte den Anfang. Herr
1159 1406 2336 1504 rank Weekind, dessen Geist dereinst lichtere Tage
1150 1471 2341 1571 gesehen hat, entblödete sich nicht, mit unsagbar
1152 1513 2338 1600 falscher Stimme und Betonung etliche ebenso lap¬
1146 1567 2329 1654 pische, als von Zoten vollgesättigte Lieder vorzutragen,
1150 1616 2326 1701 worauf er mit linkischer Verbeugung wieder ver¬
1141 1666 2326 1754 schwand. Sodann vernahm das Publicum des Theaters
1141 1713 2329 1807 an der Wien, wo dieser Jungwiener Scandal vor sich
1134 1751 2330 1840 gieng, ein Lied Mädchenreigen aus dem Munde des
1140 1806 2323 1903 Herrn Natzler, wie man es beim erstbesten Volks¬
1134 1861 2324 1937 sänger witziger und besser hören kann. Dann er¬
1131 1913 2323 1985 stürmte Herr Streitmann mit einem öden Soldaten¬
1134 1951 2321 2040 liede die Galerie und hätte mit seinem scheu gewordenen
1137 1999 2320 2099 Tenor beinahe das ganze Theater demoliert. Und nun
1146 2051 2314 2144 brilliertes Hansi Niese mit einem Lied über die
1131 2094 2308 2181 Wanderungen eines Flohes und mit einem altöster¬
1128 2148 2318 2251 reichischen Bauerntanz, worauf schliesslich recht
1122 2193 2308 2284 komisch aussehende Schattenbilder, gestellt von einem
1119 2242 2306 2344 Pariser Beleuchtungsinspector, in Begleitung einer
1128 2294 2311 2387 tief tragischen Musik des Franzosen Fragerolles die
1123 2339 1410 2408 Legende des
1518 2363 2311 2433 Ahasver veranschaulichen sollten.
1122 2390 2312 2486 Jetzt gieng aber auch ein Spectakel los, wie man ihn
1116 2450 1801 2527 in Wien nicht alle Tage erlebt.
1228 2511 2294 2587 Also dieses Jungschweinerne des Herrn Wede¬
1107 2535 2297 2644 kind, diese verballhornte Ballade von Uhland, diese
1111 2605 2284 2701 witz und geistlosen Lieder und diese armseligen
1113 2647 2287 2750 Beleuchtungskünste eines eigens nach Wien berufenen
1119 2695 2290 2799 Beleuchtungsinspectors vom Montmartre sind das
1101 2743 2302 2853 Um und Auf dessen, was uns die Jungwiener Dichter¬
1101 2801 1918 2881 schule zu singen und zu sagen hat?
1219 2853 2285 2952 Wo bleibt der Liebe Augustin, wo bleibt die
1095 2889 2288 2999 Wiener Eigenart und Bodenständigkeit, wo bleibt die
1101 2950 2284 3052 Jungwiener Poesie, von der in hundert Reclameartikeln
1089 3014 2287 3100 und tausend Reclamenotizen so viel Wesens gemacht
1089 3044 2278 3152 wurde? Wo ist Herr Bahr mit seiner neugewachsenen
1086 3107 2276 3195 und frisch aufgebügelten Stirnlocke, wo ist seine
1084 3158 2275 3252 dionysische Pantomime vom Lieben Augustine? Weh
