3392 4256
319 136 1185 268 13. Miscellaneous
1373 177 1857 268 box 44/10
1081 1212 2392 1301 mission einmal für das deutsche Drama eine Lanze zu brechen. So
1081 1292 2389 1347 nahm mit Hochgefühl die Einladung an, obwohl ich immer gegen
1077 1347 2384 1408 alles, was an Menschen aus Japan kommt, eine Abneigung gehabt habe.
1167 1388 2389 1462 Wir blieben also nachher zusammen und sprachen. Frau Nacco
1082 1424 2387 1498 saß schweigend, starr und mit gesenkten Augen daneben. Wenn sie
1081 1489 2385 1565 einmal fragte, war es so, als müßte sie jedesmal um Entschuldigung
1076 1537 2379 1615 ob solcher Künheit bitten. Sie, die auf der Bühne so vielgestaltig
1077 1575 2389 1660 war, saß da wie eine Puppe, wie eine Figur. So gar nichts von
1081 1624 2397 1709 Schauspielerin war an ihr, und es ist sicher, daß die Duse, mit der
1081 1689 2389 1777 man sie so oft verglichen hat im Leben ganz anders ist als die kleine
1087 1727 1790 1797 Japanerin mit den schlanken Händen.
1169 1777 2381 1848 Aber er! Lebendigeres Leben habe ich kaum je gesehen. Und er
1079 1834 2382 1915 war im Leben genau wie auf der Bühne: heiß, übersprudelnd, voll
1073 1877 2382 1962 von Leidenschaftlichkeit. Beim Auftreten hat man ihn ein wenig gar
1081 1939 2382 2009 zu sehr neben der Yacco übersehen, und wenn man hinsah, dachte man,
1077 1980 2377 2058 sein Springen und Gliederverrenken, sein Pfeifen, Zischen und
1079 2031 2379 2117 Zappeln sei mehr Akrobatik als Schauspielkunst. Ein sprühendes
1079 2078 1612 2147 Temperament war er sicher.
1162 2135 2377 2207 Also wir sprachen von deutschen Stücken, und ich habe ihn beson¬
1063 2176 2367 2261 ders auf den Fuhrmann Henschel hingewiesen. Als er nach Schnitz¬
1073 2225 2377 2309 ler fragte, habe ich von „Anatol und der Liebeleit erzählt, Stücken, die
1069 2279 2381 2356 ich liebe, ohne sie nachzufühlen. Aber er winkte schnell ab: „Das ist
1099 2327 2358 2399 ichts für uns. Wir wollen Handlung, keine Träume auf dem Theater.
1154 2384 2372 2456 Und mit diesem „Wir wollen war er bei seinen Plänen an¬
1064 2431 2364 2510 gekommen. Er wollte sich ein Theater bauen, er wollte europäische
1064 2479 2364 2551 Stücke in Japan spielen, er wollte die japanische Bühne reformieren,
1068 2520 2363 2596 er wollte die japanische Schauspielkunst reformieren, er wollte eine
1071 2572 1839 2647 Zeitschrift gründen, er wollte, er wollte.
1158 2621 2367 2701 Es ist ihm alles gelungen: das Theater, die Zeitschrift, die
1068 2670 2359 2745 Bühnenreform, die neben der Nacco auch andre Frauen auf die Szene
1059 2721 2363 2809 brachte, die Reform des Spielplans — er hat Shakespeare, ja sogar
1069 2765 1373 2837 Ibsen gespielt.
1154 2822 2359 2902 Wie lebte er, als er das alles erzählte! Wie glühten seine Augen,
1053 2874 2363 2951 wie sprach sein Gesicht, dieses gelbe, japanische Gesicht, das sonst bei
1064 2915 1988 2987 seinen Landsleuten so starr ist wie eine Maske.
1143 2974 2361 3051 Und es ist ja wohl auch eine Maske. Der Schauspieler aber,
1063 3000 2356 3090 gerade der Schauspieler, mußte die Maske abwerfen, die von den
1064 3069 2353 3152 Japs sonst immer in Europa getragen wird. Er verhüllte sich nicht.
1053 3123 2353 3200 Er zeigte uns, was er wollte, was ganz Japan will —: sie wollen
1055 3174 2351 3245 überall im Wettbewerb sein. Und das fängt niemand an, solch Un¬
1051 3218 2081 3293 ternehmen, ohne die Hoffnung auf den endlichen Sieg.
1146 3272 2356 3335 Es war eine reiche Stunde, dieses Gespräch mit Kawakami, und
1051 3316 2353 3412 es war mehr als die Begegnung mit einem exotischen Schauspieler.
1040 3398 1135 3489 640
