3392 4352
217 229 368 328 13.
400 232 1073 341 Miscellaneous
1263 232 1737 336 box 44/10
138 1439 2085 1500 dem weiteren Käfige produzierte sich ein soge¬ da es aber Frau Odilon selbst sagte, muß es doch so sein
138 1485 2080 1545 denaffe, der jedem Juden die Zuckerln aus Mephisto war ganz entzückt von ihr und da sie noch keiner
138 1532 2085 1592 daß, allen Christen aber seine schwielige Kehr=Tänzer hatte, bot er ihr galant den Arm. So ging die leib¬
1009 1574 1537 1646 haftige Tugend zum Teufel,
136 1579 980 1633 Weiter gab's da einen Aasgeier, der einig
1091 1611 2088 1673 Während das Narrenheer eine ganz närrischtolle
141 1624 989 1683 dern aufgesteckt hatte, und während des süßen
128 1663 2092 1725 Das „Lied der Arbeit“ krächzte und einen Quadrille aufführte, schlenderte ich außerhalb der Kolonnen
123 1710 2095 1784 unk, der zufällig aus der Redaktion der umher, um nun auch jene Masken anzusehen, die da nicht
1012 1749 2095 1801 mittaten. Ich traf Direktor Schlenther, der in der
128 1757 600 1821 sacke ausgekommen war.
118 1801 2100 1873 Sollten wir uns einem Bassin zuwenden, in Maske eines griechischen Weltweisen ungeheuer eilig tat
1012 1828 2083 1888 und behauptete, er müsse sofort Eulen nach Athen tragen
133 1836 975 1898 se Stock= und Tintensische aus der „Kohnkordia
131 1880 2092 1949 men, als außerhalb des Tiergartens eine Fan¬ Anstatt der Eulen hatte er aber Fledermause in einem
155 1925 2092 1976 Mephisto sagte, daß soeben zur großen Qua¬ Käfige bei sich und wurde ausgelacht. Als er darob etwas
136 1964 2095 2036 reten werde, die alle Hauptnarren mittanzen grob wurde, trat Franko Stein in feinster Balltoilette auf
138 2006 2097 2068 en hinaus, um den schönen Anblick nicht zu ver= ihn zu, reichte ihm ein Exemplar des Knigge hin und bot
1019 2055 2097 2115 sich ihm als Lehrer des feinen Tones und der guten Sitten
136 2060 989 2115 htig, da traten die Paare schon an und die
136 2100 2097 2162 nierte die große Narrenquadrille nach dem an. — Auch aus der Hauptstadt Hungariens waren illustre
151 2144 2100 2199 du lieber Augustin, alles ist hin." Ei, welch Gäste herüber gekommen, um den Narrenabend zu verherr¬
141 2184 2090 2245 ild! Gleich als erstes Paar trat Ritter Georg lichen. Der Weise von Ratot Szellbacsi zeigte sich als
133 2233 2095 2287 stüm mit Mama Tschan an, ihnen gegenüber Zauberer, der statt der katholischen Zeichen lauter Formeln
1019 2270 2095 2324 auf seinem Gewande trug und aus dessen Kopf selbst neue
138 2280 992 2332 der Wohltätigkeit", das ewig jugendliche Pau¬
138 2327 2100 2379 sit einem etwas trüb gewordenen Spiegel, Formeln hervorsprühten. Max Falk trug sich als Wunder¬
138 2359 2105 2423 er doch gar huldvolle Blicke zuwarf. Die rabbi von Sadagora und Graf Apponyi als „Ritter
136 2398 2097 2460 berta, selbstverständlich als Friedensengel ge= von der traurigen Gestalt, weil er sich nur auf den Sessel
136 2440 2097 2512 te in holder Harmonie mit Lord Roberts, des Präsidenten des Narrenabendes und nicht auf ein
136 2487 2110 2551 Henkerkostüm aus einem verwichenen Jahr¬ Ministerfauteuil setzen konnte. Franz Kossuth gab sich
136 2529 2095 2601 gelegt; der große Dichter Hals Metzger immerfort, wie gewöhnlich, für seinen eigenen Vater aus. In
141 2569 2112 2645 hrte ein mächtiges Schweinchen in die Reihe, einer Ecke saß Herr v. Krieghammer mit Papierdreispitz
133 2625 2100 2685 das jüngste Kindlein seiner Muse ausgab; Frau und kurzen Höschen und spielte mit vielen Blechsoldaten,
123 2660 2100 2724 te als Zephir mit Herrn Blasel als Jugend; die neuen, hübschen stellte er säuberlich in Reih und Glied
1026 2697 2097 2759 und versprach ihnen allerlei schöne Sachen, wie Sterne,
146 2717 1002 2771 tour als Cupido mit Sonnenthal als
148 2741 2097 2820 Dr. Frischauer war als Göttin der Ge=Borten und Orden, den alten, abgebrauchten aber riß er ein¬
1031 2796 2105 2847 fach die Köpfe aus und warf sie in den Winkel. — Einen
138 2796 1002 2860 erkleidet und tanzte mit Chiavacci, dem der
1034 2830 2105 2899 sehr possierlichen Anblick bot Direktor Mahler, der sich
148 2847 1002 2899 „Frau Soferl vom Naschmarkt ganz reizend
1031 2877 2105 2959 mit dem Federkleide Papagenos geschmückt hatte und auf
148 2889 1002 2944 stand. Das allerschönste in der Quadrille aber
141 2924 1535 2988 Odilon, die behauptete, sie sei als Sinn einer Querpfeife falsch pfiff.
1118 2936 2102 3050 Ein bei Konfiskationen in Wien vielgenannter Herr
138 2976 1026 3055 gend erschienen. Man hätte das kaum geglaubt,
2120 1436 3198 1545 kam in dem Kostüme eines spanischen Großinquisitors auf
2115 1495 2423 1579 mich zugestürzt:
2231 1522 3205 1609 Herr!" rief er, „sind Sie nicht der große Poet Buch¬
2117 1577 2334 1663 binder?“
2201 1611 2596 1700 „Nein, mein Herr."
2203 1636 3124 1735 „Auch nicht der erhabene Dichter Schnitzler?"
2201 1717 2534 1782 „Eben so wenig.
2199 1762 2401 1826 Schade
2201 1772 2574 1873 „Ja warum denn?"
2218 1811 3205 1907 „Weil ich sie beide verhaften will, samt dem Herzl
2216 1885 2682 1952 seinem Musenkinde dort.
2228 1905 3215 2021 Um des Himmels Willen, was haben sie denn ver¬
2117 1976 2292 2050 brochen?
2206 2006 2973 2088 „Attentate auf die gesunde Vernunft.“
2203 2041 3195 2132 „Herr! Das ist unmöglich, meine Lieblingsdichter.
2206 2100 3208 2162 „Was? Das sind Ihre Lieblingsdichter? Dann nehme
2127 2147 3208 2213 ich Sie auch wegen gerichtlich erhobenen Blödsinnes in Ver¬
2127 2203 2334 2273 wahrung!“
2213 2213 3213 2295 Ich prallte entsetzt zurück und wandte mich zur Flucht.
2129 2265 3208 2339 Da stürmte zum Glücke Mephisto daher, breitete seinen
2129 2317 3208 2389 Mantel über mich und wir stürmten durch den nächsten Aus¬
2127 2384 2223 2450 gang
2231 2379 3203 2470 „Das war die höchste Zeit!" sagte Mephisto auf¬
2127 2435 3210 2519 atmend, als wir durch die Lüfte fuhren, „sonst hätten sie mich
2129 2502 2522 2576 noch wirklich gefaßt.
2208 2524 3065 2611 „Dich? Wieso, mich wollte er doch abfassen."
2216 2588 2724 2655 „Ja, er dich und sie mich.
2206 2630 2537 2702 „Welche „Sie“
2221 2643 3208 2736 „Nun, meine schöne Tänzerin von der Narrenquadrille
2132 2707 3092 2791 Vor der kann sich wirklich selbst der Teufel fürchten.
2216 2761 2783 2833 „Was wollte sie dir denn tun?
2228 2773 3065 2857 „In's wirkliche, veritable Narrenhaus....
2218 2818 3215 2899 Da ließ mich der dumme Teufel mit einem male los.
2228 2887 3218 2961 fühlte mit Grausen, wie ich in die Tiefe stürzte. Ein
2139 2934 3223 2991 Ruck, ein fürchterlicher Aufschlag und — ich saß im alten
2139 2973 3225 3035 Lehnstuhle in meiner Stube, die Pfeife war längst verlöscht
2134 3020 3223 3084 und die Lampe ausgebrannt. Element! War ich denn ein¬
2144 3067 3210 3124 geschlafen und hatte mir Mephisto gar keinen Besuch abge¬
2142 3107 3225 3176 stattet: O doch, da lag das fertige Feuilleton=Manuskript
2139 3153 3213 3208 auf meinem Tische. Das kann nur er geschrieben haben
2139 3195 3225 3282 denn ich verwahre mich feierlichst dagegen, solchen Mumpitz
2134 3242 2566 3324 in die Welt zu setzen.
