3344 4320
1278 208 1761 304 box 44/10
226 204 1095 315 13. Miscellaneous
1289 1002 3190 1106 Herr aus Wien, ließ sich bei meiner Frau melden aus gerecht wurde. Wie alle wahrhaft bedeutende
1292 1088 3186 1164 und ersuchte um die Ermächtigung, meine Dramen Männer, war ich gewissermaßen von Geburt au
544 1027 1060 1189 Feuilleton.
1296 1124 3190 1192 ins Deutsche übersetzen zu dürfen. Meine Frau unfähig, den Gebrauch irgendeiner fremden
1292 1174 2238 1224 erklärte ihm in sehr höflichen Worten, daß dem
2270 1178 3186 1228 Sprache zu erwerben; aber ich bin so erfüllt von
451 1174 1117 1303 Ein Teufelskerl.
1296 1217 3193 1278 mancherlei Schwierigkeiten im Wege stünden, und deutscher Musik und folglich von deutscher Poesi
1296 1264 2245 1314 zwar Schwierigkeiten, die vorwiegend durch die
2327 1267 3190 1321 thatsächlich habe ich ja in meiner Kunst von
619 1267 981 1357 Selbstkritik.
1303 1307 3197 1364 Gesetze über das Urheberrecht und durch Fragen Mozart mehr als von irgendeinem dramatischer
1300 1346 2238 1403 geschäftlicher Natur bedingt würden. Herr
523 1317 1063 1428 Von Bernard Shaw (London).
2263 1353 3190 1403 Dichter gelernt —, daß ich schließlich zur Ueber
1292 1382 2241 1446 Trebitsch erwiderte, daß er überrascht sei, eine
2270 1396 3190 1446 zeugung gekommen bin, ich verstehe deutsch
365 1385 2245 1489 Bevor ich die Ehre habe, den Wienern vernünftige Dame in solcher Weise reden zu
2266 1439 3186 1489 Manchmal spreche ich sogar deutsch, und alle mein
319 1439 1264 1514 als dramatischer Dichter vorgestellt zu werden,
1296 1471 2241 1529 hören, daß so prächtige Stücke wie die meinigen
2266 1471 3190 1536 Freunde stimmen darin überein, daß in gan
319 1493 1264 1554 muß ich Ihnen den warnenden Wink ertheilen
1303 1518 2238 1575 in den närrischen englischen Theatern vollständig
2273 1522 3190 1572 Europa niemand so deutsch sprechen kann wi
319 1539 1267 1597 daß meine Dramen durchaus nicht jedermanns
1300 1564 2238 1615 verloren gingen, daß Wien und nur Wien allein
2270 1564 3186 1615 ich. Ich kann Schiller verstehen, weil ich mich en
322 1582 1271 1643 Geschmack entsprechen. Meine Stücke sind nämlich
1296 1607 2227 1658 sie zu würdigen verstehe, daß er die Stücke in¬
2270 1607 3190 1658 sinne, ganz wie er gefühlt und gedacht zu haben
319 1625 1274 1679 was man „undramatisch“ nennen könnte, das
1296 1647 2227 1704 Deutsche übersetzen könne, wolle und würde, und
2263 1658 3186 1711 als ich acht Jahre alt war, und ich habe nich
311 1665 1267 1740 heißt, man findet darin keine Mordthaten und
1292 1690 2223 1743 daß er nicht den ganzen Weg von Oesterreich nach
2255 1690 3186 1751 den leisesten Zweifel, daß, wenn ich Goethe be¬
319 1711 1264 1772 keinen Ehebruch. Aufrichtig gestanden, der Ehe¬
1296 1736 2230 1794 London gemacht habe, um allerlei Tüfteleien über
2259 1736 3190 1794 gegnet wäre, ich in ihm einen sehr fähigen
304 1747 2238 1851 bruch langweilt mich und Mord berührt mich das Urhebergesetz anzuhören. Meine liebe Frau
2259 1779 3186 1837 Schüler gefunden haben würde. Beethoven un
315 1804 1264 1862 nicht gerade angenehm. Die meisten Männer
1289 1819 2223 1880 war ganz niedergeschmettert. Um ihn zu
2266 1822 3190 1887 Wagner kenne ich durch und durch. Als mir dahe
308 1837 1264 1905 denken ja, daß ihr Leben wichtiger ist als irgend
1292 1854 1561 1922 besänftigen,
2263 1862 3190 1922 die Uebersetzungen meiner Stücke, die Her¬
1582 1865 2223 1919 lud sie ihn zum Lund
319 1887 2230 1962 etwas anderes auf dieser Erde, und allen Damen ein. Er kam und — er zerschmetterte auch mich
2255 1905 3186 1965 Trebitsch besorgt hatte, zu Gesicht kamen, wa
319 1930 1264 1987 wird von Jugend auf der Glaube eingeimpft, daß
1296 1948 2227 2005 Ich kann niemals einem Mann widerstehen, der
2259 1951 3190 2005 mir nichts daran unverständlich als die Irrthümer
319 1973 1264 2030 ihre Treue noch viel wichtiger sei als selbst ihr
1425 1994 2234 2048 mit was immer es sei — ernst meint.
2255 1994 3193 2048 von denen ich sofort mehr erzählen werde. Ein¬
319 2016 1264 2073 Leben. Ich meinerseits muß gestehen, daß ich mich
1303 2037 2230 2094 Er behauptete, und das in den Tönen tiefster
2255 2041 3190 2094 gute Uebersetzung ist nicht nur die Sache eine
319 2058 2234 2134 weder über das eine noch das andere besonders Ueberzeugung, daß ich ein Schriftsteller von
2263 2087 3190 2134 gründlichen Kenntniß einer Sprache. Es gehör
315 2112 1264 2155 aufzuregen vermag. Das Drama des Polizei¬
1289 2119 3190 2177 europäischer Bedeutung, ein zum Denken an vielmehr auch eine gewisse Divinationsgabe dazu
315 2155 1264 2205 amtes und des Scheidungsgerichtshofes reizt mich
1285 2166 2234 2216 regender Denker, ein berückender Dramatiker sei,
2266 2169 3193 2216 Wie tüchtig ein Mann als Linguist auch sei, wie
319 2191 1264 2248 nur zum Gähnen; andererseits freilich werden
1289 2216 2234 2259 mit magischen theatralischen Kräften und mit
2259 2209 3154 2259 sehr er die Sprache auch beherrsche, das We
319 2234 1264 2291 jene Leute, die überall, außer im Polizeiamte oder
1289 2255 2234 2306 meerestiefem Blicke in menschliche Charak¬
2255 2248 3186 2309 das er im Original zu erfassen unfähig war, da¬
315 2266 2230 2348 bei einer Scheidungsaffaire, einschlafen, an tere und menschliches Geschick. In all dem
2255 2298 3175 2356 kann er auch nicht in eine andere Sprache über
322 2320 2227 2395 meinen Stücken nicht viel Genuß finden. Das ist war ich mit ihm vollständig eines Sinnes. Solche
2255 2345 3183 2395 tragen, und wenn er nicht imstande ist, einer
315 2363 891 2431 natürlich nur Geschmackssache
1289 2381 3186 2431 Meinung stempelte ihn in meinen Augen zu einem eigenen dramatischen Dialog zu schreiben, kann
362 2370 1260 2463 Man mag fragen, warum ich als Aus¬
1289 2424 2234 2477 Mann von seltenem und durchdringendem Ur¬
2255 2427 3186 2477 er auch nicht eines anderen Menschen dramati
315 2438 1264 2506 länder die Wiener mit meinen Stücken
1289 2467 2238 2520 theilsvermögen. Ich gab ihm deshalb auch die
2255 2474 3183 2524 schen Dialog übersetzen. Trebitsch nun hat sich
315 2492 3193 2560 belästige, statt mit ihnen daheim zu bleiben weitestgehende Ermächtigung, seine Ansichten nach beiden Richtungen erfolgreich versucht. So
315 2538 1253 2592 und sie für mein eigenes Heimatland zu reser
1289 2549 2227 2628 über mich in allen deutschsprechenden Landen und
2259 2553 3186 2606 vermochte er es, sich den Sinn meiner Stück
319 2581 1264 2638 viren. Darauf kann ich nur antworten, daß ich
1289 2596 3190 2649 den angrenzenden Ortschaften thatkräftigst anzueignen und sie neu zu schaffen. Ja noch
315 2628 2105 2706 an dieser Sache ganz unschuldig bin. Ich war zu verbreiten. Ich bin viel zu
2248 2638 3193 2696 mehr, für diesen bestimmten Zweck hat er sich
315 2674 2230 2746 eines Tages vom Hause abwesend, da kam ein scheiden, um dergleichen Dinge von mir
2259 2685 3190 2735 zum Bernhard Shaw umgewandelt und ist in
1289 2724 2227 2782 selbst so frei zu behaupten; wenn ich aber irgend¬
2259 2732 3175 2789 Wahrheit eine von dem Autor der „Genesung
422 2717 1253 2796 Mittwoch den 25. d. gelangt „Ein Teufelskerl
1282 2774 3193 2828 einen anderen Menschen finde, der intelligent und seiner übrigen eigenen Arbeiten vollständig
315 2760 1253 2839 von Bernard Shaw in der Uebersetzung von Sieg¬
1285 2814 2223 2871 genug ist, sie zu sagen, dann bin ich viel zu
2252 2817 3186 2868 verschiedene Persönlichkeit geworden. Zuweilen
315 2821 1264 2871 fried Trebitsch im Raimund=Theater zum
315 2860 1253 2918 erstenmal zur Aufführung. Es ist dies die erste Aus¬
1282 2857 1933 2921 höflich, um ihm zu widersprechen.
2248 2860 3186 2911 verbindet sich eine gewisse Verfeinerung und Zart¬
319 2896 1264 2961 führung überhaupt, die Bernard Shaw in
1339 2878 2220 2946 Was nun die Uebersetzung anlangt, so muß
2255 2903 3190 2957 heit seines Stils mit der drastischen Rauheit des
308 2936 755 3004 deutscher Sprache erlebt.
1274 2928 3208 3025 ich sagen, daß Trebitsch seinem Versprechen durch meinigen, so daß manche Theile der Uebersetzung
290 3362 1239 3462 gebratt“, und die Wimpel, um die Fahrt zu
286 3422 1235 3512 markiren, vom Winde bewegt. Das Zelt Isolde¬
294 3490 1232 3548 i in Orangefarbe gehalten. Draußen liegt der
290 3533 1235 3594 blaue Schimmer des Meeres und des Horizonts,
283 3573 1232 3648 von dem sich die schwarzen Rüstungen der Schiffs¬
283 3619 820 3695 bemannung scharf abheben.
333 3644 1228 3745 2. Act. Garten vor dem Gemach Isoldes auf
286 3702 1224 3788 der königlichen Burg Marke's. Eine schwarz
279 3777 1228 3834 blaue, sternenhelle Sommernacht. Das Mondlich:
279 3820 1228 3877 wirft bläuliche Schatten. Unmerklich geht ein
297 3856 1228 3913 flimmernder Dunstschleier über den Himmel, das
276 3906 1224 3967 Mondlicht, das am Burggemauer niederfließt,
279 3942 1228 4013 wird dunkler, violetter, und schwefelgelb zieht der
283 3985 1228 4056 Morgen herauf. Der ganze Aufzug ist von einer
279 4035 870 4096 ungeheuren Stimmungskraft.
337 4060 1224 4156 Im 3. Act, auf Tristan's Burg spannt sich
279 4131 877 4206 der in aller Grund
