3392 4224
323 154 1182 292 13. Miscellaneous
1363 187 1854 278 box 44/10
1644 853 1860 917 Rundschau.
2462 862 2547 922 335
919 988 1717 1048 tim zwischen den bereits als ganz unzuläng¬
1778 988 2570 1060 Tragische so untrennbar mit dem Komischen
918 1031 1723 1087 lich anerkannten Beamtenvorlagen und der
1773 1045 2571 1107 verbunden ist, daß der Ernst aus dem Spaß
911 1081 1720 1137 Erhöhung der Personalsteuern und anderen
1773 1093 2570 1151 und der Spaß aus dem Ernst quillt, noch
918 1120 1716 1180 Steuervorlagen versucht. Ob dieses Junktim
1772 1131 2574 1194 immer keine richtige Tragikomödie ist. Diese
912 1171 1724 1225 von der neuen Regierung aufrecht gehalten
1766 1170 2570 1233 liegt überhaupt nicht im Stoff, sondern nur
912 1210 1716 1269 wird, ob es durchgesetzt werden kann, ist
1770 1221 2574 1280 in der Behandlung. Der Tragikomiker muß
913 1250 1724 1304 abzuwarten. Daß der Staat neue Ein¬
1769 1264 2574 1328 über seinem Stoff, sowohl über dem Ernst
907 1303 1717 1365 nahmequellen braucht, so lange es ihm nicht
1769 1316 2574 1370 als über dem Spaß, also auch jenseits von
904 1354 1711 1404 gelingt die Staatsbetriebe durch Verringe¬
1773 1355 2570 1405 Gut und Böse stehen. Wie die Tragikomödie
906 1389 1713 1450 rung der Ausgaben rentabler zu machen,
1763 1395 2570 1464 keine reine Stilgattung ist, so wird auch der
900 1419 1710 1490 ist zweifellos. Es geht schließlich nicht an,
1767 1443 2569 1510 richtige Tragikomiker immer ein Mensch
901 1477 1705 1527 daß der Staat aus Geldmangel die nötigsten
1769 1483 2570 1548 sein, von dem man nicht weiß, ob man ihn
911 1519 1713 1575 Investitionen unterläßt, daß zu einer Zeit,
1765 1541 2570 1596 ernst oder komisch nehmen soll. Schnitzler ist
910 1566 1706 1630 wo bereits in den verschiedensten Gegenden
1767 1580 2567 1643 wirklich so ein Mann: er hat es ja oft genug
901 1614 1708 1661 des Landes der stärkste Waggonmangel be¬
1767 1622 2562 1674 bitter empfinden müssen, daß ihm seine
896 1661 1711 1706 klagt wird, auch nicht ein Güterwagen zur
1763 1669 2562 1729 Gegner den Ernst als Pose oder Grimasse
895 1696 1713 1756 Vermehrung des Fahrparkes bestellt wird
1761 1711 2578 1757 anrechneten und nur das Komische gelten
896 1750 1711 1801 und daß ein großer Teil der unbedingt in
1765 1757 2563 1814 lassen wollten. Nun kommt aber ein stämmiger
900 1777 1711 1843 die laufende Gebarung gehörigen Ausgaben
1755 1806 2559 1860 und untersetzter Mann im Radmantel und
900 1828 1706 1888 dauernd auf den Kreditweg verwiesen wird.
1761 1840 2563 1899 im Schlapphut, auch auf seinen literarischen
897 1872 1705 1931 Wieder sollen mehrere 100 Millionen Kronen
1763 1885 2559 1948 Wanderungen stets gradausschreitend, immer
898 1916 1699 1972 Anleihen, teils zur Fundierung alter Schul¬
1760 1932 2562 1996 mit Kind und Kegel, das Alteste ein paar
896 1967 1705 2020 den, teils zur Bestreitung neuen Bedarfes
1763 1979 2562 2038 Schritte voraus und die Frau mit dem
895 2020 1707 2070 ausgegeben werden, obwohl die Rentenkurse
1763 2017 2560 2085 Jüngsten, wie es sich für eine brave Frau
904 2058 1693 2108 unter dem Drucke der alljährlich wieder¬
1758 2071 2562 2121 gehört, ein paar Schritte hinterdrein, ein
895 2099 1705 2157 kehrenden großen Anleihen sich — wenn
1763 2111 2562 2173 Prediger alles Selbstverständlichen im Leben
896 2143 1698 2191 man von den letzten Tagen absicht — immer¬
1755 2162 2562 2217 und in der Erziehung, ein Mann ohne Salz
900 2185 1701 2243 fort verschlechtern. Dabei ist weder für die
1755 2207 2556 2268 und ohne Ironie, der brüllt, wenn er lacht,
897 2234 1698 2292 Wehrreform noch für die Wasserstraßen und
1758 2247 2553 2292 und im Ernst der richtige Vertreter der pa¬
896 2275 1698 2326 Lokalbahnen, noch für die Sanierung der
1752 2281 2553 2343 thetischen Satire ist — und der will uns den
897 2317 1701 2380 Landesfinanzen, noch für manchen anderen,
1758 2331 2552 2397 Tragikomiker vormachen! Wenn einer ein
896 2361 1701 2411 nicht minder drängenden Bedarf die Be¬
1752 2369 2560 2435 Stück schreibt unter dem Titel: „Die Liebe
897 2406 1698 2467 deckung vorgesehen. Das Gleichgewicht
1754 2420 2559 2484 höret (wohlgemerkt: nicht „hört, sondern
895 2451 1696 2506 unserer Budgets ist nur ein scheinbares und
1751 2468 2552 2527 „höret") nimmer auf und wenn er diesem
892 2493 1620 2546 die Ordnung der Staatsfinanzen ist
1751 2509 2547 2570 Werk die schönen Worte des Korintherbriefes
889 2546 1596 2592 dringendste Aufgabe des Parlaments.
1748 2555 2551 2620 über die Liebe als Motio vorausschickt,
896 2583 1692 2641 Reden, welche in den ersten Tagen der Bud¬
1742 2600 2549 2654 dann kann er meinetwegen der größte Dichter
896 2638 1701 2689 getdebatte von Vertretern mehrerer Parteien
1746 2641 2550 2703 der Welt sein, aber ein Tragikomiker ist
892 2683 1701 2727 gehalten wurden, berechtigen vielleicht zur
1742 2695 2549 2751 er ganz gewiß nicht. Nein, ein Tragikomiker
892 2724 1693 2778 Hoffnung, daß das Abgeordnetenhaus sich
1751 2731 2111 2789 ist Otto Ernst nicht.
883 2764 1696 2822 des Ernstes der Lage bewußt zu werden
1820 2776 2541 2829 Wenn sein Stück auch keine Tragi¬
883 2809 1052 2876 beginnt.
1327 2812 1657 2872 Walther Federn.
1748 2817 2547 2885 komödie ist, so ist es dafür etwas anderes:
1742 2863 2545 2926 nämlich ein richtiges Schlüsselstück; und es
888 2872 1188 2950 Burgtheater“
1743 2910 2547 2974 hat mich sehr gewundert, daß die Wiener
970 2928 1683 2995 Eine Tragikomödie nach der anderen
1737 2956 2545 3015 Kritik, der Schlenther einmal den Vorwurf
888 2982 1689 3045 Nach Schnitzler vill sich auch Otto Ernst
1746 3000 2556 3050 gemacht hat, daß sie zu viel lese und zu¬
885 3032 1690 3088 tragikomisch geberden; und es ist endlich an
1740 3046 2545 3091 wenig zuschaue, diesen Schlüssel nicht ge¬
882 3082 1690 3131 der Zeit, wo nicht dem Leser, so doch dem
1742 3078 2540 3152 funden hat, obwohl ihn der Verfasser, wie
892 3120 1684 3170 Dichter zu sagen, worin denn eigentlich das
1737 3136 2543 3191 wir gleich sehen werden, keineswegs in den
885 3167 1685 3223 Tragikomische besteht? Daß ein Stück, in
1746 3171 2537 3230 Brunnen geworfen hat. Seine Tragikomödie
883 3211 1681 3262 dem ernste und komische Szenen miteinander
1739 3219 2537 3280 ist nämlich die von dem Moppchen, der
877 3258 1686 3301 abwechseln, noch lange keine Tragikomödie
1739 3264 2535 3329 Frau Otto Erich Hartlebens, genau so, wie
886 3295 1683 3349 ist, weiß am Ende ein jeder; nicht ebenso
1746 3309 2543 3358 sie aus dem Briefwechsel der beiden heraus¬
881 3341 1688 3396 bekannt aber scheint es zu sein, daß auch
1739 3359 2540 3416 zulesen ist. Ernst hat nur aus der Münchener
881 3387 1691 3445 ein bloßes Gewirre von tragikomischen
1739 3398 2535 3462 Geliebten, von der Hartleben aus seiner
876 3423 1683 3494 Charakteren und Handlungen, in denen das
1739 3437 2531 3501 Studentenzeit ein Kind hatte, und aus einer
1736 3487 2534 3541 späteren Jugendgeliebten, dem Ellenkind
955 3502 1677 3565 Samstag den 28. Oktober: „Die Liebe höret
1731 3538 2537 3586 oder dem Kücken, zu dem er zuletzt wieder
871 3556 1683 3595 nimmer auf, eine Tragikomödie aus der Bohème von
1734 3575 2537 3638 zurückgekehrt ist, eine einzige Figur mit den
871 3587 1684 3634 Otto Ernst. (Buchausgabe: Leipzig 1911, Verlag von
880 3612 1125 3670 L. Staackmann.)
1728 3622 2535 3694 Zügen der niederen Minne gemacht. Der
