3344 4384
187 233 1052 339 sans
1242 251 1717 333 box 44/10
562 1190 1595 1282 sein wird. Das Sanitätsautomobil überführte den
559 1257 1603 1320 Verunglückten ins Heinrich=Lanz=Krankenhaus.
852 1362 1310 1456 Artur Schnitzler.
923 1429 1235 1520 Von W. Fred.
1202 1488 1568 1574 (Nachdruck verboten.)
647 1534 1592 1609 Dies wird ein Liebesbrief eines Mannes an
564 1592 1582 1656 einen Mann, eines Kritikers an einen Dichter, ent¬
572 1632 1581 1695 schuldigt, wenn solches notwendig ist, durch den An¬
564 1669 1578 1737 laß. Es fällt mir nicht ein, lieber Artur Schnitzler,
563 1710 1589 1764 mich an Ihrer Biographie zu versuchen, die Kurve
559 1754 1580 1812 Ihrer künstlerischen Entwicklung zu zeichnen. Eher
559 1790 1576 1851 möchte ich schon Ihre Menschlichkeit in einem Spie¬
560 1833 1582 1882 gel erscheinen lassen, wenn nicht zum guten Ende
559 1868 1576 1930 jedes solche quecksilberunterlegte Glas ein mechani¬
566 1910 1578 1962 sches Instrument wäre, mehr oder weniger richtig,
566 1947 1576 2001 stets aber gleichgültig die Konturen gevend
562 1982 1576 2046 und allzu oft getrübt, gestört, beschlagen durch den
562 2019 1576 2089 inneren Atem dessen, der den Spiegel hinhält, um
560 2071 1572 2119 ein Bild einzufangen. Nein, ich habe jetzt seit man¬
554 2109 1573 2168 cher Woche immer und immer wieder daran gedacht,
560 2142 1574 2193 daß Sie jetzt fünfzig Jahre werden, und ich er¬
562 2178 1576 2245 innerte mich all der Freude, die Sie mir geschenkt
559 2218 1566 2284 und all der Wege zum warmen Verstehen der Men¬
563 2256 1573 2317 schen und Menschlichkeiten, die mir mit Hilfe Ihres
564 2300 1573 2363 Wesens, Ihrer Werke *) eröffnet worden sind und
559 2340 1570 2404 da hatte ich ganz unkritische zärtliche Gefühle für
559 2372 1556 2443 Sie und Ihr Schaffen — ich schreibe dieses „und
554 2424 1568 2473 nur mit dem größten Widerstreben auf; denn be¬
555 2457 1577 2521 Ihnen, wenn bei irgend einem, ist Mensch und Werk
554 2493 1570 2560 doch eins, ein Verwobenes, innig Gebundenes, den
564 2531 1569 2603 gleichen Quellen Entsprungenes und das gleiche
560 2570 1576 2640 schöne Amt Vollziehendes. Keinerlei wehmütiger
554 2610 1570 2678 Nebenton ist den Gedanken an Ihre früheren Bü¬
552 2647 1570 2721 cher, die ich, ein Gymnasiast, las oder gar an Ihre
552 2688 1577 2757 letzten beigemischt, auch kein Bedauern, daß Sie nun
551 2736 1565 2799 „schon fünfzig sind. Ihre Kraft, der Schlag Ihres
552 2766 1568 2829 Blutes und die Schrift, der Rhythmus jeder ein¬
546 2803 1574 2872 zelnen Ihrer Arbeiten ist ebenso reif, so voll wie das
547 2850 1576 2909 eben nur bei den Antworten sein kann, die ein
552 2880 1569 2950 Mann in diesen Jahren dichtend auf die Fragen un¬
552 2920 1574 2993 serer Zeit und unserer Seelen gibt, und dabei so
547 2959 1570 3029 heiter, jung und voller Versprechungen, — wie das
546 3004 1561 3072 wohl gerade bei Ihnen sein muß, der Sie so oft
552 3038 1563 3110 Gefühle und Ahnungen, des Aelterwerdens und
541 3076 1555 3150 Sterbens, die Beziehungen zur eigenen und frem¬
541 3108 1563 3185 den Jugend zum Stoff Ihrer Dichtungen nehmen
543 3159 1566 3227 mußten, weil Sie zum guten und schönen Ende den
541 3192 1563 3263 Tod als eine Lebenserscheinung sehen und gewiß
543 3237 1561 3319 nicht als die ärgste. Weil Ihre Empfindung solchem
619 3303 1552 3402 *) Alles von Artur Schnitzler ist bei S. Fischer
538 3360 1556 3461 in Berlin erschienen, wo jetzt auch eine Gesamtaus¬
538 3420 1320 3502 gabe seiner Werke herauskommen soll.
1972 1091 2216 1171 „oßgarten¬
1881 1161 2230 1218 Garantierter Pre¬
1712 1167 2662 1270 Hiervon 3400 „ dem ersten, 8. dem zweiten,
1637 1226 2653 1310 550 dem dritten, 250 dem vierten Pferde. Her¬
1637 1283 2677 1349 ren=Reiten. Für vierjährige und ältere Pferde,
1629 1370 2653 1433 Geschehen gegenüber und der Ausdruck, den Sie ihr
1638 1407 2658 1472 finden, sie Sentimentalität war, sowie der poetische
1635 1450 2653 1529 Refler des Lebens heiter getönt ist und nicht
1634 1486 2154 1547 satirisch oder gar höhnisch.
1706 1518 2655 1594 Es sind ja auch nicht nur gedruckte Bücher, ge¬
1634 1561 2652 1632 spielte Theaterstücke, die mir Ihre Werke bedeuten,
1630 1607 2648 1670 wenn ich dem und jenem nachdenke, was Sie mir
1628 1652 2644 1711 gegeben haben, vom Anatol und der Liebelei bis
1632 1689 2646 1743 zum Weiten Land, sondern wache Worte, durch den
1630 1720 2646 1782 Lauf der Tage und Jahrzehnte ungeschwächte Lieder
1628 1764 2643 1830 entströmend dem Schönsten einer bestimmten immer
1632 1800 2642 1862 seltener werdenden Wiener Art wurden mit in die
1632 1841 2648 1899 Erinnerung gerufen, leise aber eindrücklich, indes
1625 1876 2646 1949 ich an die Menschen denke, die an Ihrer Hand durch
1621 1923 2648 1988 Oesterreich den Weg ihres Lebens gingen, bis sie
1621 1966 2643 2029 vor mir standen und nicht mehr verschwanden: sinn¬
1622 1999 2644 2054 liche Mädchen, der ein wenig gran gewordene, aber
1621 2036 2636 2101 so liebe Anatol, der verlassene Herr von Sala, der
1622 2081 2644 2135 um Beatrices Traum Eifersüchtige, Marionetten
1622 2122 2642 2183 oder groteske Helden, die sich in irgend ein krauses
1626 2153 2640 2219 Spiel oder unabwendbare Tragik verirrt haben, ihrer
1625 2197 2630 2258 Jugendlichkeit oder Nachdenklichkeit, ihrem Ueber¬
1626 2235 2643 2311 mut, oder den Gesetzen ihres Blutes halb erlebten,
1625 2272 2443 2341 halb erträumten Abenteuern gehorchend.
1696 2305 2634 2380 Und ich weiß nichts, was so harmonisch wär¬
1621 2358 2634 2421 wie Sie, der Dichter, und Ihr Schaffen. Nichts, was
1626 2397 2634 2458 so zueinander stimmen wollte als Ihre Gestalten
1617 2443 2632 2504 und Ihre Zeit, deren Leid und deren Seligkeit, de¬
1617 2478 2632 2543 ren Spiel und deren Ernst, alles eben, was diese
1618 2517 2630 2599 Frauen und Männer, alle die Menschen Ihrer
1612 2553 2398 2620 Werke auf Ihr Geheiß leben mußten.
1690 2595 2627 2660 Wo ist der Dichter der neuen Generation, der
1616 2623 2631 2700 seine Welt so verstanden und so zart und innig und
1611 2677 2631 2743 zugleich leicht gefühlt hätte, wo der andere Künstler,
1617 2714 2632 2781 der so entfernt von Leichtsinn in jeder Beziehung
1609 2753 2627 2821 wäre? Was die Schicksale anbelangt, die Sie Ihren
1611 2792 2627 2860 Menschen zugeteilt, und was die Künstlerschaft be¬
1611 2830 2627 2890 trifft, mit der Sie alles durchleuchteten. Denn Sie
1612 2868 2625 2928 haben — und das gibt all Ihrem Schaffen seinen
1609 2908 2626 2978 Rang und seine nachhaltige Wirkung — kein Werk
1611 2954 2616 3013 aus der Hand gelassen, für das Sie nicht Ihr Mög¬
1609 2989 2623 3055 lichstes getan hätten. In jedem Roman und in je¬
1609 3022 2629 3085 der Szene haben Sie — heute will ich es so sagen
1609 3063 2627 3133 dürfen — bis auf den letzten Rest Ihre edel sich
1608 3110 2625 3169 zurückhaltende und wiederum nobel sich verschen¬
1612 3143 2618 3206 kende Menschlichkeit versenkt, damit Ihre Natur
1606 3182 2622 3242 dann in uns auferstehe, keinen Schrei haben Sie
1604 3225 2618 3286 vage im unklaren Ungestüm verhallen lassen und
1598 3263 2623 3328 wenn eine Komödie, ein Prosastück von Ihnen ein
1608 3299 2618 3366 Spiel der Menschen, die da einander begegneten,
1606 3341 2622 3402 gab, ein Spiel mit der Kunst haben Sie nie vor
1604 3383 2618 3442 uns, mit uns getrieben. Ihr Werk zeigt ja nicht nur
1604 3419 2626 3484 ein kühles Verstehen der Dinge und Personen, son¬
1600 3450 2627 3544 dern jenes Fühlen mit ihnen, das wiederum als
2704 1205 3260 1287 ging der Persimmonsohn in
2698 1269 3264 1317 mit 11 Längen, Länge, v.
2774 1300 3276 1364 Tot. 35: 10 Sieg: 19, 18:
2696 1392 3240 1451 Lächeln oder Erschütterung
2700 1434 3273 1490 wecken vermag. Nein, wede
2698 1465 3282 1528 noch in Ihren Dramen wir
2701 1512 3260 1573 oder gar von den Menschen
2694 1550 3267 1608 geschwätzt. Selbst wenn Sie
2692 1587 3273 1637 den, Schatten wie den des Me
2692 1635 3277 1690 wirren Figuren des grotesken
2695 1665 3273 1711 zu werfen schienen — Sie hat
2691 1708 3279 1754 ihre Bewegungen zueinander
2694 1748 3259 1800 einander nicht nur gekannt,
2701 1774 3282 1834 faßt, Ihr Lebensgefühl sie um
2692 1826 3260 1868 Geste des Belehrenden und
2695 1863 3281 1920 ließen Sie uns in den Wegen
2686 1898 3273 1954 Weg Ihrer eigenen Seele se
2683 1947 3281 2001 all Ihre Wünsche, Hoffnungen
2684 1976 3273 2034 an jene, die mit Ihnen kän
2692 2018 3286 2071 Sieg und Erfüllung wünschen
2684 2062 3270 2114 monie nennen, wenn nicht die
2686 2097 3277 2145 keit? Ob Sie nun fürs Frei¬
2686 2137 3273 2187 nant Gustel, gehetzte, unfreie
2686 2174 3250 2218 Augen geöffnet haben, oder
2684 2211 3270 2279 Stimmen der jüdischen Rasse
2686 2252 3251 2313 Atmosphäre unserer Heimat
2678 2293 3279 2348 geographischen — tönen ließen
2679 2334 3279 2391 mehr getan als begriffen, ge¬
2679 2378 3275 2430 und Herzlein, Seelen und Se
2683 2415 3267 2461 großen oder kleinen Naturen
2688 2449 3276 2500 Das war dann Ihre Gewalt:
2679 2492 3270 2544 oft heißen, nie eitlen Verstehe
2684 2527 3270 2582 sind Ihre reinen, von Schlack
2677 2565 2896 2630 entstanden.
2751 2665 3279 2748 Es ist gewiß nicht wahr, wo
2679 2734 3244 2778 über Artur Schnitzler sagen
2674 2747 3286 2828 nämlich ein Schüler oder Kolle
2678 2812 3258 2866 Literaten ist, deren Horizont
2675 2852 3258 2903 Erotik auf die elegante Gesell
2677 2887 3264 2941 daß der Kreis seiner Stoffe
2673 2926 3279 2977 sphäre von jeher und auf im
2674 2973 3277 3016 grenzt zwischen der Süßenmä
2674 3011 3270 3054 Lawntennisphilosophie Wiener
2673 3052 3267 3099 eine ist gewiß, daß Schnitzler
2664 3094 3275 3145 gehört, die sich Gestaltung von
2679 3126 3273 3173 schehnissen abzwingen, die ihr
2673 3164 3273 3215 sind, nicht zu jenen mühsamen
2675 3211 3280 3264 walttätig nach Problemen su¬
2674 3240 3246 3301 selbst nicht berührt wurden.
2662 3280 3281 3332 die ist diesem Dichter geschehe
2665 3322 3275 3370 hat mit dem ganzen Einsatz sei
2661 3366 3279 3414 an sich vollbracht. Das Märche
2662 3403 3270 3446 Sterben, seine erst, wundervo
2662 3441 3273 3488 und Der junge Medardus, sei
2664 3476 3262 3556 des Wiener Knaben, der am
