3392 4352
304 174 1162 296 13. Millanes
983 806 1390 898 die heiligsten be¬
484 846 740 927 alen Güter
964 858 1190 929 unterließe.
1081 915 1350 997 Jenensis.
491 1213 654 1342 Wo
854 1237 1002 1354 du,
847 1333 1371 1448 Sudermann?
557 1427 654 1502 Die
776 1420 1385 1503 der Saison ist um. Sie ist
485 1476 670 1550 nicht ga¬
771 1488 1383 1554 schlimm gewesen, wie die vorige
485 1538 665 1618 und hie
729 1538 1385 1613 id da beginnt man wieder Hoff¬
484 1589 644 1653 nung
719 1587 1380 1651 chöpfen. Namentlich die Herren
494 1637 1387 1700 Direktor sind es, die zufrieden sein können.
485 1681 1383 1756 Der Pl egeier, der lange Zeit seine Kreise
496 1735 1378 1801 zog, ist dieder nach seinen Bergen abgeflogen,
489 1790 1380 1850 und die Prophezeiungen eines allgem inen
489 1829 1385 1898 Theaterkraches werden sich vorläufig noch nicht
485 1891 1382 1954 erfüllen. Es war das nur eine periodische
484 1937 1380 1998 Verstimmung, nicht eine Krisis, durch die
482 1984 1380 2069 wir in den Jahren 116, 1907 und 1908
480 2029 778 2107 gegangen sind.
552 2046 1378 2133 Viele Berliner Theater haben in der
489 2126 1380 2203 letzten Saison gut abgeschnitten. Nur Rein¬
487 2175 1375 2239 hardt in seinen beiden Kunst=Klitschen verrennt
478 2232 1378 2288 und verrechnet sich immer mehr und verliert
480 2274 1362 2339 allmählich jeden Kontakt mit dem Publikum
478 2319 1362 2394 Seine Zeit ist vorüber — vorläufig wenigstens
489 2384 1371 2434 —, und die perversen Shakespearebearbeitungen
473 2422 1359 2481 kommen vorerst einmal ein wenig aus der
473 2467 1362 2532 Mode. Sonst freuen sich die Herrschaften
477 2526 1359 2584 großenteils, Barnowsky im „Kleinen" macht mit
480 2575 1368 2643 der „Moral" Bombengeschäfte; Schmieden
473 2620 1362 2683 kultivierte mit der „Fremden Frau sehr nutz¬
480 2669 1362 2737 bringend das heulende Elend, und die im
480 2713 1359 2772 Grunde herzlich zahme und matte „Revolu¬
468 2772 1359 2840 tionshochzeit“ brachte es bei Hebbels merk¬
407 2814 1296 2880 würdigerweise zu einer respektablen Serie.
555 2854 1362 2934 Aber nicht nur das Geschäft blühte, auch
466 2916 1355 2986 die Kunst kam leidlich auf ihre Rechnung.
477 2968 1359 3028 Es wurde schon in voriger Woche an dieser
470 3007 1355 3076 Stelle gesagt, daß der erste Teil der Haupt¬
470 3061 1357 3120 mannschen „Griselda" die stärkste Theater¬
468 3115 1357 3179 tat gewesen ist seit langen Jahren. Auch
473 3156 1359 3235 Wedekinds „Musik" ist unparteiischen und
454 3209 1359 3280 leidenschaftslosen Beobachtern besser vorge¬
470 3257 1357 3315 kommen, als eine etwas verärgerte Kritik es
461 3306 1357 3365 darstellte. Schönherrs „Erde" mutete mitten im
459 3356 1347 3419 Berliner Winter an wie ein Frühlings¬
461 3414 1357 3483 sonnenstrahl, und den Ibsencyclus Brahms
1343 198 1827 308 box 44/10
2130 813 2321 879 ande¬
2359 797 3249 893 feierlichen Protest gegen die
1429 839 2323 922 auch in scheinbar kleinen Angelegenheiten
2358 875 3245 934 an sich, erstens einmal weil dem Gros der
1429 917 2316 985 große Forscher war zu der Ansicht gelangt,
2352 914 3243 995 Berliner Bevölkerung das historische Bewußt¬
1422 964 2309 1023 die Stadt Berlin müsse als ehemalige Ange¬
2358 966 3243 1025 sein dafür fehle, daß Berlin einst Hansastadt
1429 1006 2309 1072 hörige des alten Bundes der Hansa die rot¬
2347 1025 3236 1091 war; ferner aber führten doch auch Ham¬
1420 1060 2309 1128 weißen Farben der Hansa wählen. Große
2354 1070 3240 1126 burg, Bremen, Lübeck sowie das Großherzog¬
1422 1105 2312 1171 Geister sind ihrer Zeit stets um Dezennien
2351 1115 3249 1190 tum Hessen die rot=weiße Farbe, so daß es
1413 1235 2302 1303 werden wir nicht so schnell vergessen. Dazu
2344 1244 3233 1335 jahrelang das unerfreuliche Schauspiel
1411 1286 2297 1362 kommt noch ein wichtiger negativer Vorzug
2337 1315 3231 1387 mit ansehen müssen, daß dieser Dichter von
1418 1345 2297 1401 dieser Saison: die neuwiener Poeten ließen
2342 1357 3235 1437 einer Sippe, wo immer er sich sehen
1416 1399 2293 1451 uns diesmal in Frieden. Und eine Saison,
2349 1402 2888 1481 ließ, verhöhnt wurde,
2955 1411 3061 1470 wie
3130 1416 3228 1476 etwa
1416 1437 2304 1493 die ohne einen Schmachtlappen Schnitzlers,
2438 1449 3228 1528 Straßenjungen einem Betrunkenen
1415 1488 2297 1552 ohne eine Geckerei Hugo von Hofmannsthals
2340 1482 3224 1575 nachschreien. Er hatte diese Gesellschaft
1415 1538 2293 1606 und ohne ein Gewitzel Herrmann Bahrs vor¬
2335 1550 3222 1616 gerügt und über die Roheit einer
1416 1583 2297 1648 überging, eine solche Saison soll uns drei¬
2340 1603 3221 1656 gewissen Kritik immer allzu berechtigt geklagt.
1416 1634 1768 1703 mal gesegnet sein.
2337 1651 3217 1712 Er hatte gezeigt, was in Berliner Theater¬
1489 1683 2293 1763 Nun aber ergibt sich da eine Frage, die
2340 1696 3222 1763 kritiken möglich war: der eine Kritiker hatte
1422 1716 2293 1792 durchaus nicht ironisch gemeint sein soll, die
2330 1752 3224 1811 von einer älteren Schauspielerin geschrieben:
1430 1784 2292 1857 Frage: wo steckt Sudermann? Viele Jahre
2333 1796 3216 1855 „sie verbreitet Leichengeruch", der andere hatte
1420 1836 2290 1895 hindurch hat er die Berliner Saison be¬
2330 1850 3217 1911 eine junge Künstlerin ein Nilpferd genannt.
1425 1884 2297 1949 herrscht, hat seine Première neben dem
2330 1895 3212 1956 Diese Straßenjungentaten hatte Sudermann
1422 1933 2285 2001 Hauptmannabend die große Geisterschlacht ge¬
2323 1956 3216 2017 gerügt, und nun flogen ihn die Pferdeäpfel
1418 1982 2285 2050 bracht. Jetzt ist das zweite Jahr vorüber,
2333 2001 3198 2074 um den Kopf, wo immer er sich sehen ließ
1411 2020 2290 2095 daß wir auf der Bühne nichts mehr von ihm
2401 2044 3209 2102 Und jammerschade wäre es doch, wenn ein
1420 2083 2290 2145 hörten, und nun sehen wir uns nach ihm
2328 2071 3207 2151 starkes dramatisches Talent, wie dieser Dichter
1415 2138 2290 2212 um; wo steckt du, alter Kämpe, und wer hat
2323 2140 3212 2215 ist, sich durch solche Sippschaft von dem Felde
1416 2173 1897 2250 dir etwas zu leid getan?
2325 2185 3212 2246 verjagen ließe, das ihm so reiche Früchte ge¬
1484 2231 2285 2306 Natürlich ist nicht nötig, daß der Dichter
2330 2238 3216 2306 tragen hat. Elementen dieser Art imponiert
1404 2293 2286 2351 immer pünktlich zu Saisonbeginn mit seiner
2325 2295 3203 2346 man nicht durch die altrömische Gebärde vor¬
1404 2342 2285 2394 Ware antritt, so wie die Eierfrau Mittwochs
2325 2340 3216 2392 nehmer Resignation; denen gibt man's mit
1404 2391 2285 2439 mit dem Wagen zum Markte fährt. Im
2325 2382 3210 2450 der Faust aufs Auge. Und schreien sie und
1411 2433 2285 2497 Gegenteil, der Premièrenzwang ist schädlich,
2328 2436 3210 2497 lärmen, daß man fortsoll, so bleibt man erst
1408 2478 2286 2542 und man könnte es einem Gerhardt Haupt¬
2321 2488 3198 2549 recht, schließt allenfalls das Fenster und schafft
1409 2542 2281 2608 mann nur von ganzem Herzen wünschen,
2321 2535 3198 2591 als wackerer Mann unbekümmert weiter. Das
1399 2580 2285 2641 daß er sich von dem Wahn freimache, er
2318 2575 3198 2678 ärgert sie schließlich immer noch am aller¬
2321 2627 2480 2692 meisten.
1408 2634 2276 2688 müsse alle Weihnachten bei Brahm mit
1402 2674 2281 2760 einem fertigen Werke anklopfen. Dieser
2401 2666 3196 2760 Sudermann steckt die Leutchen, die jetzt
1416 2723 2279 2789 Zwang entwürdigt, veranlaßt zu flüchtiger
2321 2737 3195 2793 die Bretter beherrschen, mit der größten Be¬
1402 2779 2276 2845 Arbeit, gerade so wie die Periodicität der
2325 2787 3193 2847 quemlichkeit allesamt in seine Tasche. Er
1399 2819 2279 2881 Kunstausstellungen schon manchen Malers¬
2321 2836 3195 2895 hat das stärkste Theaterblut von all unseren
1408 2880 2272 2942 mann zu liederlichem Schaffen erzogen hat.
2318 2888 3200 2953 modernen deutschen Autoren, und wenn ihm
1408 2923 2272 2982 Wem an der Kunst mehr liegt als an dem
2318 2935 3191 3005 Feinheiten fehlen, wenn sein Dialog und seine
1399 2977 2276 3028 regelmäßigen Gang des Theatergeschäftes, der
2311 2988 3195 3057 Katastrophen der zarten lyrischen Stimmung
1404 3021 2272 3088 freut sich schon, wenn sich einmal ein recht¬
2312 3035 3186 3094 ermangeln, so kann das nur der beklagen,
1401 3075 2272 3123 schaffener Künstler für ein paar Jahre ein¬
2311 3078 3186 3156 der vom Theater Literatur verlangt und
1392 3125 2278 3184 mauert und die Herren Interviewer die
2314 3132 3188 3195 nicht Theater. Die Szene erfordert starke
1395 3163 1909 3231 Treppe hinunter befördert.
2311 3184 3195 3245 Effekte, erfordert kräftige technische Linien und
1465 3209 2269 3280 Aber bei Sudermann liegt die Sache doch
2319 3226 3191 3304 Strukturen und hat mit Stimmung nichts
1387 3273 2272 3323 ein wenig anders. Es liegt da die Gefahr
2316 3283 3184 3336 zu tun. Nur bei uns in einer bis zur Per¬
1395 3323 2272 3377 vor, daß dieser Künstler sich durch die Kritik
2314 3334 3186 3395 version raffinierten, überkritischen Kulturschicht,
1392 3367 2264 3435 dauernd von der Bühne, auf die er
2311 3372 3189 3468 konnte der Aberwitz aufkommen, daß Theatralik
1390 3421 2791 3520 hingehört, weggraulen läßt. Wir haben im Theater schädlich sei.
3231 3285 3311 3350 eine
