3344 4352
165 287 309 383 13.
363 287 1040 402 Miscellaneus
1216 294 1696 407 box 44/10
1255 1438 2096 1564 LETTERATURATEDESCA.
1400 1625 1942 1698 ARTURO SCHNITZLER.
2129 1762 2357 1853 und
1014 1798 2407 1898 Gli amici dello Schintzler dopo averlo chiamato, un tempo, pite erotico,
929 1883 2407 1951 ora lo chiamano scrittore mistico. Tutto sta nell' intendersi sul significato di
927 1927 2401 1994 questo vocabolo tanto sfruttato. Se misticismo à la predilezione a trattare
927 1977 2407 2033 argumenti che s’ aggirano intorno al problema della morte; si è misticismo il
931 2018 2407 2090 tentativo di sollevare un lembo di quel fitto velo che ravvolge l'animo umano,
927 2062 2408 2140 di penetrare nelle pieghe più riposte del nostro io, di dimostrare come il pen¬
929 2105 2412 2166 siero dell' inconscio, dell'ignoto, incuta un arcano terrore anche ai più spre¬
939 2157 2408 2223 giudicati, ai più forti, allora si, lo Schnitzler & uno scrittore mistico; ma
942 2212 2408 2262 poi che l'opera sua molteplice non s’addentra nel regno delle ombre, non
933 2253 2408 2316 tenten in mezzo ad esser incorporei come spesso accade ad altri jo lo dire
942 2297 2410 2357 piuttosto un acuto osservatore, uno psicologo sottile, cui si aggiunge talvolta
927 2346 2407 2405 un pizzico di verismo. Lo Schnitzler, a mio giudizio, non appartiene a seguaci
931 2379 2408 2460 di quella suola oscura, nebulosa, che ha prodotto gli scrittori-indorinello, i quali,
937 2436 2407 2495 più che mistici, sono mistificatori (mi si passi il francesismo) che mediante
933 2488 2407 2571 frasi pompose, sbalorditive, mediante imagini smaglianti, il più delle volte
933 2534 1838 2597 per errate, pigliano all' amo parecchi ingenui,
1009 2557 2407 2640 Non certo io imprender ad analizzare intera l'opera dello Schintzler;
929 2620 2412 2684 dall’ acclamata e ben nota comedia Liebelei al drama Märchen aggirantisi
933 2670 2403 2731 entrambi intorno alla fatale ricerca del passato dal Freiwild comedia a base
931 2714 2403 2792 di ufficialetti, divettes e duelli, di spirito prettamente viennese, al drama Ver¬
926 2766 2412 2829 mächtniss, il quale si distacca un po dalla solita maniera poiche tratta d'un
927 2818 2412 2869 conflitto fra idee sociali e morali. Preferisco soffermarmi un istante sul volume
927 2855 2414 2918 di novelle dialogate, intitolato: Anatole, novelle che, sotto a un apparenza
933 2908 2414 2988 vivace, briosa, tutta sprazzi di fine umorismo, racchindono un gran fondo di
931 2947 1424 3012 sceticismo e d'amarezza.
1002 2993 2408 3077 E sempre scettico lo Schnitzler, specialmente quando studia le donne, e
937 3043 2418 3119 le studia di sovente. Egli ama le donne, le ama molto, ma il suo amore non
929 3097 2408 3156 é cieco; ha vista acutissima, onde che il più delle volte verso le donne
929 3151 2408 3193 ci si mostra spietato, crudele. Inoltre l’acre volutta ch' ei prova ad evocare i
927 3190 2408 3249 ricordi del passato, lo trae ad occuparsi, a preoccuparsi dell’ avvenire. Ma
927 3238 2412 3295 davanti alle misteriose porte su cui ricade la impenetrabile tenda di seta rosea
926 3286 2408 3349 seminata di piecole luci simili a fuochi fatui, egli s' arresta timoroso. Aver il
927 3330 2407 3397 coraggio di sollevare quella tenda, di abbattere quelle porte per poi spaziare
