3392 4256
271 139 1140 277 13. Miscellaneous
1325 165 1801 275 box 44/10
1737 792 2175 1005 chen
1136 995 2352 1096 Deutschland und Österreich seit der Gründung des Neuen Reiches.
2454 1019 2535 1091 127
945 1094 2535 1182 viele Deutsche, und gewiß nicht die schlechtesten, den schmerzlichen Schnitt
939 1152 2533 1244 durch den deutschen Nationalkörper nicht ertragen konnten und darum zu den
943 1202 2535 1292 heißesten Gegnern Bismarcks sich gesellten; wir fühlen es den Süddeutschen
939 1272 2527 1359 nach, daß gerade sie von ihren nächsten Stammesvettern in Österreich und
935 1313 2531 1405 den Alpenländern sich nicht losreißen lassen wollten; wir haben ein volles
941 1375 2535 1473 Verständnis dafür gewonnen, daß die deutschen Katholiken in ihrer Mehrheit
941 1427 2531 1522 sich leidenschaftlich gegen die Vornahme eines Schnittes sträubten, dessen
931 1489 2527 1576 blutende Wundfläche in erster Linie durch den katholischen Teil deutschen
947 1538 2529 1636 Volkstums lief, ihre kirchlich-kulturelle Einheit und ihre reale Machtstellung
935 1594 2519 1690 traf und verletzte. Vor allem aber fühlen wir mit dem Trennungsschmerze
937 1652 2529 1749 der Deutsch=österreicher selbst, dieser Märtyrer unseres Einigungskampfes,
931 1719 2523 1805 von dessen Früchten das Land der Babenberger und der Habsburger, das
923 1773 2523 1867 Land Walthers von der Vogelweide und Mozarts, von nun an für immer
931 1831 2513 1914 ausgeschlossen sein sollte. Und doch ist das Schwerste verwunden. Die Groß¬
929 1889 2513 1980 deutschen von ehedem sind hüben und drüben versöhnt, weil sie die Anver¬
925 1954 2519 2030 meidlichkeit der Trennung erkannten, und die Kleindeutschen von ehedem
935 1998 2519 2088 fühlen längst wieder in sich den Schlag eines großdeutschen Herzens. Fürsten
929 2064 2515 2143 und Völker haben sich darin gefunden. Noch im Jahre 1863 hatte Kaiser
925 2115 2517 2201 Franz Josef die deutschen Fürsten ohne den Hohenzollern im „Römer“ zu
931 2173 2517 2255 Frankfurt um sich vereint, um das rollende Rad der Geschichte rückwärts zu
925 2235 2517 2312 wälzen und noch einmal in Germanien den Doppeladler, an Ehren und an
931 2283 2515 2362 Siegen reich, wieder aufzurichten. Im Jahre 1908 aber sind die reichs¬
917 2334 2509 2432 deutschen Fürsten unter Führung des Hohenzollernkaisers demselben Franz
919 2392 2501 2480 Josef genaht, um ihm in Wien am Tage seines sechzigjährigen Regierungs¬
921 2444 2509 2545 jubiläums persönlich zu huldigen — nur ein äußerlich hesischer Vorgang
923 2511 2503 2603 freilich, ohne politische Bedeutung des Augenblicks, und doch argwöhnisch
911 2567 2507 2653 umlauert von den nichtdeutschen Nationalitäten Österreichs; denn der tiefere
921 2631 2503 2716 Sinn dieses Vorganges zeigte nicht nur den erschütternden weltgeschichtlichen
919 2675 2505 2762 Umschwung eines Zeitalters menschlich überwunden, sondern er verriet der
921 2730 2499 2824 Welt mit symbolischer Eindruckskraft, daß die staatliche Trennung von einst
917 2798 2255 2878 zahllose unsichtbare Bande nicht hatte zerschneiden können.
1013 2836 2495 2933 Was an solchen unsichtbaren Banden zwischen Deutschen und Deutsch¬
907 2907 2499 2985 Österreichern vorhanden ist, das wissen und erfahren wir alle Tage auf den
917 2967 2493 3051 Gebieten des geistigen Lebens, wo die zartesten Keime und Blüten nationalen
919 3017 2493 3104 Daseins sich enthüllen: in Kunst, Literatur und Wissenschaft sind wir trotz¬
913 3088 2499 3168 alledem ein Volk geblieben. Dankbar empfinden wir immer von neuem den
915 3130 2493 3218 Segen, daß die deutsche Kulturnation sich nicht deckt mit der deutschen
915 3194 2493 3284 Staatsnation, sondern weiter reicht und ein unsterbliches Leben in sich selber
911 3238 2493 3331 führt. Eine große deutsche Literatur blüht auf dem Boden unserer Sprache
901 3309 2493 3397 und unseres Volkstums, und sie weiß nichts von der politischen Trennung
905 3367 2493 3445 der Staaten. Mit Stolz zählen wir die deutsch=österreichischen Dichter zu den
901 3431 2493 3502 unsrigen, und es scheint eher, als ob das Gefühl dieser Zusammengehörigkeit
903 3473 2489 3556 sich verstärkte, denn daß es sich lockern wollte. Denn als der Größte von
896 3522 2488 3604 ihnen, Franz Grillparzer, in den Zeiten des Deutschen Bundes seinen bitteren
894 3588 2495 3682 Leidensweg unter dem lähmenden Drucke Altösterreichs ging, und damit
909 3707 991 3809 1
2760 131 2852 183 —
