3344 4352
1213 181 1696 302 box 44/10
162 184 1035 314 13. Miscellanes
724 1321 1658 1420 dem Berichte des Gr. Forsberg.
721 1448 3259 1547 blick auf die Nähe des Todes zu vertiefen, nirgends Bajuvarische! Es ist nur gerecht, zu erwähnen, daß anfall am Schlusse hätt
718 1509 953 1594 verleugnet.
1760 1509 2763 1591 Herr Groß in dieser Rolle ebenfalls ausgezeichnet
2792 1502 3256 1579 logischen Charakter tra¬
800 1531 1718 1617 Im Gegensatze zu Bahrs „Armen Narren
1756 1556 2760 1614 war, und daß er das hilflose: „Macht ja nix
2789 1556 3246 1614 Narr!", das er dem
718 1604 2757 1664 zeigt Schönherr in den „Karnerleuten ein Stück Füchsel, daß Du's dem Gendarmen gesagt hat!“
2782 1614 3256 1683 war mit zu viel Bewu
727 1655 1728 1712 Leben von der Landstraße in streng naturalistischen
1760 1655 2760 1709 an der Leiche des Kindes sogar noch etwas ergrei¬
2786 1655 3240 1725 May gefiel in der
724 1709 1728 1769 Objektivität, ohne sentimentale Beimengungen
1763 1706 2760 1763 fender gesprochen hat als Treßler. Aber dem könnte
2789 1702 3262 1772 Mädchens, Herr Dr.
721 1760 1725 1823 ohne Einmischung einer Idee. Diesem sicheren und
1760 1756 2757 1807 man wieder manches andere Detail entgegenhalten
2782 1753 3259 1839 ihn auch in den vorde
721 1804 2751 1868 gesunden Betrachten des Menschenseins ist selbst das dem Gaste besser gelungen ist. Und wie präch
2782 1801 3078 1890 nicht verstand.
721 1849 2757 1915 einfache Parteinahme an den einzelnen Figuren tig waren seine Masken! Im ersten Einakter er¬
2846 1839 3259 1922 Ein Teil des Publi¬
727 1896 1728 1957 fremd. Den lustigen Gauner und den bärbeißigen
1760 1906 2757 1960 zählte schon das etwas verdrossene Aussehen, der
2779 1887 3256 1966 zufrieden. Hermann Be
721 1953 1725 2004 Landjäger, beide zeichnet Schönherr mit gleichen
1753 1950 2754 2007 etwas ungepflegte Bart: „Mann, der keinen großen
2782 1960 3262 2023 herrs „Karnerleute" fa
718 2004 2763 2058 Ruhe und Vorurteilslosigkeit. Jeder erhält sein Wert auf Gesellschaften legt, der Ruhe und
2789 2004 3265 2077 setzlich nicht im Sinne
724 2042 2747 2103 Gewicht an guten und an bösen Eigenschaften, und Gemütlichkeit eleganter Außerlichkeit vorzieht.
2779 2049 3259 2125 mit den Opfern die
718 2093 1725 2182 beide entschuldigt für die bösen ihre Stellung
1760 2100 2757 2150 Im „Armen Narren“ war die Erscheinung, die
2782 2096 3240 2157 geschichte, sondern im
727 2144 1236 2220 innerhalb der Gesellschaft
1760 2150 3265 2214 Stimme, die eines schwer kranken und zugleich doch ist der arme Teufel
791 2179 1725 2255 Herr Treßler wechselte gestern dreimal das
1753 2201 3259 2258 von Mißtrauen und Mißgunst erfüllten Menschen so viel sympathischer a
1744 2255 2744 2309 und in den „Karnerleuten las man dem „Vintsch
721 2230 1718 2303 Kleid, die Maske, den Charakter. Jedesmal er
2776 2252 3256 2319 jahre so beifällig aufge¬
727 2287 1725 2360 schien er als ein anderer und jedesmal vergaß
1747 2300 2747 2360 gauer Treßlers das Vagabundentum und zu
2773 2300 3246 2363 Dieb die Heldin, die
718 2347 1722 2404 man über der Aufgabe den Schauspieler. Ein
1753 2344 3259 2408 gleich die Harmlosigkeit eines Menschen, der keiner vergreift, um seidene U
721 2398 2427 2455 höheres Lob läßt sich kaum spenden. Wie köstlich Roheit fähig ist, vom Gesicht ab.
2770 2401 3262 2465 der das Auge ihres
1807 2408 2744 2503 Von unseren Darstellern erschienen im Lust
718 2449 1715 2500 zeigte er in Fuldas Lustspiel das Schwinden der
2770 2439 3262 2512 Repertoire unserer Büh
718 2474 3268 2573 Verstimmung des jungen Ehemannes in der spiele Fräulein Fernau und die Herren Zuschauerschaft so verdor
718 2544 3259 2617 wachsenden Aussicht, seine Frau einmal allein be=Schroth und Großmann neben dem Gaste Heiteren gegenüber auf
721 2589 1722 2649 sitzen zu dürfen. Wie häßlich-echt zeichnete er die
1747 2592 3243 2655 gut am Platz. Im „Armen Narren“ konnte man Ernstes und Tragisches
721 2639 1718 2703 Reizbarkeit, Mißgunst und die hämische Schaden¬
1747 2649 3262 2703 es mit Zufriedenheit sehen, daß der Gast Herrn oder ein unwilliges „ent
1744 2690 2757 2747 Marlitz bei allen Beifallsstürmen mit vor die
721 2697 1718 2754 freude eines niederen, durch schwere Krankheit ge¬
2782 2700 3256 2763 finden den ewigen Blöd
711 2738 1718 2798 prüften und erbitterten Charakters im „Amen
1744 2744 2747 2801 Rampe brachte. Sein geisteskranker Komponist
2773 2744 3259 2830 Schwänke viel entsetzlich
715 2795 1712 2849 Narren“. Und was für ein lieber, gutmütige
1744 2795 2751 2852 war rührend in seiner stumpfen Gleichgiltigkeit
1747 2846 2760 2903 und seiner darauffolgenden Verklärung unter dem
715 2843 1718 2906 Kerl war sein armer Teufel von Gauner in den
718 2887 2773 2960 „Karnerleuten“. Wie prächtig sprach er dazu das Abglanze seliger Erinnerungen. Nur der Zorn¬
