3392 4352
623 74 1609 155 Der Master Kofler erzählt, daß in der Nacht des
144 81 512 159 schon Nachmittags
139 142 1615 192 bends sei er dann Ueberfalles, um ¼1 Uhr, Julius Bauer in's Café Rahn
142 183 1615 235 mengetroffen, bereits kam. Gleich darauf kam Friedmann, Handl und Adler. Fried¬
527 214 1615 273 mann suchte im Local mit den Augen, bis er Bauer auffand,
139 253 1618 303 ge, ist es richtig, daß eilte dann auf ihn zu und theilte ihm etwas mit. Dr. Baum¬
144 297 1620 344 ertheimer auf=garten: So ist es ja ganz gut gegangen; um ¾12 Uhr das
527 334 1615 384 Attentat, um 12 Uhr Café Glattauer, um ¼1 Uhr Bericht an
139 333 434 377 aus zu prügeln?
144 371 1620 419 dies dankend ablehnte, Herrn Bauer.“ Friedmann will jedoch Bauer nur ge¬
137 406 1618 475 uge: Nein, das be= beten haben, einen unentstellten Bericht im „Extrablatt“ zu
534 443 663 499 bringen
176 467 503 541 am kritischen Tage
628 469 1615 538 Dr. Baumgarten: Warum sind Sie denn nicht
144 521 506 578 „Fackel“ gezeigt und
600 530 1615 582 „Wiener Zeitung“ gegangen? (Stürmische Heiterkeit.)
166 563 1615 617 beabsichtige, sich an Richter: Ich bitte, ich kann solche Angriffe nicht zulassen.
176 599 503 656 könne er sich nicht
624 604 1611 654 Es wird nunmehr Julius Bauer (!), Chefredacteur
139 639 1615 689 ß am nächsten Tage der „Illustrirten Hacke", vorgerufen. Derselbe sagt, er habe
151 682 1613 733 Fackel" gekauft habe, Friedmann nicht gerathen, Kraus zu ohrfeigen, habe ihn auch
148 721 1615 770 us sei Nachts ein nicht in's Café Rahn bestellt. Friedmann wußte, daß er dort
139 757 1615 813 in erwiderte: Das zu finden sei und habe ihn gebeten, eine redactionelle Notiz
153 804 1615 861 chmittags ge= uber den Fall zu schreiben. Er (Zeuge habe dies jedoch ab¬
151 837 1502 885 gelt werden gelehnt, bis die anderen Blätter Berichte haben würden.
623 872 1609 929 Dr. Baumgarten: Ist Ihnen erinnerlich, wie die
144 887 503 970 von Bediensteten des
532 907 1613 975 Recension in Ihrem Blatte über das „Dreieck gelautet hat?
139 948 499 996 ben geben überein¬
580 963 1613 1007 Bauer: Nein, ich kann das nicht auswendig lernen. —
142 996 1613 1059 in Friedmann Dr. Baumgarten: Nun, im „Extrablatt" steht, das
142 1035 1615 1086 saren. Ein Marqueur Werk soll der Erstling eines Anfängers sein. Es zeigt aber
176 1075 1613 1133 gehört, wie Herrn solche Bühnenkenntnis und Routine, daß man es für das eines
168 1103 1615 1171 nicht hineinmischen, erfahrenen Autors halten kann. — Bauer: Ich habe
198 1140 501 1197 erklärt, gesehen
527 1149 1615 1210 Friedmann nicht protegirt, obzwar dies von mir behauptet
139 1184 1615 1245 bis jetzt immer in wurde. Ich habe von Seite des Herrn Kraus ganz andere
139 1230 1611 1286 war in der Nähe stand, Angriffe zu erdulden gehabt und habe stillgeschwiegen. Die
144 1258 503 1308 auer vom „Café
530 1269 1611 1321 erste Nummer der „Fackel“ war einzig meiner Person ge¬
142 1302 1615 1365 sueur der sogenannten widmet und ich ward gleichsam an allen Straßenecken plata¬
176 1339 1617 1408 beauftragt wurde, tirt. Einzig und allein sind diese Angriffe erfolgt, um ein
151 1375 1620 1434 ß Abends telephonirt Geschäft zu machen. (Diese Worte haben stürmische Oho¬
146 1421 1615 1487 Auf die Frage des rufe im Auditorium zur Folge.) Bauer (laut): Ich wieder¬
137 1465 1615 1528 friedmann von hole, einzig um ein Geschäft zu machen. (Erneute Ohorufe.)
151 1485 497 1541 int dies der Zeuge
532 1511 1615 1557 — Auf die Frage Dr. Neu das sagt Bauer, er habe
163 1535 1611 1591 4 Uhr Nachmittags Friedmann nicht in die Literatur einge¬
536 1587 1615 1631 führt. (Heiterkeit.) — Staatsanwalt zu Fried¬
144 1583 499 1663 stellt Dr. Baum¬
527 1624 1618 1674 mann: Wie können Sie dann zu Fränkl sagen: „Der
168 1652 1609 1705 Befragen hat heute Bauer wartet schon auf das Resultat“. — Friedmann:
139 1690 1609 1746 . Wertheimer Ich habe Fränkel Manches gesagt was
163 1727 1629 1790 haben, mitzugehen, nicht wahr war, weil ich wußte, er ver¬
144 1772 977 1836 Feigling“ zugerufen kehrt mit Kraus.
168 1799 499 1851 Herr Dr. Wert¬
619 1809 1609 1877 Dr. Baumgarten (zu Bauer): Warum haben
142 1838 1611 1920 ft angeboten und ist Sie später doch den Bericht aufgenommen, den Fried¬
151 1879 497 1931 tionär spricht sich da¬
523 1907 1609 1960 mann schrieb — Bauer: Ich bitte, man nimmt ja
140 1923 1251 1992 sicht unter Anklage auch einen Bericht über einen Mord.
1304 1944 1609 1993 — Dr. Baum¬
142 1958 316 2008 antrag ab.
519 1984 1613 2030 garten: Ja, aber doch nicht vom Mörder!
144 2010 1604 2075 pacteur der „Neuen (Stürmische Heiterkeit.) Damit war die Vernehmung Bauer's,
157 2040 499 2088 nn als Alibizeuge
527 2058 1615 2110 dessen theatralische Haltung während seiner Vernehmung den
203 2082 499 2136 daß er mehrmals
530 2095 1613 2160 komischesten Eindruck machte, beendigt und es wurde nun
177 2112 499 2176 Während die An¬
530 2134 1114 2189 Hermann Bahr einvernommen.
151 2160 506 2211 ann beim Mozart¬
623 2163 1609 2226 Derselbe, 35 Jahre alt, zu Linz geboren, confessions¬
144 2202 1604 2261 sing kam, worauf erlos Herausgeber der „Zeit", gibt an, er sei wegen Wache¬
144 2245 1609 2309 ptet Baumfeld, beleidigung mit 25 fl. und wegen eines groben
139 2278 493 2341 „Café Glattauer
525 2289 1496 2346 Briefes, an Kraus gerichtet, zu 5 fl. vorbestraft.
619 2328 1615 2376 Richter: Sie sollen, Herr Zeuge, dem Angeklagten
148 2335 506 2411 schriftstellername Felix
532 2359 1604 2415 Friedmann gerathen haben, Herrn Kraus als Ant¬
157 2411 1605 2457 estraft. Er habe wort auf seinen Artikel zu prügeln? — Bahr: Das
148 2431 1611 2502 sigten geohrfeigt. Gegentheil ist wahr. Ich habe, als Friedmann ganz
176 2472 1609 2535 daß Kraus stets verzweifelt zu mir kam, gesagt: Hier gibt's nichts Anderes,
137 2487 1605 2572 Kraus in Hietzing als ein neues Stück schreiben und dieses
139 2546 321 2603 hr Nachts.
523 2568 1609 2622 Stück besser zu machen. (Heiterkeit.) Ich stehe
144 2570 497 2642 erdings den Antrag
530 2599 1605 2647 hier persönlich immer auf dem Standpunkte der
142 2638 1613 2697 da dieser über den ritterlichen Satisfaction. An der war hier nicht
139 2675 1605 2725 ne. Der Antrag wird zu denken. Friedmann erwiderte auch, daran
144 2710 1604 2775 ser (l) sagt aus, er denke ich nicht (Heiterkeit), ich muß ihn orfeigen. Ich
142 2753 1604 2812 in und Hirsch, antwortete ihm: Lieber Friedmann, seien Sie nur
137 2792 1615 2849 sen gesehen. Auf der ein einzigesmal originell in Ihrem
148 2819 497 2877 n: Jetzt wird
527 2834 1609 2884 Leben. Man wird einfach sagen, Sie haben es Salten
163 2858 499 2912 gibt jedoch zu, daß
532 2869 1611 2919 nachgemacht. Bedenken Sie doch auch, welche Riesenreclame
155 2895 1604 2965 ihm in's Kaffeehaus Sie diesem Menschen machen. Friedmann aber ließ sich
161 2939 1609 2998 Baumgarten nicht besänftigen. Ich stellte ihm vor, daß ich seit Jahren von
222 2978 1611 3037 Hirschfeld zwei Menschen in Wien, von Ehrenfeld in der „Gesell¬
144 3013 499 3067 rial“. Dr. Baum¬
536 3030 1609 3089 schaft“ und von Kraus angegriffen wurde und dabei
148 3048 503 3100 wichtig, weil daraus
530 3069 1227 3109 Carrière gemacht habe. Es war umsonst.
148 3098 503 3150 au von allen
619 3091 1609 3154 Dr. Baumgarten: Herr Richter, ich bitte, mir
142 3143 1609 3192 states unter eine Frage an Herrn Bahr zu gestatten, was er über die
521 3183 1609 3239 Begabung des Oskar Friedmann denke. Der
530 3224 1297 3274 Gerichtshof läßt diese Frage jedoch nicht zu.
146 3194 499 3272 r Werner vom
148 3253 493 3311 t, daß sich Adle
623 3244 1609 3305 Nunmehr wird Kraus als Privatbetheiligter ein¬
142 3298 1604 3350 . Er sagte, ich wußte vernommen. Derselbe ist 25 Jahre alt, mosaisch, in Ficin,
521 3338 1613 3386 Böhmen, geboren, antwortet auf die Frage, ob er mit einem
148 3372 1615 3429 jeur, gibt an, er sei der Angeklagten verwandt sei, mit „Glücklicherweise
153 3414 1613 3462 ommen, als schon die nein". Er erzählt dann den Hergang des Ueber¬
536 3451 1615 3503 falles. Plötzlich sei in das Café, wo er mit Schick
192 3464 1605 3538 nun die Einver¬ im Gespräche stand, ein Rudel, eine Rotte von Leuten von
163 3521 1602 3579 aussagen soll, daß Griensteidlherkunft, an der Spitze Friedmann gekommen. Der
151 3569 1604 3621 eine Broschüre über Letztere warf ihn auf's Sopha, gröhlte dabei etwas, stieß un¬
144 3604 1604 3654 Brief von Hermann articulirte Laute aus und mißhandelte ihn. Ehe er sich über
146 3645 1605 3701 dem Drucker erklärt Zeit und Ort klar werden konnte, war das Rudel schon ver¬
216 3682 501 3734 gar nichts
530 3688 1609 3734 schwunden. Kraus gab an, vier Tage bettlägerig gewesen
144 3725 1613 3782 soßjährig.“ (Be¬ zu sein. — Staatsanw.: Sie geben zu, Herr Kraus,
151 3765 1526 3810 legen aus, und der daß Sie Herrn Friedmann angegriffen haben?
151 3800 1604 3859 ller und Frisch Kraus: Nein, das gebe ich nicht zu. Ich habe nur an dem
527 3841 1605 3889 typischen Fall Kraus die Wiener Theaterverlotterung und Ver¬
144 3859 499 3935 r letzten Serie von
530 3882 1604 3928 luderung gegeißelt. — Dr. Neuda: Ihr Artikel beginnt mit
530 3920 1607 3972 einer Notiz aus dem Amtsblatt der „Wiener Zeitung". Sie
139 3931 1609 4007 , soll darüber aus sagen da, daß Friedmann wegen gerichtlich erhobenen
2163 140 3239 185 eine solche Antwort, wie sie auf diese Kritik ertheilt wurde, ist nicht
2165 177 3235 218 zulässig. Der öffentliche Ankläger besprach sodann die That¬
2163 214 3233 260 sache, daß der Angeklagte Friedmann unter Vormundschaft
2163 249 3239 292 stehe, und ist der Ansicht, daß die Verhängung der Vormund¬
2163 288 3237 340 schaft wohl nur aus Rücksicht auf das große Vermögen, das
2160 325 2675 381 Friedmann ererbte, erfolgt ist.
2258 349 3235 414 Der öffentliche Ankläger beantragte schließlich für alle
2158 397 3233 453 Angeklagten die Verurtheilung zu einer Arreststrafe. Doctor
2163 440 3237 490 Baumgarten als Vertreter der Privatbetheiligten
2160 486 3239 530 plaidirte für Milde gegenüber Friedmann, der eigentlich
2165 523 3237 565 nicht der Hauptschuldige sei. Es sei festgestellt, daß Vor¬
2160 560 3239 602 besprechungen über die Affaire stattgefunden, und es liege des¬
2156 595 3237 645 halb seitens der übrigen Angeklagten stillschweigende Kund¬
2156 636 3237 687 gebung des Willens vor. Schließlich verlangt Dr. Baum¬
2163 676 3237 722 garten eine Krone Schmerzensgeld für
2150 715 3233 759 Kraus. — Dr. Neuda für Friedmann führte
2154 756 3239 804 aus, daß sein Client in der maßlosen Aufregung, in die ihn
2150 789 3231 835 der Artikel versetzt hatte, nicht anders handeln konnte. Für
2160 831 3233 883 gewisse Anwürfe gebe es im „Volksbewußtsein", kein anderes
2150 868 2736 913 Mittel, als das hier angewendete.
2258 898 3235 968 Hierauf ergriff Dr. Baumgarten nochmals das
2163 935 3239 992 Wort, um darauf zu verweisen, daß verschiedene Tagesblätter
2160 985 3233 1033 in ihrer Kritik des „Dreieck“ schrieben, das Stück sei eine
2163 1020 3233 1070 Probe für den „gesunden Menschenverstand“. Kraus war
2160 1064 3239 1107 also durchaus nicht der Erste, der die Vormundschaft des
2160 1099 3233 1162 Friedmann mit dem „Dreieck“ in causalen Zusammen¬
2156 1138 2387 1192 hang brachte.
2254 1168 3241 1232 Der Richter GRS. Dr. Fröhlich verkündete sodann
2150 1210 2843 1264 das bereits oben erwähnte Urtheil.
2258 1247 3231 1310 Friedmann wurde schuldig erkannt nach § 411
2162 1275 3239 1345 Kahane und Handl der §§ 5 und 411, also der Mit¬
2160 1332 3194 1382 schuld, ebenso Adler der Mitschuld an der Uebertretung.
2252 1365 3237 1421 Bei Friedmann wurden als erschwerend
2160 1406 3239 1454 angenommen die Vorbereitungen zur That, als mildernd unter
2156 1445 3237 1491 Anderem der Umstand, daß er krankhafte Anlagen
2163 1487 3237 1528 besitze; bei Adler erschwerend die umfassenden Vor¬
2156 1520 3248 1572 bereitungen und der Umstand, daß er eigentlich das Attentat
2160 1565 2352 1615 ermöglichte.
2252 1589 3239 1642 Der öffentliche Ankläger meldete bezüglich des Frei¬
2160 1633 3239 1696 spruches des Stößler und des Strafausmaßes bei
2150 1678 3039 1740 Handl und Kahane die Berufung an.
2254 1705 3246 1763 Dr. Neuda berief gegen das Strafausmaß bei
2160 1748 3239 1805 Friedmann, die übrigen Vertheidiger theils puncto
2156 1787 2997 1851 Schuld allein, theils puncto Schuld und Strafe.
