3344 4352
150 271 1007 370 13. Miscellaneous
1201 289 1669 379 box 44/10
866 880 1804 929 Es erschien dem Stadtrat daher angezeigt, das
64 873 745 942 onsohn in Front und gewann sicher
786 917 1808 973 Projekt der Herstellung einer Gleisschleife beim
64 939 515 992 Länge, vier Längen.
786 966 1800 1010 Rennplatz wieder aufzugreifen und da die Weiter¬
73 977 447 1025 eg; 19, 18: 10 Platz.
795 1060 1805 1109 schaft rein untergeht, sind die Ecksteine. Und was
73 1060 734 1113 hütterung tiefes Fühlen zu er¬
792 1092 1802 1149 zwischen den ersten und den letzten Werken an
69 1099 743 1141 Nein, weder in Ihren Novellen
795 1135 1799 1186 Größerem oder Kleinerem, Geglücktem oder Blasse¬
78 1140 740 1185 dramen wird gewertet, geurteilt,
795 1174 1796 1221 rem da ist, sind nach dem Goethewort Lebens¬
91 1183 743 1221 Menschen und ihren Erlebnissen
804 1214 1790 1261 puren, für jenen also, dem nicht das Werk, son
69 1218 740 1261 wenn Sie nur Silhouetten schnei¬
789 1254 1793 1302 dern das Wirken, nicht das Ziel, sondern die pracht¬
76 1255 745 1302 den des Medardus Klähr oder der
795 1295 1805 1335 volle Bewegung eines Sterbenden die Hauptsache
73 1298 749 1356 ses grotesken Kakadu an die Wand
795 1333 1799 1385 ist, weitaus Teureres als zufällig geglückte oder
159 1336 749 1383 Sie haben alle die Leute und
786 1370 1796 1420 auch klug ersonnene, wirksame Theaterstücke, No¬
64 1369 738 1420 zueinander, voneinander, durch¬
792 1412 1802 1458 mane, „Literatur. Höchste Kunst — manche nen¬
60 1414 749 1458 er gekannt, Ihr Herz hat sie um¬
792 1453 1799 1501 nen's dichterisches Genie — ist eben zum letzten ent¬
63 1456 745 1503 gefühl sie umspült; und ohne je die
786 1484 1790 1533 wickeltes Talent. Darum ist es nicht Armut, son
60 1489 747 1541 senden und Richtenden zu haben,
795 1534 1802 1578 dern Zeichen schöner und ernster poetischer Arbeit,
66 1533 753 1582 den Wegen Ihrer Geschöpfe den
792 1569 1799 1618 daß jene Motive, die Schnitzler zum Formen der
64 1565 745 1622 sen Seele sehen. Und wir spürten
792 1601 1799 1653 ersten Sätze drängten, auch die vollen Töne seiner
87 1610 749 1670 Hoffnungen u. auch Forderungen
795 1645 1534 1692 letzten uns bekannten Werke ergeben.
94 1647 749 1695 Ihnen kämpfen und denen Sie
864 1678 1802 1727 Man mag sie alle, die frühen und die späten, die
60 1686 747 1737 ing wünschen. Was soll man Har¬
792 1722 1802 1768 in Poesie und die in Prosa, Spiele des Lebens mit
64 1727 745 1772 enn nicht diese Einheit und Innig¬
798 1767 1802 1807 ernstem Hintergrund nennen. Wenn er das ver¬
58 1764 752 1812 in fürs Freiwild den armen Leut¬
795 1798 1807 1847 liebte Mädchen und den leichtsinnigen jungen Herrn
64 1803 754 1848 setzte, unfreie Menschen uns die
792 1840 1799 1888 in dem oder jenem Stück die Stunde fühlen läßt,
64 1845 750 1892 haben, oder die verästelten, irren
795 1881 1796 1926 wo das Unabänderliche eben unabänderlich wird,
64 1884 753 1935 dischen Rasse im Kampfe mit der
798 1916 1805 1969 kein liebes, kein süßes, auch kein noch so kluges
67 1922 747 1966 rer Heimat — natürlich nicht der
801 1960 1802 2005 Wort und keine anmutige Gebärde den Schlag mehr
76 1960 752 2005 tönen ließen, — immer haben Sie
798 1993 1802 2047 abwehren kann — das ist ein Thema Schnitzlers.
64 1998 752 2048 begriffen, gezeigt; in ihren Herzen
801 2037 1802 2080 Und ein anderes, fast das andere: wenn jene Men¬
60 2038 743 2080 seelen und Seelchen haben Sie die
798 2073 1802 2127 schen die Einsamkeit zu spüren bekommen, die zu
60 2075 754 2123 nen Naturen zu erfassen vermocht.
801 2114 1796 2165 viel küßten und Menschen deshalb nicht festhalten
60 2116 753 2160 Ihre Gewalt aus einem warmen,
795 2155 1803 2199 können, die allen Reichtum mit allen Sinnen sassen
58 2158 750 2206 sitten Verstehen aller Menschlichkeit
795 2192 1799 2238 wollen und darum in weicher, nicht weichlicher, Re¬
91 2197 752 2262 von Schlacken freien Dichtungen
798 2232 1802 2283 signation die harte Grenze erkennen müssen, wo die
798 2272 1802 2319 Verlassenheit anfängt. Verwoben, verdichtet in
804 2310 1802 2357 solche Tragik ist dann das Gefühl, das ein Reigen
795 2352 1799 2395 der Verliebtheit, der frohen sinnlichen Wünsche uns
67 2345 754 2407 nicht wahr, was die Leute so gerne
792 2386 1802 2438 alle umschlingt, aber auch jene Traurigkeit keinem
55 2399 749 2448 nitzler sagen und schreiben, daß er
795 2427 1799 2472 erspart bleibt, daß der Sieger, die Siegerin von
40 2438 754 2488 ler oder Kollege jener französischen
795 2467 1796 2515 heute, morgen verwundete Geschöpfe sind, wir ein
51 2480 752 2524 ren Horizont nur die Reflexe der
792 2507 1805 2555 jeder unser Teil am Leide bezahlen müssen. Das ist
51 2513 752 2566 legante Gesellschaft einschließt. Oder
792 2544 1805 2592 nicht Pessimismus, nicht Weltschmerz, sondern der
58 2552 752 2609 seiner Stoffe und seiner Dichter¬
795 2583 1803 2625 Ausdruck des Gefühls, daß selbst die Frohesten und
78 2598 745 2639 und auf immerdar eng sei einge¬
792 2620 1796 2668 Reichsten Stunden haben, da sie die Zeit der Jün¬
60 2630 754 2678 der Süßenmädelromantik und der
798 2661 1799 2709 geren gekommen spüren, ihrer Seligkeit zu dienen
55 2674 754 2722 sophie Wiener Menschen. Nur das
798 2700 1799 2746 haben oder der Tod seine Diener schickt, die mit
49 2713 758 2763 daß Schnitzler nicht zu den Naturen
795 2742 1796 2787 harten Knöcheln an die Türe anklopfen, hinter der
51 2751 754 2804 Gestaltung von Personen und Ge¬
795 2779 1604 2828 Abenteuer geschehen oder ersehnt werden.
55 2787 752 2839 singen, die ihnen innerlich fremd
870 2822 1800 2885 Abschied nehmen müssen, wenn noch der Glanz
51 2832 754 2878 nen mühsamen Poeten, die fast ge¬
792 2867 1799 2909 von vielen Erlebnissen und der Wunsch nach neuer
60 2869 753 2918 Problemen suchen, von denen sie
795 2902 1799 2950 Buntheit schimmert; das Pochen des unbekannten
46 2908 749 2954 hrt wurden. Entwicklung? Gewiß,
795 2945 1793 2989 Herrn (in der Liebelei), der unvermitteres Unglück
40 2954 753 3004 Dichter geschehen oder vielmehr er
798 2980 1796 3029 bringt, die Kälte, die in die Mainacht fällt, plötzliche
46 2985 758 3033 zen Einsatz seiner Künstlerschaft sie
801 3022 1799 3074 herbe Begegnungen oder die Empfindung, wie weit
46 3024 759 3076 st. Das Märchen, sein erstes Stück,
795 3060 1796 3103 voneinander sich Menschen entfernen können, die
40 3065 754 3107 erste, wundervoll rührende Novelle,
792 3097 1799 3153 einmal nahe waren, der Blick aufs weite Land, das
64 3107 754 3150 Medardus, sein letztes, das Stück
798 3135 1820 3206 sich jäh zwischen zwei Männern streckt, die Unüber¬
46 3143 759 3212 aben, der am Willen zur Helden¬
1249 3233 1730 3407 ende
1850 864 2866 923 britannischen Inselreich seit dem 1. Januar 1912 in Kraft. Als
1849 912 2864 952 Höchststrafe für Grausamkeit gegen Tiere sind fortan sechs Mo¬
1849 950 2864 1004 nate Gefängnis mit harter Arbeit angenommen, wozu noch
1849 979 2537 1023 eine Geldstrafe bis zu 500 treten kann.
1843 1061 2871 1109 brückbarkeit persönlicher Gegensätze oder Welt¬
1849 1101 2871 1159 gefühle, dann wieder der Anblick zweier Frauen,
1850 1149 2866 1196 wo von der einen zur andern Schmerz um Ver¬
1850 1181 2867 1240 lorenes einen Steig baut, indes in der Atmospäre
1847 1227 2873 1266 um sie tausenderlei einfache oder wirre Beziehun¬
1852 1264 2864 1318 gen ein immer wechselndes Bild von Unbesorgtheit
1843 1303 2866 1353 oder auch Unberührtheit schaffen — das sind Mo¬
1843 1339 2864 1385 mente, die Artur Schnitzler zarter aber plastischer
1847 1378 2868 1426 als irgend ein Deutscher, der jetzt lebt, gestaltet hat,
1848 1419 2863 1473 und die das Gedächtnis herbeiwinkt, wenn man sich
1852 1457 2862 1523 vergegenwärtigt, welche neuen Aufschlüsse dieser
1852 1494 2399 1557 Dichter uns vermittelt hat.
1929 1539 2864 1605 Der Stoff ist Erotik, nicht Sexualität übrigens,
1847 1582 2866 1644 die Werke aber geben mehr: die Beziehungen der
1845 1637 2864 1690 erotischen Charaktere und Schicksale unserer Zeit zu¬
1850 1672 2871 1723 einander und die Beziehung der Erotik zum Dasein
1841 1712 2864 1766 der Menschen, zur Zeit überhaupt. Und ob wir
1849 1755 2864 1798 nun Silhouetten von Menschen wieder vor uns
1850 1787 2866 1841 sehen, die Schnitzler in seinen Stücken geschaffen hat,
1847 1832 2862 1870 oder Klänge wiederkommen aus seinen kleinen Ge¬
1849 1866 2869 1920 schichten — es sind unsere Schicksale, von denen
1843 1904 2864 1953 da ein Lied, eine Ballade, eine Dramaszene handelt.
1845 1945 2864 1999 Die Betrügenden und die Betrogenen, die Eifer¬
1849 1983 2868 2029 süchtigen und die Einsamen, die Marionetten und
1843 2028 2859 2075 die mit dem Leben Spielenden — wir sind es, un¬
1848 2060 2863 2113 sere Sorgen und unser Lachen, unser Wünschen, un¬
1849 2102 2863 2143 ser Müdewerden, unsere Entscheidungen, die Ziegel¬
1852 2142 2867 2186 steine, die uns auf den Kopf fallen, werden da in
1841 2187 2864 2228 allerlei Licht und Lichtern, in aller Feine und Herb¬
1843 2219 2864 2260 heit, die Menschen unserer Zeit haben, vor uns ge¬
1849 2259 2859 2304 stellt von einem, der alles von uns zu wissen, uns
1848 2299 2869 2346 sozusagen auswendig zu kennen scheint. Das eine
1847 2340 2858 2385 Stück, der eine Roman ist besser, der andere uns
1852 2373 2859 2422 ferner. Eines aber ist immer da: was wir dumpf
1856 2413 2857 2461 spüren, uns bewegt; unser Begehren und unser
1856 2450 2863 2494 Leid ist da nicht nur ausgesprochen, sondern emp¬
1847 2492 2862 2535 funden, geformt, und so rüttelt es ans Herz. Ohne
1838 2531 2864 2576 daß uns Grausamkeit peinigt, wird unendlich viel
1843 2567 2863 2612 aufgedeckt, und wir sind auf die schönste Weise er¬
1852 2606 2859 2650 schüttert, weil in dem Dichter Wärme für das dumme
1847 2641 2855 2692 Mädel und ihren alten Vater, den Verlassenen und
1843 2684 2863 2737 den Toren lebendig ist, und all die Kinder seiner
1847 2727 2850 2770 Dramen, Roman, Skizzen denn auch durchdringt
1847 2763 2868 2810 weil Schnitzler nicht mit dem Gehirne, sondern mit
1840 2800 2862 2845 dem Gefühl dichtet es ist traurig genug, daß man
1838 2841 2868 2882 dies, weil es ja nicht eben häufig in der Welt der
1847 2878 2871 2947 Rampe und Druckerpressen ist, so eindringlich sagen
1839 2922 1951 2993 muß.
2525 2925 3129 3094 les
