3392 4320
205 278 1068 415 13. Miscellaneous
1258 303 1734 400 b 44/10
1633 1308 1714 1379 78
1065 1432 2254 1522 vorhalten; irgendwie gehört er in ihr Boudoir. Nicht
1065 1516 2260 1581 nur in seinen Anfängen; viel mehr noch später, als
1071 1556 2251 1624 er nachdenklich wurde und ihr sagte, daß sich über
1064 1611 2254 1670 uns ein Himmel wölbt und daß man nie wissen kann,
1075 1653 2251 1715 wie die Sache ausgehe. Schnitzlers Seichtigkeit war
1067 1690 2245 1761 das Abziehbild eines Jahrzehnts der schlechten Gesell¬
1065 1743 2245 1821 schaft und als solches von Wert für ein weiteres Jahr¬
1062 1795 2248 1870 zehnt; Schnitzlers Esprit war die Form der für ein
1059 1840 2245 1917 Zeitalter endgiltigen Männerschwäche. Schnitzlers Tiefe,
1058 1901 2245 1971 mit dem Verlust der Liebenswürdigkeit bezahlt, ist der
1064 1941 2246 2008 karge metaphysische Rest, der sich ergibt, wenn Anatol
1062 1990 2240 2068 Kommerzialrat wird oder sagen wir, Conseiller imperial.
1059 2038 2245 2114 Da der Autor die Verwandlung dieses Lebenstypus in
1067 2088 2239 2163 Treuen mitgemacht hat, so kann ihm die Liebe jener
1053 2138 2245 2216 nicht fehlen, die ohne die Nichtigkeit ihres Daseins
1052 2187 2239 2267 zu erkennen, von dem Vorhandensein einer Unendlich¬
1052 2242 2239 2318 keit sich überzeugen lassen und denen nach dem
1053 2300 2239 2359 schicksalswidrigen Handel ihres Tages gut und gern
1056 2344 2246 2411 die Erkenntnis einleuchtet, daß wir nur Marionetten
1056 2395 2233 2453 sind in der Hand einer höheren Macht und was der¬
1050 2440 2240 2496 gleichen Gewaltigkeiten mehr sind, die, jenseits der
1050 2487 2239 2558 Kunst vorgetragen, weniger sind als eine Zibebe, die
1046 2550 2236 2608 ein Dichter anschaut. Schnitzler wird immer etwas
1047 2581 2237 2645 bleiben, was als eine Verständigung zwischen Ibsen
1049 2640 2236 2712 und Auernheimer, der Gesellschaft die Befassung mit
1047 2683 2230 2750 Problemen erleichtert. Aber ich glaube beinahe, daß
1041 2737 2236 2796 seine Lebemänner Gestalten sind und seine Ewigkeit
1043 2774 2227 2857 ein Feuilleton. Helfen die Anwälte seiner Vertiefung,
1041 2834 2231 2895 helfen die Worte, die sie finden, nicht diesem Ver¬
1040 2877 2227 2954 dacht? »Hier waltet auch schon das Schicksal, wie
1043 2929 2222 2997 Schnitzler es ansieht, jenes Schicksal, das Pointierun¬
1047 2979 2227 3046 gen liebt... Das Schicksal ist ein besseres Feuilleton
1041 3037 2216 3095 als jenes, dem dieser Satz entnommen ist, das Schick¬
1034 3081 2221 3146 sal dürfte fast schon mehr ein Leitartikel sein. Ich
1046 3125 2213 3185 glaube, daß ein Mangel an Plastik von den Gegen¬
1038 3182 2224 3238 ständen zu den Zusammenhängen abschweift, und
1041 3226 2219 3293 die fertige Vorstellung, daß der große Puppenspieler
1035 3281 2221 3338 uns alle an unsichtbaren Faden hält, nur eine Ausrede
1043 3319 2227 3402 für das schuldbewußte Unvermögen ist, die Stricke zu
