3436 4320
337 134 1190 258 sans
1376 158 1859 263 b 44/10
1259 493 1863 580 Samstag, 17. Oktober 1908.
1166 562 2161 670 Strauß=Theater wird er spielen. Das Urtheil ist kon¬
1161 637 2165 731 plizirt. Sie werden weiter um ihn prozessiren. Aber
1152 669 2155 767 das Johann Strauß=Theater hat vorläufig den Ge¬
1156 727 2167 813 winn. Denn bei dieser Armuth an guten Darstellern
1161 770 2153 862 für die Operette ist Herr Treumann ein Gewinn
1156 826 2156 912 Und Leopold Müller eröffnet demnächst unter dem
1159 870 2150 966 Zeichen eines Gewinnes das neue Theater. Er sol¬
1150 926 2150 1014 über ein Musterensemble verfügen, dem bekanntlich
1150 983 2145 1065 auch Frau Krammer von der Budapester Oper an¬
1148 1021 2149 1117 gehört. Der alte Theaterpraktiker Müller wird, scheint
1150 1075 2155 1180 es, den anderen Operettentheatern Eines aufzulösen
1154 1113 1266 1175 geben.
1259 1170 2140 1256 Im Carltheater ist „Der schwarze Tenor" durch¬
1141 1199 2141 1311 gefallen und „Johann der Zweite macht nichts. Die
1123 1276 1892 1343 Schauspieler leisten sich das Wortspiel:
1254 1316 2135 1421 „Der schwarze Tenor war der erste Durchfall
1135 1375 1703 1440 und „Johann der Zweite
1242 1425 2141 1504 Die Operetten defiliren heuer im scharfen Tempo.
1131 1451 2139 1564 Das Theater an der Wien bringt morgen eine neue
1128 1514 2132 1606 Operette, das Raimund=Theater nächste Woche und
1131 1560 2139 1645 das Carltheater einige Tage später, dem das Johann
1132 1603 2116 1715 Strauß=Theater auf dem Fuß folgt. Vier neu¬
1126 1656 1801 1736 Operetten in kaum vierzehn Tagen!
1242 1712 2126 1801 Einem der Wiener Operettenkomponisten, der
1118 1739 2117 1849 sein kleines Talent kaufmännisch sehr gut fruktifizirt,
1126 1801 2124 1892 sehr eitel ist und sich, weiß Gott warum, einbildet,
1117 1853 2116 1932 daß ihm eine Kaiserliche Auszeichnung blüht, haben
1109 1888 2118 1998 die Schauspieler die Mittheilung zukommen lassen,
1117 1941 2121 2029 daß er dekorirt wurde, und zwar wurde ihm ver¬
1111 1991 2116 2092 liehen: „Das Kontorkreuz des Franz Josephquais mit
1107 2036 2023 2131 dem Praterstern, erster Klasse, tour und retour.
1219 2103 2110 2196 Da die meisten Wiener Theater jetzt keinen
1098 2136 2099 2224 Erfolg haben und eifrig proben müssen, um Neu¬
1104 2186 2102 2292 heiten zu bringen, ist es verwunderlich, woher die
1102 2248 2103 2355 Schauspieler die Zeit nehmen, solchen Unsinn aus¬
1102 2282 1262 2363 zuholen.
1212 2345 2096 2440 Der Konkurrenzneid wuchert in keinem Beruf
1089 2383 2098 2492 Oppiger als im Bannkreise des Theaters. Bei den
1093 2439 2092 2532 Schauspielern nennt man es Rollenneid, bei den
1086 2478 2092 2582 Komponisten artet es in Verfolgungswahn, aus und
1086 2531 2099 2638 die Dichter werden geistreich, wenn sie hassen. Ein
1084 2582 2086 2692 Ueberschuß an Satire, der sich sogar den Angehöri¬
1086 2638 1603 2725 gen des Dichters mittheilt.
1195 2691 2077 2788 Wenn das folgende Episodchen nicht wahr ist,
1078 2728 1963 2819 dann hat man es recht bezeichnend erfunden.
1204 2791 2078 2882 Schnitzler und Hoffmannsthal, die beiden Ri¬
1076 2801 2077 2931 dalen um den ersten Preis der Wiener Bühnenlie¬
1078 2878 2074 2971 ratur, befinden sich mit ihren Gemahlinen in einer
1075 2925 2069 3028 Gesellschaft. Schnitzler liest das jüngste Produkt sei¬
1070 2987 2075 3066 ner dramatischen Muse vor. Er liest ebenso liebens¬
1070 3025 2075 3116 würdig als er dichtet. Eine achtungsvolle Pause
1062 3074 2067 3168 tritt ein, nachdem er geendet hat. Man wird den
1062 3121 2072 3207 Dichter im nächsten Augenblick beglückwünschen.
1057 3178 2073 3277 Hoffmannsthal findet das erste Wort. Er sagt zu
1066 3205 1566 3296 seiner Frau theilnehmend:
1171 3267 1612 3339 „Du hast geschlafen?"
1171 3320 2058 3429 „Ach nein. Ich konnte nicht. Ich habe so furcht¬
1043 3338 1435 3428 bare Zahnschmerzen.
1190 3415 1474 3495 — 16. Oktober.
1579 3383 2004 3527 te doen
1322 3477 2050 3615 Gerichtshalle.
1167 3583 2049 3671 Budapest, 16. Oktober. (Die Kardos Banken.)
1037 3614 2045 3704 Heute wurden neuerdings einige Zeugen verhört, welche
1038 3666 2044 3756 über die näheren Umstände der Gründung der Joseph¬
1035 3720 2040 3804 und Franzstädter Sparkasse und über das geschäftliche
1041 3746 2039 3848 Gebahr Aufschlüsse gaben. Neues Material für die
1033 3800 2036 3887 Anklage wurde durch diese Verhöre nicht gewonnen,
1032 3835 2037 3929 denn es war schon bekannt, daß die Familie Kardos
1033 3887 2036 3977 mit Kellerwechseln operirte, daß sie in die Sitzungspro¬
1038 3923 2034 4015 tokolle auf Ertheilung unbegrenzten Kredits bezug habende
1029 3972 2029 4056 Beschlüsse hineinschmuggelte und daß sie Sparkasse¬
1027 4009 2031 4091 büchel fabrizirte ohne Unterlage. Der Präsident ord¬
1024 4063 2031 4153 nete dann die Verlesung mehrerer Dokumente und Briefe
1022 4098 1259 4144 an. Man
