3344 4256
182 197 354 291 13.
2233 61 3098 153 .
2236 144 3095 199 Denkwürdigkeiten, daß Lenau, der schwer¬
2236 177 3102 260 mütige Ungar, unausgesetzt aus seiner langen
1229 197 1704 293 box 44/10
383 195 914 302 n
2236 221 3100 280 Tonpfeife qualmend, in einer stillen Ecke
2936 258 3104 326 manches
2231 267 2909 335 des Silbernen Kaffeehauses so
2244 298 3100 368 seiner unsterblichen Gedichte mit der Blei¬
2236 359 2767 433 feder niedergeschrieben hat.
2279 370 3108 455 Im Jahre 1847 wurde an der Ecke der
2240 433 3104 494 Herren= und der Schauflergasse das nachmals
2240 479 3104 540 berühmt gewordene Café Griensteidl eröffnet,
2238 521 3104 582 das von Kundigen boshaft „Café Größen¬
2236 567 3100 628 wahn“ genannt wurde. Da sich das alte Burg¬
2236 608 3104 667 theater in unmittelbarer Nähe befand, fügte es
2244 650 3104 720 sich von selbst, daß sich dessen Schauspieler
2247 693 3108 750 regelmäßig im „Griensteidl“ einfanden, um
667 689 1028 788 Ausschnitt aus:
2238 735 3100 798 dort zu fachsimpeln, zu plaudern und zu in¬
1063 715 1365 842 Tag von
2244 774 3111 838 trigieren. Ihnen schlossen sich die Literaten
2238 822 3111 884 und die Publizisten an und bildeten Stamm¬
2244 862 3108 923 tischrunden. In den Neunzigerjahren wurde
1102 862 1319 973 3. P.
2240 912 3115 969 das Griensteidl, mit Hermann Bahr, Artur
678 914 814 998 vom
2247 947 3106 1008 Schnitzler und dem blutungen Vor¬
2247 993 3106 1054 (Hugo von Hofmannsthal) an der Spitze,
2238 1030 3115 1098 der Sammelpunkt einer neuen Dichtergenera¬
2244 1074 3111 1140 tion. Ein Original war der wohlbeleibte
2249 1118 2922 1190 Heinrich, der literaturkundige Ober.
2286 1138 3113 1223 Die Gründerjahre brachten mit der Ein¬
2253 1203 3115 1269 führung des Gaslichtes, der elektrischen Be¬
2247 1240 3115 1317 leuchtung und der Hochquellen-Wasserleitung
2238 1291 3115 1348 einen neuen Aufschwung der Wiener Kaffee¬
2251 1339 3115 1396 häuser, die in der ganzen Welt, sogar in
707 1341 2008 1468 Zweihundertfünfzig Jahre Wiener Kaffeehaus
2238 1374 3115 1437 Amerika, nachgeahmt wurden, deren Vorbild
2249 1420 3115 1488 aber nirgends erreicht wurde. Unter den un¬
2253 1461 3113 1529 gefähr 800 Kaffeehäusern, die es, die Volks¬
525 1446 2222 1533 Das Jahr 1933 bringt im Gefolge der städten Österreichs die ersten Kaffeehäuser.
2251 1503 3115 1571 kaffeehäuser nicht eingerechnet, heute in Wien
483 1507 2214 1579 Türkenbelagerungsfeier, auch das Jubiläum Berlin, Frankfurt a. M., Paris und Madril
2244 1555 3122 1628 gibt, sind die verschiedensten Typen vertreten.
1380 1553 2222 1614 folgten. Besonders in Paris begann das
486 1566 1352 1625 einer sehr geschätzten und populären Wiener
2286 1595 3113 1665 Nebst literarischen Kaffeehäusern, die auch
486 1592 2214 1667 Institution: das Wiener Kaffeehaus, feiert Kaffeehaus zur Zeit der Revolution eine groß¬
2693 1636 3111 1711 haben wir Schach,
486 1645 2225 1708 das zweihundertfünfzigste Jahr seines Be¬ Rolle zu spielen. Die berühmten Cafés Foy,
2244 1647 2649 1728 heute nicht fehlen,
2251 1680 3113 1759 Billard= und Kartenspielkaffeehäuser, Turf¬
492 1680 2220 1763 standes. Denn der urkundlich nachgewiesene Corazza, Chrétien und andere waren der Zu¬
1378 1719 2214 1787 sammenkunftsort der Jakobiner und Giron
2247 1728 3113 1792 und Sportlerheime, stille Lese= und flotte
483 1743 1348 1798 erste Kaffeschank Wiens (mit Ausnahme der
1374 1763 2220 1827 disten. Im Café Foy hielt Camille Desmou¬
2247 1778 3115 1842 Witwenkaffeehäuser. Alle diese Lokale haben
483 1785 1345 1862 türkischen Länder) ganz Europas wurde von
1385 1809 2220 1866 lins seine Brandreden gegen die Aristokraten
2483 1816 3115 1886 die köstliche Melange, das
483 1822 1348 1883 dem kühnen polnischen Kundschafter Georg
1393 1831 2454 1912 Im Café Corazza war ein finster blickender gemeinsam
483 1868 1348 1929 Franz Kolschitzky gegründet, der bekannt¬
1378 1862 3115 1953 Offizier Stammgast, ein Korse namens Napo- knusprige Gebäck, die Stöße Zeitungen aus
2244 1903 3115 1969 aller Welt, die aufmerksamen, menschenkundi¬
483 1921 1350 1971 lich an der Befreiung Wiens einen wichtigen
1380 1949 1800 2002 leon Buonaparte.
2247 1958 3124 2021 gen Kellner, kurz jene Atmosphäre der Be¬
486 1960 1350 2021 Anteil nahm. Zur Belohnung für seine klugen
1424 1975 2220 2045 Von Paris aus scheint die Sitte, eine groß¬
2255 1988 3119 2061 quemlichkeit und Behaglichkeit, die auf der
483 2004 1352 2058 und unerschrockenen Dienste bekam er von
1385 2039 2227 2089 Zahl Zeitungen aufzulegen, nach Wien ge¬
2253 2045 3122 2102 ganzen Welt nicht ihresgleichen findet und
483 2045 1350 2107 den Stadtvätern ein Haus in der Haidgasse
1385 2074 2227 2135 kommen zu sein. Im Café Kramer, Ecke der
2253 2080 3108 2144 dem Wiener Kaffeehaus zu seinem einzig¬
486 2087 1352 2159 geschenkt, und die Heeresverwaltung überließ
1378 2113 2229 2172 Goldschmiedgasse und des Schlossergäßchens
2253 2122 3076 2192 artigen internationalen Ruf verholfen hat.
486 2128 1348 2185 ihm unentgeltlich eine große Anzahl Säcke,
486 2159 2229 2240 deren Inhalt aus merkwürdigen grünen das als Wahrzeichen vor dem Eingang eine
2590 2177 3080 2260 Max Frankenstein.
1378 2203 2229 2262 mannshohe bronzene Negerfigur hatte, wurde
492 2218 1348 2275 Bohnen bestand. Es war ungebrannten
1378 2249 2231 2308 der Anfang gemacht. Der war bescheiden ge¬
486 2266 1350 2330 Kaffee, ein damals außerhalb der Türkei ganz
1378 2286 2233 2354 nug, denn außer dem Wiener Diarium und
490 2306 1348 2362 unbekanntes Genußmittel. Kolschitzky wußte
1378 2334 2236 2398 einigen Münchner und Berliner Zeitungen
494 2349 1348 2411 sehr wohl von seinen Spähergängen im türki=
494 2380 2240 2459 schen Zeltlager, wie man dieses köstlich dufgab es damals keine Tageszeitungen. Der
490 2424 2240 2492 tende orientalische Getränk zubereitete. Nach=Nachrichtendienst war schwerfällig genug, denn
1378 2468 2238 2513 er beruhte auf der mit der Postkutsche beför¬
492 2489 1350 2538 dem er zuerst vergeblich versucht hatte, mit
483 2496 2238 2575 den Bohnen, die niemand kaufen wollte, Handerten Briefpost. Nichtsdestoweniger fanden
1387 2542 2238 2612 sich im Café Kramer alle Größen der damali¬
492 2562 1352 2625 del zu treiben, eröffnete Kolschitzky im kleinen
1382 2588 2240 2669 gen literarischen Welt ein, um Neuigkeiten zu
490 2608 1348 2671 Bischoffshof, einem Haus in der heutigen
1385 2640 1549 2706 erfahren.
494 2653 1350 2719 Domgasse, dicht hinter dem Stephansdom
1420 2664 2244 2748 Sehr beliebt war das Café Stierböck am
492 2702 1050 2767 eine bescheidene Kaffeeschenke.
1380 2723 2238 2787 Anfang der Jägerzeile (Praterstraße), in dem
534 2739 1350 2811 Dort brachte er den ersten „Schwarzen“
497 2767 2231 2861 zunächst noch ungefüßt, zum Ausschank, und Nestroy und andere Schauspieler des Carl¬
492 2815 2236 2903 zwar in irdenen Töpfchen. Dieses erste Theaters, Komödiendichter und angesehene
499 2857 2229 2940 Kaffeehaus Wiens hatte großen Zulauf, be=Bürger vom Grund Stammgäste waren
501 2896 2233 2986 sonders als Kolschitzky auf Wunsch seiner Nestroy spielte dort jeden Nachmittag seine
501 2940 2240 3025 Gäste den Trank zu süßen begann. Nun Tarockpartie, soll aber in diesem Spiel ein
1380 2977 2229 3052 großer „Patzer“ gewesen sein. Im Fähnrichs¬
503 3010 1348 3073 stellte sich erst der richtige Erfolg ein. In
492 3030 2238 3115 kurzer Zeit erwies sich das Lokal als zu hof in der Singerstraße befand sich vor mehr
494 3065 2238 3157 klein und nun mietete Kolschitzky auf der als hundert Jahren ein verräuchertes
499 3113 2238 3196 Brandstätte ein größeres. Auch dieses genügte „Kaffeeg wölb. Es war das Stammlokal
1389 3161 2236 3220 Franz Schuberts und seines Freundeskreises
497 3183 1361 3257 nicht und der geschäftstüchtige Pole machte
1385 3209 2238 3264 Dort gab's nämlich — und das wird wohl für
501 3224 1354 3286 eine Kaffeeschenke im Schlossergäßchen (nächst
1387 3242 2244 3308 den stets mit Geldnoten kämpfenden Ton¬
499 3266 1358 3329 der Goldschmiedgasse) und eine zweite au
503 3288 2238 3382 dem Stock=im=Eisen=Platz auf, beide schon dichter das entscheidende Moment gewesen sein
1474 3334 2242 3402 für fünf Kreuzer einen annehmbaren
499 3353 1354 3417 ein wenig besser ausgestattet. Im städtischen
510 3375 2242 3461 Grundbuch findet sich bei einem Haus auf Milchkaffee, allerdings aber nur zwei Zeitun¬
501 3423 2244 3513 dem Stock=im=Eisen=Platz der Vermerk gen. Gäste, die auf Lektüre Gewicht legten,
1378 3463 2236 3526 mußten sich ihren Lesevorrat selbst mitbrin¬
503 3487 1345 3568 „Allwo das erste Kaffeegewölb.
547 3507 2244 3603 Die Nachkommen Kolschitzkys haben später gen. Alle diese Lokale besaßen nur geringen
501 3548 2242 3640 das Kaffeehaus in die Leopoldstadt verlegt, Komfort, sie waren räumlich beengt und mit
510 3609 1717 3692 gleich neben der damaligen Schlagbrücke, an Kerzen beleuchtet.
1433 3636 2244 3712 Im Café Kramer, das schon behaglicher ein¬
501 3666 1358 3725 deren Stelle später die Ferdinandsbrücke er
510 3688 2244 3773 richtet wurde. Die Genossenschaft der Wiener gerichtet war und sich deshalb großen Zu¬
1393 3732 2247 3793 spruches erfreute, verkehrten der Satiriker
508 3752 1363 3824 Kaffeesieder bewahrt noch heute ein Bildnis
1389 3771 2242 3841 Alois Blumauer, Leopold Haschka, der
508 3800 1361 3865 Kolschitzkys und verehrt ihn als Vater ihres
1378 3822 2247 3885 erste Dichter der Haydnschen Volkshymne, und
516 3857 704 3918 Gewerbes,
553 3857 2244 3953 Von Wien aus unternahm das Kaffeehaus viele andere Literaturgrößen der Josefinischen
516 3920 1844 4003 einen Siegeszug durch ganz Europa. Schon und franziszeischen Zeit.
1426 3933 2253 4053 Noch berühmter wurde das Silberne
508 3970 1363 4071 um 1710 entstanden in den größeren Provinz¬
