3344 4320
1217 229 1695 321 b 44/10
174 220 1047 338 nous
2031 314 2895 388 Kaffeehaus, das der Kaffeesieder Neuner im
2031 380 2890 436 Jahre 1820 an der Ecke der Plankengasse
2026 425 2892 473 und des Neuen Marktes eröffnete. Es war
2031 458 2892 515 mit einem für damalige Zeit unerhörten
2026 508 2897 558 Luxus ausgestattet. Die Kaffeetassen und die
2031 545 2892 604 Kleiderhaken waren versilbert, der Kaffee
2026 593 2890 648 wurde in schönen Porzellanschalen serviert,
2026 639 2892 696 an den Wänden befanden sich hohe Spiegel
2024 683 2901 735 und Ständer mit Pfeifenrohren, sogar ein
2024 724 2895 779 gutes Billard gab es. Dieses Kaffeehaus
2024 770 2899 818 hatte zahlreiche berühmte Gäste aufzuweisen.
2024 809 2886 881 So Nikolaus Lenau, Franz Grill¬
2026 855 2895 910 parzer, Anastasius Grün, Adalbert
2286 890 2895 953 Johann Nepomuk Vogel,
2026 901 2231 960 Stifter,
2310 938 2892 1012 Holte, Schreyvogel,
2022 944 2262 1003 Bäuerle,
2018 977 2888 1036 Deinhardstein und die Walzerkönige
2024 1030 2888 1082 Johann Strauß Vater und Josef
2022 1064 2892 1126 Lanner. Der Volksdichter Anton Lan¬
2024 1110 2890 1171 ger hat sogar einen Roman geschrieben, be¬
2011 1154 2892 1219 titelt: „Die Kassierin vom Silbernen Kaffee¬
2018 1204 2899 1252 haus." Karoline Pichler erwähnt in ihren
2024 1237 2895 1293 Denkwürdigkeiten, daß Lenau, der schwer¬
2022 1287 2892 1337 mütige Ungar, unausgesetzt aus seiner langen
2018 1331 2895 1379 Tonpfeife qualmend, in einer stillen Ecke
2011 1376 2892 1429 des Silbernen Kaffeehauses so manches
2026 1420 2892 1490 seiner unsterblichen Gedichte mit der Blei¬
2022 1459 2550 1529 feder niedergeschrieben hat.
2061 1472 2892 1560 Im Jahre 1847 wurde an der Ecke der
2015 1529 2890 1597 Herren= und der Schauflergasse das nachmals
2022 1590 2886 1649 berühmt gewordene Café Griensteidl eröffnet,
2011 1632 2895 1690 das von Kundigen boshaft „Café Großen¬
2011 1680 2881 1721 wahn“ genannt wurde. Da sich das alte Burg¬
2022 1714 2881 1771 theater in unmittelbarer Nähe befand, fügte es
2018 1762 2884 1819 sich von selbst, daß sich dessen Schauspieler
447 1758 807 1863 Ausschnitt aus:
2018 1808 2888 1861 regelmäßig im „Griensteidl“ einfanden, um
835 1789 1154 1920 er es, die
2015 1848 2881 1896 dort zu fachsimpeln, zu plaudern und zu in¬
2015 1891 2886 1948 trigieren. Ihnen schlossen sich die Literaten
2015 1935 2888 1985 und die Publizisten an und bildeten Stamm¬
2015 1976 2890 2026 tischrunden. In den Neunzigerjahren wurde
829 1939 1091 2055 3. SEP.
454 1998 582 2077 vom
2009 2018 2890 2066 das Griensteidl, mit Hermann Bahr, Artur
2022 2053 2905 2133 Schnitzler und dem blutungen Vor¬
2015 2107 2877 2157 (Hugo von Hofmannsthal) an der Spitze.
2011 2146 2881 2197 der Sammelpunkt einer neuen Dichtergenera¬
2007 2190 2881 2245 tion. Ein Original war der wohlbeleibte
2009 2240 2685 2297 Heinrich, der literaturkundige Ober.
2050 2258 2884 2330 Die Gründerjahre brachten mit der Ein¬
2015 2314 2877 2373 führung des Gaslichtes, der elektrischen Be¬
890 2166 1154 2406 s
1540 2323 1800 2415 en
2007 2369 2884 2419 leuchtung und der Hochquellen-Wasserleitung
2009 2406 2881 2458 einen neuen Aufschwung der Wiener Kaffee¬
2009 2450 2879 2495 häuser, die in der ganzen Welt, sogar in
462 2439 1771 2530 Zweihundertfünfzig Jahre Wiener Kaffeehaus
2007 2491 2881 2546 Amerika, nachgeahmt wurden, deren Vorbild
2009 2530 2879 2585 aber nirgends erreicht wurde. Unter den un¬
294 2543 1985 2604 Das Jahr 1933 bringt im Gefolge der städten Österreichs die ersten Kaffeehäuser.
2009 2576 2879 2626 gefähr 800 Kaffeehäusern, die es, die Volks¬
251 2600 1976 2657 Türkenbelagerungsfeier auch das Jubiläum Berlin, Frankfurt a. M., Paris und Madrit
2009 2618 2879 2670 kaffeehäuser nicht eingerechnet, heute in Wien
246 2646 1108 2696 einer sehr geschätzten und populären Wiener
1136 2648 1985 2698 folgten. Besonders in Paris begann das
2009 2663 2879 2722 gibt, sind die verschiedensten Typen vertreten.
251 2689 1985 2740 Institution: das Wiener Kaffeehaus feiert Kaffeehaus zur Zeit der Revolution eine große
2042 2707 2875 2768 Nebst literarischen Kaffeehäusern, die auch
244 2735 1970 2781 das zweihundertfünfzigste Jahr seines Be= Rolle zu spielen. Die berühmten Cafés For
2447 2757 2871 2820 haben wir Schach,
1134 2757 2399 2820 Corazza, Chrétien und andere waren der Zu- heute nicht fehlen,
246 2772 1102 2831 standes. Denn der urkundlich nachgewiesene
1134 2794 2875 2871 sammenkunftsort der Jakobiner und Giron=Billard= und Kartenspielkaffeehäuser, Turf¬
246 2825 1102 2871 erste Kaffeschank Wiens (mit Ausnahme der
2002 2842 2873 2897 und Sportlerheime, stille Lese= und flotte
238 2868 1099 2919 türkischen Länder) ganz Europas wurde von
1128 2864 1976 2914 disten. Im Café Foy hielt Camille Desmou¬
2007 2879 2873 2936 Witwenkaffeehäuser. Alle diese Lokale haben
238 2903 1099 2964 dem kühnen polnischen Kundschafter Georg
1128 2905 1976 2958 lins seine Brandreden gegen die Aristokraten
1134 2934 2875 3006 Im Café Corazza war ein finster blickender gemeinsam die köstliche Melange, das
246 2949 1095 3008 Franz Kolschitzky gegründet, der bekannt¬
1132 2971 2864 3069 Offizier Stammgast, ein Korse namens Napo-knusprige Gebäck, die Stöße Zeitungen aus
236 2997 1104 3049 lich an der Befreiung Wiens einen wichtigen
1994 3017 2866 3071 aller Welt, die aufmerksamen, menschenkundi¬
1132 3036 1555 3100 leon Buonaparte.
238 3041 1097 3091 Anteil nahm. Zur Belohnung für seine klugen
2007 3060 2866 3119 gen Kellner, kurz jene Atmosphäre der Be¬
240 3086 1095 3128 und unerschrockenen Dienste bekam er von
1174 3082 1970 3139 Von Paris aus scheint die Sitte, eine groß
1136 3102 2871 3176 Zahl Zeitungen aufzulegen, nach Wien ge¬ quemlichkeit und Behaglichkeit, die auf der
236 3124 1095 3185 den Stadtvätern ein Haus in der Haidgasse
1126 3156 2866 3220 kommen zu sein. Im Café Kramer, Ecke der ganzen Welt nicht ihresgleichen findet und
240 3174 1095 3226 geschenkt, und die Heeresverwaltung überließ
2002 3187 2864 3252 dem Wiener Kaffeehaus zu seinem einzig¬
236 3213 1095 3281 ihm unentgeltlich eine große Anzahl Säcke,
1132 3206 1974 3268 Goldschmiedgasse und des Schlossergäßchens
2007 3235 2827 3307 artigen internationalen Ruf verholfen hat.
238 3257 1981 3309 deren Inhalt aus merkwürdigen grünen das als Wahrzeichen vor dem Eingang eine
2340 3287 2825 3344 Max Frankenstein.
240 3300 1983 3350 Bohnen bestand. Es war ungebrannter mannshohe bronzene Negerfigur hatte, wurde
231 3344 1091 3394 Kaffee, ein damals außerhalb der Türkei ganz
1128 3337 1983 3394 der Anfang gemacht. Der war bescheiden ge¬
238 3383 1097 3440 unbekanntes Genußmittel, Kolschitzky wußte
1126 3385 1981 3435 nug, denn außer dem Wiener Diarium und
240 3429 1983 3477 sehr wohl von seinen Spähergängen im türki= einigen Münchner und Berliner Zeitungen
1121 3466 1976 3521 gab es damals keine Tageszeitungen. Der
238 3475 1091 3525 schen Zeltlager, wie man dieses köstlich duf¬
236 3505 1981 3566 tende orientalische Getränk zubereitete. Nach=Nachrichtendienst war schwerfällig genug, denn
1117 3551 1983 3599 er beruhte auf der mit der Postkutsche beför¬
236 3558 1086 3606 dem er zuerst vergeblich versucht hatte, mit
231 3597 1985 3645 den Bohnen, die niemand kaufen wollte, Handerten Briefpost. Nichtsdestoweniger fanden
1136 3638 1981 3686 sich im Café Kramer alle Größen der damali¬
227 3641 1086 3688 del zu treiben, eröffnete Kolschitzky im kleiner
1121 3686 1981 3754 gen literarischen Welt ein, um Neuigkeiten zu
236 3686 1086 3732 Bischoffshof, einem Haus in der heutigen
1126 3721 1283 3784 erfahren.
231 3732 1093 3784 Domgasse, dicht hinter dem Stephansdom,
236 3774 792 3846 eine bescheidene Kaffeeschenke.
1156 3758 1983 3830 Sehr beliebt war das Café Stierböck am
1119 3806 1983 3872 Anfang der Jägerzeile (Praterstraße), in dem
268 3819 1086 3870 Dort brachte er den ersten „Schwarzen“
236 3861 1970 3928 zunächst noch ungefüßt, zum Ausschank, und Nestroy und andere Schauspieler des Carl¬
1121 3902 1970 3972 Theaters, Komödiendichter und angesehene
236 3913 1086 3968 zwar in irdenen Töpfchen. Dieses erste
1119 3952 1974 3996 Bürger vom Grund Stammgäste waren.
231 3952 1086 4005 Kaffeehaus Wiens hatte großen Zulauf, be¬
1119 3992 1967 4037 Nestroy spielte dort jeden Nachmittag seine
240 3998 1091 4048 sonders als Kolschitzky auf Wunsch seiner
236 4035 1970 4088 Gäste den Trank zu süßen begann. Nun Tarockpartie, soll aber in diesem Spiel ein
1112 4070 1967 4131 großer „Patzer“ gewesen sein. Im Fähnrichs¬
238 4085 1021 4133 stellte sich erst der richtige Erfolg ein.
1112 4123 1967 4177 hof in der Singerstraße befand sich vor mehr
231 4129 1019 4177 kurzer Zeit erwies sich das Lokal als
1108 4162 1967 4208 als hundert Jahren ein verräuchertes
236 4166 1010 4216 klein und nun mietete Kolschitzky auf
