3392 4320
306 185 1162 299 13 Miscellaneous
1343 197 1828 297 box 44/10
1716 1126 1797 1217 163
1149 1262 2345 1346 philharmonisches Abonnementbillet — das ist für die
1156 1331 2353 1395 politischen Freunde der Philharmoniker ein zu grosses
1150 1376 2339 1437 Opfer. Was seit unvordenklichen Zeiten nicht da¬
1149 1425 2344 1501 gewesen, ereignete sich heuer: die Concerte waren
1150 1477 2330 1537 nicht ausverkauft. Die Partei hatte die Philharmoniker
1143 1521 2339 1597 im Stiche gelassen. Es zeigte sich eben wieder, dass
1147 1571 2335 1645 der politische Parteistandpunkt in Kunstsachen sich
1144 1621 2335 1703 stets nur im negativen Sinne geltend machen kann.
1144 1667 2332 1727 Ob die philosemitischen Programme den Rechen¬
1144 1721 2335 1781 fehler der Philharmoniker wohl reparieren werden?
1146 1763 2330 1840 Vielleicht. Zunächst aber muss sich der erwachte
1162 1819 2335 1879 Kunstsinn der Stadt Wien wieder legen. Sonst wird
1144 1860 2332 1931 Hellmesbergers Schwärmerei für Goldmark und
1141 1906 1952 1993 Mendelssohn nicht ernst genommen.
1343 2112 2115 2221 O du lieber Augustin!
1249 2203 2324 2303 Das Literaturgigerthum dieser vielgeprüften
1135 2269 2324 2363 Stadt Wien ist rascher, als man erwarten konnte, von
1135 2321 2309 2394 dem verdienten Schicksal ereilt worden. Ihr Jung¬
1135 2377 2324 2448 wiener Theater zum lieben Augustin hat einen Krach
1125 2424 2320 2496 erlitten bis tief hinab zu unseren geschätzten Antipoden.
1125 2469 2320 2548 Die werden Augen gemacht haben, unsere Antipoden,
1126 2530 2318 2596 als das Jungwiener Theater zum lieben Augustine
1129 2580 2315 2628 unter donnerndem Gepolter bis zu ihnen durch¬
1132 2614 1491 2689 gedrungen ist.
1241 2659 2315 2732 Mit welchem unsinnigen Tantam ist doch das
1140 2719 2315 2790 Jungwiener Theater vor länger als einem halben
1131 2760 2320 2841 Jahre angekündigt worden. Zwischen dem Drama,
1120 2822 2312 2886 dem Epos und der Lyrik — hiess es schon damals
1201 2864 2311 2934 hätten sich Formen eingeschoben, die der Zeit¬
1126 2907 2318 2990 psyche eigen sind. Die Lyrik werde lebendig und die
1122 2967 2309 3031 Satire trete in der Form des glatten, scheinbar harm¬
1120 3010 2303 3089 losen Dialogs auf, dessen grausame Pointen blitzartig
1119 3056 2306 3138 die morsch gewordene Moral der modernen Gesell¬
1113 3119 2312 3198 schaft beleuchten. Alle diese Erscheinungen werde
