<?xml version="1.0" encoding="UTF-8" standalone="yes"?>
<PcGts xmlns="http://schema.primaresearch.org/PAGE/gts/pagecontent/2013-07-15" xmlns:xsi="http://www.w3.org/2001/XMLSchema-instance" xsi:schemaLocation="http://schema.primaresearch.org/PAGE/gts/pagecontent/2013-07-15 http://schema.primaresearch.org/PAGE/gts/pagecontent/2013-07-15/pagecontent.xsd">
    <Metadata>
        <Creator>prov=READ-COOP:name=PyLaia@TranskribusPlatform:version=2.12.1:model_id=39995:lm=provided:date=29_03_2024_17:55</Creator>
        <Created>2019-10-07T20:39:34.063+02:00</Created>
        <LastChange>2024-03-29T17:55:51.717+01:00</LastChange>
        <TranskribusMetadata docId="224465" pageId="9580324" pageNr="76" tsid="156506519" status="IN_PROGRESS" userId="40391" imgUrl="https://files.transkribus.eu/Get?id=SYLEGICLJYLEHKOUSTQZURSE&amp;fileType=view" xmlUrl="https://files.transkribus.eu/Get?id=IFHQMTFVPDPKOMLMTOKNZVLR" imageId="6208610"/>
    </Metadata>
    <Page imageFilename="224465_0076.jpeg" imageWidth="3344" imageHeight="4352">
        <ReadingOrder>
            <OrderedGroup id="ro_1712662340347" caption="Regions reading order">
                <RegionRefIndexed index="0" regionRef="tr_1"/>
            </OrderedGroup>
        </ReadingOrder>
        <TextRegion orientation="0.0" id="tr_1" custom="readingOrder {index:0;}">
            <Coords points="104,245 104,3033 3146,3033 3146,245"/>
            <TextLine id="tr_1_tl_1" custom="readingOrder {index:0;}">
                <Coords points="166,280 212,306 310,280 378,310 1032,310 1032,212 957,200 552,223 427,197 325,234 166,204"/>
                <Baseline points="188,265 230,265 273,268 315,271 358,269 401,268 443,268 486,268 529,270 571,269 614,268 657,269 699,270 742,268 785,268 827,268 870,268 913,268 955,268 998,273 1041,283"/>
                <TextEquiv>
                    <Unicode>13. Miscellaneous</Unicode>
                </TextEquiv>
            </TextLine>
            <TextLine id="tr_1_tl_2" custom="readingOrder {index:1;}">
                <Coords points="1218,306 1270,310 1305,287 1357,310 1456,310 1482,287 1516,306 1592,280 1709,295 1709,216 1675,208 1577,204 1558,219 1505,204 1426,234 1395,216 1320,227 1218,212"/>
                <Baseline points="1238,268 1263,270 1288,271 1313,273 1339,274 1364,274 1389,274 1415,274 1440,274 1465,274 1491,274 1516,275 1541,276 1567,276 1592,274 1617,274 1643,274 1668,272 1693,271 1719,271"/>
                <TextEquiv>
                    <Unicode>box 44/10</Unicode>
                </TextEquiv>
            </TextLine>
            <TextLine id="tr_1_tl_3" custom="readingOrder {index:2;}">
                <Coords points="1010,1418 3127,1433 3127,1335 3089,1327 2688,1327 2639,1373 1482,1384 1407,1339 1010,1373"/>
                <Baseline points="1032,1408 1137,1405 1242,1408 1347,1408 1453,1408 1558,1408 1663,1408 1768,1410 1874,1411 1979,1411 2084,1411 2189,1414 2295,1417 2400,1416 2505,1417 2610,1417 2716,1417 2821,1420 2926,1420 3031,1420 3137,1420"/>
                <TextEquiv>
                    <Unicode>Nun, auf dem großen, wo sich alle Welt trifft und ließen sich juchtenbestellte Russen von französischen Co¬</Unicode>
                </TextEquiv>
            </TextLine>
            <TextLine id="tr_1_tl_4" custom="readingOrder {index:3;}">
                <Coords points="102,1422 219,1444 318,1437 340,1418 374,1444 639,1433 639,1365 597,1357 102,1365"/>
                <Baseline points="122,1417 148,1417 174,1417 201,1417 227,1416 254,1414 280,1416 306,1417 333,1415 359,1414 386,1414 412,1414 438,1414 465,1414 491,1414 518,1414 544,1414 570,1414 597,1414 623,1415 650,1417"/>
                <TextEquiv>
                    <Unicode>Der große Narrenabend.</Unicode>
                </TextEquiv>
            </TextLine>
            <TextLine id="tr_1_tl_5" custom="readingOrder {index:4;}">
                <Coords points="926,1463 1758,1460 1758,1418 1720,1410 1172,1426 926,1395"/>
                <Baseline points="946,1450 987,1447 1028,1449 1069,1450 1110,1450 1151,1450 1192,1450 1233,1450 1274,1450 1315,1450 1356,1450 1397,1452 1438,1453 1479,1453 1520,1453 1561,1453 1602,1453 1643,1453 1684,1453 1725,1452 1767,1441"/>
                <TextEquiv>
                    <Unicode>wo man die schönsten Bekanntschaften macht.</Unicode>
                </TextEquiv>
            </TextLine>
            <TextLine id="tr_1_tl_6" custom="readingOrder {index:5;}">
                <Coords points="2034,1467 3127,1471 3127,1429 3078,1426 2034,1426"/>
                <Baseline points="2056,1453 2109,1456 2163,1456 2217,1456 2271,1458 2324,1459 2378,1457 2432,1460 2486,1460 2539,1459 2593,1459 2647,1459 2701,1460 2754,1462 2808,1462 2862,1462 2916,1462 2969,1463 3023,1465 3077,1465 3131,1465"/>
                <TextEquiv>
                    <Unicode>cotten und Loretten während des Cancans an der Nase zupfen,</Unicode>
                </TextEquiv>
            </TextLine>
            <TextLine id="tr_1_tl_7" custom="readingOrder {index:6;}">
                <Coords points="121,1497 159,1505 193,1482 337,1501 355,1486 408,1501 431,1486 620,1490 620,1441 571,1429 522,1444 439,1429 412,1448 344,1418 291,1441 121,1433"/>
                <Baseline points="143,1474 168,1476 194,1477 219,1477 245,1477 270,1477 296,1477 322,1477 347,1477 373,1477 398,1477 424,1477 449,1477 475,1477 501,1477 526,1475 552,1474 577,1474 603,1474 629,1474"/>
                <TextEquiv>
                    <Unicode>Von Theodor v. Binder.</Unicode>
                </TextEquiv>
            </TextLine>
            <TextLine id="tr_1_tl_8" custom="readingOrder {index:7;}">
                <Coords points="1025,1505 3123,1524 3123,1471 2904,1463 1025,1460"/>
                <Baseline points="1044,1495 1148,1493 1253,1495 1357,1495 1462,1497 1566,1497 1671,1498 1775,1498 1880,1499 1984,1501 2089,1501 2193,1501 2298,1501 2402,1504 2507,1504 2611,1504 2716,1504 2820,1507 2925,1507 3029,1509 3134,1513"/>
                <TextEquiv>
                    <Unicode>„Ich weiß von keinem, übrigens hab' ich auch keine reckenhafte Deutsche rannten langbezopften Chinesen nach,</Unicode>
                </TextEquiv>
            </TextLine>
            <TextLine id="tr_1_tl_9" custom="readingOrder {index:8;}">
                <Coords points="87,1539 915,1539 915,1478 771,1505 635,1478 541,1501 87,1490"/>
                <Baseline points="107,1531 147,1534 188,1534 228,1532 269,1531 310,1531 350,1531 391,1531 431,1531 472,1531 513,1531 553,1531 594,1531 634,1531 675,1531 716,1531 756,1532 797,1533 837,1531 878,1532 919,1531"/>
                <TextEquiv>
                    <Unicode>de saß ich in meiner Stube und grübelte</Unicode>
                </TextEquiv>
            </TextLine>
            <TextLine id="tr_1_tl_10" custom="readingOrder {index:9;}">
                <Coords points="930,1565 1070,1543 1649,1550 1649,1501 1028,1512 930,1478"/>
                <Baseline points="952,1540 987,1537 1022,1537 1058,1539 1093,1539 1128,1537 1164,1537 1199,1539 1234,1540 1270,1541 1305,1543 1340,1540 1376,1540 1411,1540 1446,1540 1482,1540 1517,1542 1552,1541 1588,1540 1623,1539 1659,1537"/>
                <TextEquiv>
                    <Unicode>Zeit. Ich muß ein Feuilleton schreiben.</Unicode>
                </TextEquiv>
            </TextLine>
            <TextLine id="tr_1_tl_11" custom="readingOrder {index:10;}">
                <Coords points="2031,1547 3131,1562 3131,1528 3021,1509 2031,1505"/>
                <Baseline points="2053,1543 2107,1543 2161,1543 2216,1543 2270,1543 2324,1546 2379,1546 2433,1546 2487,1548 2542,1546 2596,1547 2650,1551 2705,1549 2759,1549 2813,1549 2868,1549 2922,1549 2976,1551 3031,1552 3085,1552 3140,1552"/>
                <TextEquiv>
                    <Unicode>um ihnen keinen Pardon geben zu können, ein Rudel ser¬</Unicode>
                </TextEquiv>
            </TextLine>
            <TextLine id="tr_1_tl_12" custom="readingOrder {index:11;}">
                <Coords points="87,1588 915,1584 915,1539 889,1535 87,1539"/>
                <Baseline points="107,1576 147,1579 188,1579 229,1577 270,1576 310,1576 351,1576 392,1576 433,1576 473,1576 514,1576 555,1576 596,1576 636,1576 677,1576 718,1576 759,1576 799,1575 840,1573 881,1573 922,1573"/>
                <TextEquiv>
                    <Unicode>te Feuilleton nach. Es ist so schwer, ex offo</Unicode>
                </TextEquiv>
            </TextLine>
            <TextLine id="tr_1_tl_13" custom="readingOrder {index:12;}">
                <Coords points="1006,1592 1172,1584 1263,1637 1554,1596 1634,1641 2034,1584 3138,1607 3138,1558 2148,1558 1962,1516 1006,1550"/>
                <Baseline points="1026,1587 1132,1579 1238,1582 1344,1582 1450,1582 1556,1584 1662,1584 1768,1583 1874,1584 1980,1587 2086,1584 2192,1584 2298,1587 2404,1587 2510,1590 2616,1590 2722,1593 2828,1592 2934,1593 3040,1599 3146,1596"/>
                <TextEquiv>
                    <Unicode>„Wird wieder was Schönes werden! Hast du schon bischer Skupschtinisten bot einen überflüssigen König zum</Unicode>
                </TextEquiv>
            </TextLine>
            <TextLine id="tr_1_tl_14" custom="readingOrder {index:13;}">
                <Coords points="95,1634 1150,1645 1184,1584 98,1588"/>
                <Baseline points="116,1626 169,1620 223,1620 277,1620 331,1620 385,1620 439,1618 492,1620 546,1618 600,1620 654,1617 708,1618 762,1618 816,1619 869,1617 923,1617 977,1620 1031,1622 1085,1620 1139,1618 1193,1608"/>
                <TextEquiv>
                    <Unicode>zu verbrechen, und doch muß es sein. Das einen Stoff?</Unicode>
                </TextEquiv>
            </TextLine>
            <TextLine id="tr_1_tl_15" custom="readingOrder {index:14;}">
                <Coords points="2031,1637 3127,1649 3127,1607 2904,1588 2031,1592"/>
                <Baseline points="2053,1626 2107,1629 2161,1629 2215,1631 2269,1632 2324,1632 2378,1634 2432,1633 2486,1633 2540,1632 2595,1635 2649,1632 2703,1634 2757,1635 2811,1635 2866,1638 2920,1635 2974,1637 3028,1638 3082,1638 3137,1638"/>
                <TextEquiv>
                    <Unicode>Kaufe aus, großmäulige Torreros ließen sich von einer</Unicode>
                </TextEquiv>
            </TextLine>
            <TextLine id="tr_1_tl_16" custom="readingOrder {index:15;}">
                <Coords points="91,1679 911,1675 911,1630 828,1618 91,1634"/>
                <Baseline points="113,1665 153,1665 193,1665 234,1665 274,1663 315,1662 355,1662 396,1662 436,1662 477,1662 517,1662 557,1662 598,1664 638,1663 679,1660 719,1660 760,1662 800,1662 841,1662 881,1662 922,1662"/>
                <TextEquiv>
                    <Unicode>dlich brennenden Lampe ward nur durch den</Unicode>
                </TextEquiv>
            </TextLine>
            <TextLine id="tr_1_tl_17" custom="readingOrder {index:16;}">
                <Coords points="1013,1694 1059,1671 1104,1671 1131,1694 1146,1679 1233,1690 1267,1671 1312,1686 1384,1671 1399,1686 1444,1671 1444,1630 1410,1618 1263,1634 1236,1607 1153,1645 1055,1626 1013,1645"/>
                <Baseline points="1035,1674 1060,1669 1086,1666 1112,1666 1138,1668 1164,1668 1190,1668 1216,1668 1242,1668 1268,1668 1294,1668 1320,1668 1346,1670 1372,1670 1398,1668 1424,1663 1450,1656"/>
                <TextEquiv>
                    <Unicode>„Noch nicht, aber..."</Unicode>
                </TextEquiv>
            </TextLine>
            <TextLine id="tr_1_tl_18" custom="readingOrder {index:17;}">
                <Coords points="2031,1679 3123,1686 3123,1645 3025,1637 2031,1637"/>
                <Baseline points="2050,1668 2104,1672 2158,1674 2212,1672 2266,1673 2321,1677 2375,1674 2429,1675 2483,1677 2537,1677 2592,1677 2646,1677 2700,1677 2754,1679 2808,1680 2863,1680 2917,1681 2971,1681 3025,1682 3079,1683 3134,1686"/>
                <TextEquiv>
                    <Unicode>Handvoll Karlisten mit nassen Fetzen in die Flucht schlagen,</Unicode>
                </TextEquiv>
            </TextLine>
            <TextLine id="tr_1_tl_19" custom="readingOrder {index:18;}">
                <Coords points="106,1717 756,1728 915,1713 919,1671 110,1671"/>
                <Baseline points="128,1710 167,1707 207,1707 247,1707 286,1707 326,1707 366,1707 405,1707 445,1707 485,1707 525,1707 564,1707 604,1707 644,1707 683,1707 723,1707 763,1707 802,1707 842,1707 882,1707 922,1704"/>
                <TextEquiv>
                    <Unicode>der meiner langen Pfeise entstieg, etwas</Unicode>
                </TextEquiv>
            </TextLine>
            <TextLine id="tr_1_tl_20" custom="readingOrder {index:19;}">
                <Coords points="1010,1724 3123,1736 3123,1686 1634,1645 1010,1690"/>
                <Baseline points="1032,1716 1137,1710 1242,1713 1347,1713 1452,1713 1557,1715 1662,1716 1767,1714 1872,1716 1977,1716 2083,1715 2188,1716 2293,1719 2398,1718 2503,1719 2608,1722 2713,1722 2818,1725 2923,1725 3028,1725 3134,1728"/>
                <TextEquiv>
                    <Unicode>„Ach was, Unsinn! Komm mit auf den Ball und du Oesterreicher und Ungarn fielen sich so begeistert in die</Unicode>
                </TextEquiv>
            </TextLine>
            <TextLine id="tr_1_tl_21" custom="readingOrder {index:20;}">
                <Coords points="106,1762 904,1758 904,1713 802,1705 106,1717"/>
                <Baseline points="128,1749 167,1752 206,1752 245,1752 285,1752 324,1752 363,1751 402,1749 442,1749 481,1752 520,1752 559,1752 599,1752 638,1751 677,1749 716,1749 756,1752 795,1749 834,1751 873,1750 913,1752"/>
                <TextEquiv>
                    <Unicode>im kleinen eisernen Ofen knisterte ein rech</Unicode>
                </TextEquiv>
            </TextLine>
            <TextLine id="tr_1_tl_22" custom="readingOrder {index:21;}">
                <Coords points="942,1789 1066,1754 1928,1773 1925,1720 1112,1728 938,1690"/>
                <Baseline points="958,1755 1006,1752 1055,1752 1104,1752 1153,1753 1202,1755 1250,1755 1299,1755 1348,1755 1397,1755 1446,1758 1494,1758 1543,1758 1592,1758 1641,1758 1690,1758 1738,1758 1787,1758 1836,1758 1885,1758 1934,1758"/>
                <TextEquiv>
                    <Unicode>findest die schönsten Stoffe für zwanzig Feuilletons.</Unicode>
                </TextEquiv>
            </TextLine>
            <TextLine id="tr_1_tl_23" custom="readingOrder {index:22;}">
                <Coords points="2034,1770 3127,1777 3127,1736 2995,1720 2034,1724"/>
                <Baseline points="2056,1755 2110,1759 2164,1761 2218,1761 2272,1761 2326,1761 2380,1762 2434,1764 2488,1764 2542,1767 2596,1764 2650,1764 2704,1764 2758,1766 2812,1770 2866,1767 2920,1768 2974,1770 3028,1770 3082,1770 3137,1770"/>
                <TextEquiv>
                    <Unicode>Arme, daß sie den Krampf bekamen und gar nicht mehr</Unicode>
                </TextEquiv>
            </TextLine>
            <TextLine id="tr_1_tl_24" custom="readingOrder {index:23;}">
                <Coords points="91,1811 904,1804 904,1762 821,1751 91,1758"/>
                <Baseline points="113,1796 153,1796 193,1796 233,1796 273,1794 313,1793 353,1794 393,1795 433,1794 473,1799 513,1793 553,1795 593,1794 633,1793 673,1793 713,1793 753,1793 793,1793 833,1793 873,1793 913,1796"/>
                <TextEquiv>
                    <Unicode>uerchen. Von Zeit zu Zeit hörte ich tie</Unicode>
                </TextEquiv>
            </TextLine>
            <TextLine id="tr_1_tl_25" custom="readingOrder {index:24;}">
                <Coords points="1010,1830 1184,1800 1845,1811 1845,1766 1702,1758 1063,1754 1010,1781"/>
                <Baseline points="1029,1805 1070,1799 1111,1796 1152,1796 1193,1796 1235,1797 1276,1799 1317,1799 1358,1799 1399,1799 1441,1799 1482,1799 1523,1799 1564,1799 1605,1799 1647,1799 1688,1799 1729,1800 1770,1802 1811,1798 1853,1790"/>
                <TextEquiv>
                    <Unicode>„Meinst du? Aber ich habe kein Kostüm."</Unicode>
                </TextEquiv>
            </TextLine>
            <TextLine id="tr_1_tl_26" custom="readingOrder {index:25;}">
                <Coords points="2031,1807 3123,1826 3120,1781 2027,1770"/>
                <Baseline points="2047,1799 2101,1802 2155,1802 2209,1804 2263,1805 2317,1805 2371,1805 2425,1806 2479,1808 2533,1808 2587,1808 2641,1808 2695,1808 2749,1808 2803,1811 2857,1811 2911,1812 2965,1812 3019,1811 3073,1814 3128,1814"/>
                <TextEquiv>
                    <Unicode>von einander loskamen und die Alldeutschen rannten sich</Unicode>
                </TextEquiv>
            </TextLine>
            <TextLine id="tr_1_tl_27" custom="readingOrder {index:26;}">
                <Coords points="95,1849 908,1849 908,1804 858,1796 95,1807"/>
                <Baseline points="116,1838 156,1841 196,1841 236,1841 276,1839 316,1838 356,1838 396,1838 436,1838 476,1838 516,1838 556,1838 596,1838 636,1836 676,1837 716,1838 756,1838 796,1838 836,1838 876,1838 916,1835"/>
                <TextEquiv>
                    <Unicode>mehrfach verstockten Fenster rollende Fiaker¬</Unicode>
                </TextEquiv>
            </TextLine>
            <TextLine id="tr_1_tl_28" custom="readingOrder {index:27;}">
                <Coords points="1010,1860 3135,1883 3135,1826 2896,1811 1913,1785 1010,1823"/>
                <Baseline points="1032,1847 1137,1841 1243,1844 1348,1844 1454,1844 1559,1843 1665,1844 1770,1845 1876,1844 1981,1847 2087,1847 2193,1847 2298,1847 2404,1850 2509,1850 2615,1851 2720,1853 2826,1853 2931,1855 3037,1856 3143,1865"/>
                <TextEquiv>
                    <Unicode>„Was willst du für eines Es soll im Nu da sein, wozu die Köpfe an den Wänden blutig, weil sie keinen Ausweg</Unicode>
                </TextEquiv>
            </TextLine>
            <TextLine id="tr_1_tl_29" custom="readingOrder {index:28;}">
                <Coords points="91,1891 1418,1898 1380,1841 91,1853"/>
                <Baseline points="113,1883 178,1883 244,1883 309,1883 375,1885 441,1883 506,1883 572,1883 638,1881 703,1883 769,1880 835,1880 900,1881 966,1883 1032,1886 1097,1884 1163,1886 1229,1886 1294,1886 1360,1884 1426,1874"/>
                <TextEquiv>
                    <Unicode>rumpeln, ein Zeichen, daß es wieder eine bin ich denn der Teufel?</Unicode>
                </TextEquiv>
            </TextLine>
            <TextLine id="tr_1_tl_30" custom="readingOrder {index:29;}">
                <Coords points="2038,1910 2110,1936 2167,1891 3025,1910 3025,1868 2980,1864 2038,1853"/>
                <Baseline points="2059,1889 2107,1889 2156,1892 2205,1892 2254,1892 2303,1892 2351,1892 2400,1894 2449,1895 2498,1895 2547,1895 2595,1898 2644,1898 2693,1898 2742,1898 2791,1898 2839,1898 2888,1898 2937,1898 2986,1898 3035,1901"/>
                <TextEquiv>
                    <Unicode>finden konnten und ihnen sehr, sehr übel zu Mute war</Unicode>
                </TextEquiv>
            </TextLine>
            <TextLine id="tr_1_tl_31" custom="readingOrder {index:30;}">
                <Coords points="117,1932 911,1940 911,1887 117,1898"/>
                <Baseline points="137,1931 176,1931 215,1930 254,1928 293,1925 332,1925 371,1925 410,1925 449,1925 488,1925 528,1925 567,1925 606,1925 645,1925 684,1925 723,1925 762,1925 801,1925 840,1925 879,1925 919,1922"/>
                <TextEquiv>
                    <Unicode>gab, in der sich andere Menschen mehr</Unicode>
                </TextEquiv>
            </TextLine>
            <TextLine id="tr_1_tl_32" custom="readingOrder {index:31;}">
                <Coords points="1010,1944 2008,1962 2008,1887 1830,1860 1010,1910"/>
                <Baseline points="1032,1934 1081,1928 1130,1929 1179,1931 1229,1931 1278,1931 1327,1931 1376,1931 1426,1931 1475,1931 1524,1931 1573,1931 1623,1931 1672,1931 1721,1931 1770,1932 1820,1934 1869,1934 1918,1934 1967,1934 2017,1934"/>
                <TextEquiv>
                    <Unicode>„Ach so, richtig. Na, so verschaffe mir eines, welche</Unicode>
                </TextEquiv>
            </TextLine>
            <TextLine id="tr_1_tl_33" custom="readingOrder {index:32;}">
                <Coords points="2110,1944 3120,1955 3120,1902 3086,1891 2972,1917 2110,1906"/>
                <Baseline points="2131,1940 2180,1937 2230,1938 2280,1939 2330,1937 2380,1937 2430,1939 2479,1938 2529,1940 2579,1940 2629,1940 2679,1940 2729,1940 2779,1940 2828,1940 2878,1942 2928,1941 2978,1943 3028,1943 3078,1943 3128,1946"/>
                <TextEquiv>
                    <Unicode>„Sieh, sich den prächtigen Tiergarten!“ rief plötzlich</Unicode>
                </TextEquiv>
            </TextLine>
            <TextLine id="tr_1_tl_34" custom="readingOrder {index:33;}">
                <Coords points="95,1981 923,1978 923,1936 824,1928 95,1932"/>
                <Baseline points="116,1973 156,1972 197,1971 237,1970 278,1970 319,1970 359,1970 400,1970 440,1970 481,1970 522,1970 562,1970 603,1970 643,1968 684,1969 725,1970 765,1970 806,1970 846,1969 887,1967 928,1970"/>
                <TextEquiv>
                    <Unicode>langweilt oder mehr oder minder ausgelassen</Unicode>
                </TextEquiv>
            </TextLine>
            <TextLine id="tr_1_tl_35" custom="readingOrder {index:34;}">
                <Coords points="994,1989 1040,1985 1044,1981 1047,1989 1059,1981 1089,1981 1093,1985 1112,1981 1123,1985 1123,1944 1112,1944 1100,1936 1055,1936 1051,1940 994,1936"/>
                <Baseline points="1017,1970 1044,1973 1072,1973 1100,1970 1128,1964"/>
                <TextEquiv>
                    <Unicode>willst,</Unicode>
                </TextEquiv>
            </TextLine>
            <TextLine id="tr_1_tl_36" custom="readingOrder {index:35;}">
                <Coords points="2027,1985 3138,1996 3138,1959 3070,1951 2140,1951 2027,1917"/>
                <Baseline points="2047,1976 2104,1977 2162,1977 2220,1978 2278,1978 2336,1979 2394,1981 2451,1981 2509,1981 2567,1983 2625,1981 2683,1983 2741,1982 2798,1984 2856,1984 2914,1984 2972,1984 3030,1987 3088,1988 3146,1990"/>
                <TextEquiv>
                    <Unicode>mein Führer und zerrte mich nach einer Ecke des Saales,</Unicode>
                </TextEquiv>
            </TextLine>
            <TextLine id="tr_1_tl_37" custom="readingOrder {index:36;}">
                <Coords points="91,2027 836,2031 911,2023 915,1978 95,1981"/>
                <Baseline points="113,2017 153,2017 193,2015 234,2016 274,2015 315,2014 355,2014 396,2015 436,2017 477,2014 517,2014 557,2014 598,2012 638,2013 679,2012 719,2011 760,2011 800,2012 841,2013 881,2011 922,2014"/>
                <TextEquiv>
                    <Unicode>witzen, zu keuchen, schön zu tun, und sich selbst</Unicode>
                </TextEquiv>
            </TextLine>
            <TextLine id="tr_1_tl_38" custom="readingOrder {index:37;}">
                <Coords points="1021,2023 1698,2031 1698,1978 1637,1955 1543,1985 1448,1962 1429,1981 1021,1985"/>
                <Baseline points="1041,2020 1074,2017 1107,2015 1140,2015 1173,2017 1206,2017 1239,2017 1273,2017 1306,2017 1339,2017 1372,2017 1405,2017 1438,2017 1471,2017 1505,2019 1538,2019 1571,2017 1604,2017 1637,2017 1670,2016 1704,2014"/>
                <TextEquiv>
                    <Unicode>„Gut, gelehrter Herr, soll geschehen.</Unicode>
                </TextEquiv>
            </TextLine>
            <TextLine id="tr_1_tl_39" custom="readingOrder {index:38;}">
                <Coords points="2031,2031 3123,2042 3123,2000 2983,1989 2031,1985"/>
                <Baseline points="2053,2017 2106,2018 2160,2020 2214,2020 2268,2020 2321,2020 2375,2023 2429,2023 2483,2023 2536,2025 2590,2026 2644,2029 2698,2028 2751,2026 2805,2028 2859,2029 2913,2026 2966,2027 3020,2029 3074,2029 3128,2032"/>
                <TextEquiv>
                    <Unicode>wo eine Art Schaubude aufgeschlagen war, vor der ein</Unicode>
                </TextEquiv>
            </TextLine>
            <TextLine id="tr_1_tl_40" custom="readingOrder {index:39;}">
                <Coords points="95,2065 915,2068 892,2015 95,2027"/>
                <Baseline points="116,2056 156,2061 196,2060 237,2059 277,2059 318,2057 358,2056 399,2055 439,2053 480,2053 520,2056 560,2056 601,2053 641,2053 682,2053 722,2053 763,2053 803,2054 844,2056 884,2056 925,2056"/>
                <TextEquiv>
                    <Unicode>zu gefallen. O sancta simplicitas! Wie ist's</Unicode>
                </TextEquiv>
            </TextLine>
            <TextLine id="tr_1_tl_41" custom="readingOrder {index:40;}">
                <Coords points="1013,2068 2012,2072 2012,2004 1872,2034 1823,2008 1013,2027"/>
                <Baseline points="1035,2059 1084,2059 1133,2059 1182,2059 1231,2059 1280,2059 1329,2059 1378,2061 1427,2060 1476,2059 1526,2059 1575,2062 1624,2062 1673,2063 1722,2064 1771,2062 1820,2062 1869,2062 1918,2062 1967,2064 2017,2062"/>
                <TextEquiv>
                    <Unicode>Mephisto machte einige Bocksprünge, fuchtelte mit der</Unicode>
                </TextEquiv>
            </TextLine>
            <TextLine id="tr_1_tl_42" custom="readingOrder {index:41;}">
                <Coords points="2031,2091 2216,2065 3051,2095 3123,2087 3123,2038 2027,2034"/>
                <Baseline points="2053,2065 2106,2065 2160,2064 2214,2062 2268,2064 2322,2065 2376,2065 2430,2066 2484,2068 2538,2068 2592,2068 2645,2071 2699,2071 2753,2071 2807,2071 2861,2071 2915,2073 2969,2072 3023,2074 3077,2077 3131,2074"/>
                <TextEquiv>
                    <Unicode>zierliches Männchen aufs coulanteste zum Besuche einlud.</Unicode>
                </TextEquiv>
            </TextLine>
            <TextLine id="tr_1_tl_43" custom="readingOrder {index:42;}">
                <Coords points="91,2118 3123,2129 3123,2087 2828,2068 91,2065"/>
                <Baseline points="110,2104 261,2104 412,2101 563,2101 714,2098 866,2101 1017,2103 1168,2104 1319,2104 1470,2104 1622,2104 1773,2107 1924,2107 2075,2109 2226,2107 2378,2110 2529,2113 2680,2113 2831,2114 2982,2116 3134,2122"/>
                <TextEquiv>
                    <Unicode>Philosoph zu sein und in bequemer Einsam langen, dürren Armen in der Luft umher und meckerte „Bitte, hereinzuspazieren, meine Herrschaften", rief der</Unicode>
                </TextEquiv>
            </TextLine>
            <TextLine id="tr_1_tl_44" custom="readingOrder {index:43;}">
                <Coords points="129,2167 1974,2167 2015,2121 125,2114"/>
                <Baseline points="146,2152 240,2147 334,2146 428,2146 522,2143 616,2146 710,2144 804,2144 898,2148 992,2146 1086,2146 1180,2149 1274,2148 1368,2147 1462,2149 1556,2149 1650,2149 1744,2149 1838,2149 1932,2152 2026,2149"/>
                <TextEquiv>
                    <Unicode>geistreiches Feuilleton nachgrübeln zu einige unverständliche Worte. Im nächsten Augenblicke sta¬</Unicode>
                </TextEquiv>
            </TextLine>
            <TextLine id="tr_1_tl_45" custom="readingOrder {index:44;}">
                <Coords points="2042,2163 3120,2174 3116,2125 2042,2114"/>
                <Baseline points="2062,2152 2115,2149 2168,2150 2221,2152 2274,2152 2327,2155 2380,2158 2433,2157 2486,2155 2539,2155 2592,2158 2645,2158 2698,2158 2751,2158 2804,2158 2857,2158 2910,2158 2963,2161 3016,2161 3069,2162 3122,2164"/>
                <TextEquiv>
                    <Unicode>feine Mann artig, „mein Tiergarten ist einer der groß¬</Unicode>
                </TextEquiv>
            </TextLine>
            <TextLine id="tr_1_tl_46" custom="readingOrder {index:45;}">
                <Coords points="926,2197 3123,2220 3123,2174 2817,2155 926,2152"/>
                <Baseline points="949,2187 1058,2190 1167,2190 1276,2190 1386,2190 1495,2190 1604,2193 1713,2193 1823,2193 1932,2193 2041,2191 2150,2193 2260,2196 2369,2196 2478,2196 2587,2199 2697,2199 2806,2199 2915,2202 3024,2202 3134,2205"/>
                <TextEquiv>
                    <Unicode>ich in der lustigen Maske eines richtigen Hofnarren mit artigsten der Erde. Hier finden Sie die seltensten Raritäten</Unicode>
                </TextEquiv>
            </TextLine>
            <TextLine id="tr_1_tl_47" custom="readingOrder {index:46;}">
                <Coords points="129,2235 3120,2254 3089,2212 129,2182"/>
                <Baseline points="149,2232 305,2232 462,2232 619,2232 776,2232 932,2231 1089,2232 1246,2234 1403,2235 1560,2235 1716,2235 1873,2238 2030,2235 2187,2238 2344,2238 2500,2241 2657,2244 2814,2244 2971,2248 3128,2250"/>
                <TextEquiv>
                    <Unicode>ich weiß es nicht, war ich eingeschlummert Buckel und Schellenkappe, Mephisto breitete seinen roten und Abnormitäten bei einander, alle unter einem Dache</Unicode>
                </TextEquiv>
            </TextLine>
            <TextLine id="tr_1_tl_48" custom="readingOrder {index:47;}">
                <Coords points="102,2284 904,2288 904,2246 824,2235 102,2235"/>
                <Baseline points="122,2280 161,2279 201,2277 240,2277 280,2277 319,2277 359,2277 398,2277 438,2277 477,2276 517,2274 557,2277 596,2274 636,2274 675,2274 715,2276 754,2277 794,2277 833,2277 873,2277 913,2277"/>
                <TextEquiv>
                    <Unicode>in mein Feuilleton versunken — hörte ich es</Unicode>
                </TextEquiv>
            </TextLine>
            <TextLine id="tr_1_tl_49" custom="readingOrder {index:48;}">
                <Coords points="930,2288 3120,2299 3120,2254 2995,2246 930,2238"/>
                <Baseline points="952,2277 1060,2277 1169,2280 1277,2279 1386,2277 1495,2277 1603,2278 1712,2277 1821,2280 1929,2280 2038,2277 2147,2280 2255,2282 2364,2283 2473,2285 2581,2286 2690,2289 2799,2289 2907,2292 3016,2292 3125,2289"/>
                <TextEquiv>
                    <Unicode>Mantel aus, nahm mich unter den Arm und wir sausten — aber es kostet mich auch eine Bärenarbeit, alle diese</Unicode>
                </TextEquiv>
            </TextLine>
            <TextLine id="tr_1_tl_50" custom="readingOrder {index:49;}">
                <Coords points="91,2333 3116,2348 3078,2299 2273,2280 91,2280"/>
                <Baseline points="113,2319 263,2319 414,2319 564,2319 715,2319 866,2322 1016,2321 1167,2322 1317,2322 1468,2322 1619,2322 1769,2322 1920,2325 2070,2324 2221,2325 2372,2328 2522,2328 2673,2334 2823,2332 2974,2334 3125,2340"/>
                <TextEquiv>
                    <Unicode>en rumoren. Eine lange Flammenzunge wie die Windsbraut durch den russigen Schlott in die kalte Racker in Frieden beieinander zu halten. Wie ich mich</Unicode>
                </TextEquiv>
            </TextLine>
            <TextLine id="tr_1_tl_51" custom="readingOrder {index:50;}">
                <Coords points="95,2371 908,2375 908,2337 809,2325 95,2333"/>
                <Baseline points="116,2361 156,2361 196,2361 236,2363 276,2362 316,2361 356,2361 396,2361 436,2361 476,2361 516,2361 556,2361 596,2361 636,2363 676,2364 716,2364 756,2365 796,2366 836,2364 876,2364 916,2364"/>
                <TextEquiv>
                    <Unicode>und der alte, etwas rostrote Bursche fing an</Unicode>
                </TextEquiv>
            </TextLine>
            <TextLine id="tr_1_tl_52" custom="readingOrder {index:51;}">
                <Coords points="930,2375 3123,2394 3123,2348 2862,2329 930,2329"/>
                <Baseline points="952,2364 1061,2364 1170,2364 1279,2364 1388,2363 1497,2367 1606,2367 1715,2361 1824,2367 1933,2370 2043,2367 2152,2367 2261,2369 2370,2373 2479,2370 2588,2373 2697,2375 2806,2375 2915,2375 3024,2382 3134,2378"/>
                <TextEquiv>
                    <Unicode>Winternacht hinaus. — Eins, zwei, drei — und wir waren umwende, wollen sie einander auffressen, aber es gelingt</Unicode>
                </TextEquiv>
            </TextLine>
            <TextLine id="tr_1_tl_53" custom="readingOrder {index:52;}">
                <Coords points="102,2412 904,2416 904,2375 866,2363 102,2371"/>
                <Baseline points="122,2405 161,2405 201,2405 240,2405 280,2405 319,2405 359,2405 398,2405 438,2405 477,2405 517,2405 557,2405 596,2407 636,2407 675,2405 715,2406 754,2408 794,2408 833,2408 873,2408 913,2408"/>
                <TextEquiv>
                    <Unicode>hätte er sich ein Räuschchen angetrunken</Unicode>
                </TextEquiv>
            </TextLine>
            <TextLine id="tr_1_tl_54" custom="readingOrder {index:53;}">
                <Coords points="926,2416 3116,2435 3116,2397 2923,2378 926,2371"/>
                <Baseline points="949,2408 1057,2410 1166,2408 1275,2408 1384,2408 1493,2408 1601,2408 1710,2408 1819,2411 1928,2411 2037,2412 2145,2412 2254,2412 2363,2414 2472,2417 2581,2417 2689,2418 2798,2417 2907,2420 3016,2423 3125,2420"/>
                <TextEquiv>
                    <Unicode>am Ziele. Ein riesiger, prächtig beleuchteter Ballsaal nahm mir doch, sie von Fall zu Fall nach meiner Pfeife tanzen</Unicode>
                </TextEquiv>
            </TextLine>
            <TextLine id="tr_1_tl_55" custom="readingOrder {index:54;}">
                <Coords points="87,2458 2012,2465 2012,2424 1913,2412 87,2409"/>
                <Baseline points="107,2447 202,2450 298,2448 393,2449 489,2447 584,2449 680,2450 775,2453 871,2453 966,2452 1062,2453 1157,2453 1253,2453 1348,2453 1444,2453 1539,2453 1635,2453 1730,2453 1826,2455 1921,2456 2017,2456"/>
                <TextEquiv>
                    <Unicode>kenn' ich! Da steckt wieder einmal, ganz wie uns auf, er hatte in den Wänden viele Nischen, Ecken, Grotter</Unicode>
                </TextEquiv>
            </TextLine>
            <TextLine id="tr_1_tl_56" custom="readingOrder {index:55;}">
                <Coords points="2034,2469 3120,2499 3120,2435 3078,2431 2034,2420"/>
                <Baseline points="2056,2459 2109,2456 2163,2456 2216,2456 2270,2456 2324,2459 2377,2459 2431,2459 2484,2459 2538,2459 2592,2459 2645,2459 2699,2462 2752,2462 2806,2462 2860,2462 2913,2465 2967,2465 3020,2465 3074,2467 3128,2468"/>
                <TextEquiv>
                    <Unicode>zu lassen. Ein großartiger Anblick! Bitte nur herrerein¬</Unicode>
                </TextEquiv>
            </TextLine>
            <TextLine id="tr_1_tl_57" custom="readingOrder {index:56;}">
                <Coords points="87,2507 2000,2511 2000,2462 1913,2458 87,2458"/>
                <Baseline points="107,2492 202,2492 297,2492 392,2490 487,2492 583,2495 678,2495 773,2495 868,2495 963,2495 1059,2496 1154,2495 1249,2495 1344,2495 1439,2498 1535,2495 1630,2497 1725,2496 1820,2498 1915,2498 2011,2498"/>
                <TextEquiv>
                    <Unicode>und Fäustling“ der Teufel darin und will und Höhlen und es herrschte ein Getümmel und Getös¬</Unicode>
                </TextEquiv>
            </TextLine>
            <TextLine id="tr_1_tl_58" custom="readingOrder {index:57;}">
                <Coords points="2027,2530 2114,2530 2140,2503 2647,2515 2647,2469 2560,2462 2492,2480 2099,2454 2027,2469"/>
                <Baseline points="2047,2501 2077,2501 2107,2499 2138,2499 2168,2501 2199,2501 2229,2501 2260,2501 2290,2501 2321,2501 2351,2502 2381,2504 2412,2504 2442,2504 2473,2504 2503,2504 2534,2504 2564,2504 2595,2502 2625,2499 2656,2495"/>
                <TextEquiv>
                    <Unicode>zuspazieren, gleich ist der Anfang!</Unicode>
                </TextEquiv>
            </TextLine>
            <TextLine id="tr_1_tl_59" custom="readingOrder {index:58;}">
                <Coords points="87,2549 858,2549 858,2499 832,2496 87,2507"/>
                <Baseline points="107,2537 145,2537 183,2537 221,2537 259,2537 297,2537 335,2537 373,2537 411,2537 449,2537 487,2537 525,2538 563,2539 601,2537 639,2537 677,2539 715,2540 753,2541 791,2542 829,2540 868,2540"/>
                <TextEquiv>
                    <Unicode>sich abstatten. Gut, ich habe gerade Zeit.</Unicode>
                </TextEquiv>
            </TextLine>
            <TextLine id="tr_1_tl_60" custom="readingOrder {index:59;}">
                <Coords points="923,2552 2015,2556 2015,2511 1891,2499 923,2503"/>
                <Baseline points="943,2540 996,2540 1050,2540 1104,2540 1158,2540 1212,2540 1266,2540 1319,2540 1373,2540 1427,2540 1481,2540 1535,2540 1589,2540 1643,2540 1696,2540 1750,2543 1804,2541 1858,2543 1912,2543 1966,2543 2020,2549"/>
                <TextEquiv>
                    <Unicode>daß es mir wie Dr. Faust in der Walpurgisnacht erging,</Unicode>
                </TextEquiv>
            </TextLine>
            <TextLine id="tr_1_tl_61" custom="readingOrder {index:60;}">
                <Coords points="2118,2556 3120,2564 3120,2511 2964,2484 2692,2480 2605,2526 2118,2507"/>
                <Baseline points="2137,2546 2186,2546 2236,2545 2285,2543 2335,2543 2384,2543 2434,2545 2483,2546 2533,2546 2582,2549 2632,2549 2682,2549 2731,2550 2781,2551 2830,2550 2880,2552 2929,2552 2979,2554 3028,2555 3078,2555 3128,2552"/>
                <TextEquiv>
                    <Unicode>Ich wollte nicht eintreten, denn ich fürchtete, die schreck¬</Unicode>
                </TextEquiv>
            </TextLine>
            <TextLine id="tr_1_tl_62" custom="readingOrder {index:61;}">
                <Coords points="91,2586 3120,2602 3078,2556 91,2549"/>
                <Baseline points="110,2581 260,2581 411,2580 562,2581 713,2581 864,2581 1015,2584 1166,2584 1317,2584 1468,2584 1619,2587 1769,2586 1920,2584 2071,2585 2222,2584 2373,2587 2524,2587 2675,2590 2826,2593 2977,2596 3128,2596"/>
                <TextEquiv>
                    <Unicode>ne schon", rief ich, stand auf und öffnete das es ging mir ein Mühlrad im Kopfe herum und ich hörte lichen Tiere könnten mich beißen oder auffressen; aber Me¬</Unicode>
                </TextEquiv>
            </TextLine>
            <TextLine id="tr_1_tl_63" custom="readingOrder {index:62;}">
                <Coords points="91,2632 3116,2654 3116,2602 91,2586"/>
                <Baseline points="110,2626 260,2623 411,2623 562,2623 713,2626 863,2626 1014,2626 1165,2626 1316,2626 1466,2628 1617,2626 1768,2629 1919,2629 2069,2630 2220,2629 2371,2632 2522,2632 2672,2635 2823,2636 2974,2640 3125,2641"/>
                <TextEquiv>
                    <Unicode>Richtig: Da fuhr's zwischen Flammen und ein Heer von hunderttausend Narren sprechen. Mephisto¬ phisto beruhigte mich, indem er mich daran erinnerte, daß</Unicode>
                </TextEquiv>
            </TextLine>
            <TextLine id="tr_1_tl_64" custom="readingOrder {index:63;}">
                <Coords points="91,2688 904,2685 904,2639 832,2624 91,2632"/>
                <Baseline points="113,2668 153,2668 193,2668 233,2668 273,2668 313,2668 353,2668 393,2668 433,2668 473,2668 513,2671 553,2671 593,2671 633,2669 673,2670 713,2670 753,2669 793,2671 833,2671 873,2671 913,2674"/>
                <TextEquiv>
                    <Unicode>hervor bis mitten ins Zimmer und plötzlich</Unicode>
                </TextEquiv>
            </TextLine>
            <TextLine id="tr_1_tl_65" custom="readingOrder {index:64;}">
                <Coords points="926,2681 3123,2692 3123,2651 3040,2639 926,2639"/>
                <Baseline points="949,2671 1058,2671 1167,2671 1276,2671 1386,2671 1495,2673 1604,2671 1713,2671 1823,2671 1932,2671 2041,2671 2150,2673 2260,2674 2369,2674 2478,2676 2587,2677 2697,2680 2806,2680 2915,2683 3024,2684 3134,2683"/>
                <TextEquiv>
                    <Unicode>pheles ließ mir aber keine Zeit zur Besinnung, er schob seinen das ja lauter Masken seien, die sich einen Spaß daraus</Unicode>
                </TextEquiv>
            </TextLine>
            <TextLine id="tr_1_tl_66" custom="readingOrder {index:65;}">
                <Coords points="91,2768 1032,2715 3116,2741 3116,2692 2590,2677 91,2670"/>
                <Baseline points="113,2710 263,2713 414,2715 564,2716 715,2716 866,2716 1016,2716 1167,2713 1317,2713 1468,2713 1619,2713 1769,2716 1920,2716 2070,2713 2221,2719 2372,2719 2522,2719 2673,2725 2823,2725 2974,2725 3125,2725"/>
                <TextEquiv>
                    <Unicode>Mephisto mit Krummbein und Hahnenfeder Arm unter den meinen und drängte mich mitten in den machen, den großen Narrenabend zu verherrlichen. Damit</Unicode>
                </TextEquiv>
            </TextLine>
            <TextLine id="tr_1_tl_67" custom="readingOrder {index:66;}">
                <Coords points="923,2772 1524,2806 2163,2764 3120,2779 3120,2738 2987,2726 923,2722"/>
                <Baseline points="943,2758 1052,2759 1161,2758 1270,2758 1380,2758 1489,2758 1598,2758 1707,2761 1817,2760 1926,2761 2035,2762 2144,2761 2254,2763 2363,2764 2472,2764 2581,2764 2691,2767 2800,2767 2909,2769 3018,2769 3128,2767"/>
                <TextEquiv>
                    <Unicode>Trubel hinein, der uns bald verschlang, wie der Strom die zog er mich hinein. Gotteswunder, gab's da seltsame Me¬</Unicode>
                </TextEquiv>
            </TextLine>
            <TextLine id="tr_1_tl_68" custom="readingOrder {index:67;}">
                <Coords points="926,2828 960,2825 987,2836 1040,2809 1063,2817 1081,2806 1108,2817 1206,2813 1206,2768 1184,2764 1150,2772 1104,2764 1089,2779 1078,2768 1028,2764 1017,2772 926,2772"/>
                <Baseline points="946,2805 973,2802 1000,2802 1027,2802 1054,2802 1081,2802 1108,2802 1135,2802 1162,2802 1189,2802 1217,2802"/>
                <TextEquiv>
                    <Unicode>einzelne Welle</Unicode>
                </TextEquiv>
            </TextLine>
            <TextLine id="tr_1_tl_69" custom="readingOrder {index:68;}">
                <Coords points="2027,2817 2583,2806 2847,2844 3123,2828 3123,2783 2023,2772"/>
                <Baseline points="2047,2802 2101,2805 2155,2805 2209,2805 2263,2805 2318,2805 2372,2805 2426,2805 2480,2807 2534,2805 2589,2805 2643,2808 2697,2808 2751,2808 2805,2808 2860,2808 2914,2811 2968,2813 3022,2816 3076,2814 3131,2808"/>
                <TextEquiv>
                    <Unicode>nageriebewohner. Gleich zu Anfang predigte ein groß¬</Unicode>
                </TextEquiv>
            </TextLine>
            <TextLine id="tr_1_tl_70" custom="readingOrder {index:69;}">
                <Coords points="1017,2847 3120,2866 3120,2828 2999,2809 1017,2809"/>
                <Baseline points="1038,2844 1142,2847 1247,2844 1351,2844 1456,2844 1560,2844 1665,2844 1769,2844 1874,2846 1978,2847 2083,2847 2187,2847 2292,2848 2396,2850 2501,2850 2605,2850 2710,2852 2814,2853 2919,2854 3023,2856 3128,2859"/>
                <TextEquiv>
                    <Unicode>Hei, was gab's da zu schauen und zu hören! Da tanzte mächtiger Wolff einer Herde Schafe über Moral, deutsche</Unicode>
                </TextEquiv>
            </TextLine>
            <TextLine id="tr_1_tl_71" custom="readingOrder {index:70;}">
                <Coords points="83,2912 234,2893 367,2896 397,2919 492,2896 529,2919 567,2900 783,2915 783,2836 703,2847 662,2817 582,2847 541,2821 412,2844 355,2817 234,2855 200,2828 83,2836"/>
                <Baseline points="104,2892 138,2891 172,2889 207,2886 241,2886 276,2887 310,2889 345,2889 379,2889 414,2889 448,2889 482,2889 517,2889 551,2889 586,2890 620,2892 655,2892 689,2892 724,2891 758,2888 793,2883"/>
                <TextEquiv>
                    <Unicode>ist du nicht auf dem Narrenabende?</Unicode>
                </TextEquiv>
            </TextLine>
            <TextLine id="tr_1_tl_72" custom="readingOrder {index:71;}">
                <Coords points="923,2900 3120,2908 3120,2866 2730,2851 923,2840"/>
                <Baseline points="943,2889 1052,2889 1161,2886 1270,2889 1380,2889 1489,2887 1598,2889 1707,2889 1817,2889 1926,2889 2035,2891 2144,2892 2254,2889 2363,2892 2472,2892 2581,2895 2691,2895 2800,2895 2909,2898 3018,2901 3128,2901"/>
                <TextEquiv>
                    <Unicode>ein Trupp als Bluthunde angezogener Engländer einen Treue und gute Sitten, und fraß dabei während der Predigt</Unicode>
                </TextEquiv>
            </TextLine>
            <TextLine id="tr_1_tl_73" custom="readingOrder {index:72;}">
                <Coords points="87,2964 95,2968 140,2964 147,2972 155,2964 170,2968 189,2961 208,2964 216,2896 163,2893 155,2900 132,2904 129,2896 95,2889"/>
                <Baseline points="113,2937 140,2934 168,2932 195,2929 223,2925"/>
                <TextEquiv>
                    <Unicode>dem 2.</Unicode>
                </TextEquiv>
            </TextLine>
            <TextLine id="tr_1_tl_74" custom="readingOrder {index:73;}">
                <Coords points="919,2983 3120,2980 3120,2912 2980,2900 919,2896"/>
                <Baseline points="940,2934 1049,2935 1158,2934 1268,2934 1377,2935 1487,2934 1596,2934 1705,2934 1815,2936 1924,2934 2034,2934 2143,2937 2252,2937 2362,2937 2471,2937 2581,2939 2690,2940 2799,2943 2909,2943 3018,2946 3128,2949"/>
                <TextEquiv>
                    <Unicode>wilden Schwertertanz mit furchtbaren Kriegsfurien, dort ein junges, weißes Lämmlein auf, daß ihm das Blut aus</Unicode>
                </TextEquiv>
            </TextLine>
            <TextLine id="tr_1_tl_75" custom="readingOrder {index:74;}">
                <Coords points="1841,3025 1864,3025 1868,3021 1876,3025 1879,3021 1887,3021 1891,3025 1902,3025 1906,3021 1932,3021 1932,2968 1879,2968 1876,2964 1872,2968 1841,2968"/>
                <Baseline points="1862,2993 1888,2993 1914,2993 1940,2993"/>
                <TextEquiv>
                    <Unicode></Unicode>
                </TextEquiv>
            </TextLine>
            <TextLine id="tr_1_tl_76" custom="readingOrder {index:75;}">
                <Coords points="340,3029 1509,3040 1509,2972 1422,2964 340,2972"/>
                <Baseline points="361,3008 418,3008 476,3010 534,3014 592,3017 650,3019 708,3023 766,3022 824,3019 882,3017 940,3017 997,3015 1055,3015 1113,3014 1171,3013 1229,3011 1287,3011 1345,3008 1403,3004 1461,3002 1519,2996"/>
                <TextEquiv>
                    <Unicode></Unicode>
                </TextEquiv>
            </TextLine>
            <TextEquiv>
                <Unicode></Unicode>
            </TextEquiv>
        </TextRegion>
    </Page>
</PcGts>
