3296 4352
100 276 1493 336 Fr. Zeuge, wollte sagen, ob auf die Handlungsweise Friedmann's Einfluß
91 327 1497 373 ser sich mit dem genommen wurde. Der Zeuge deponirt, daß Friedmann
97 357 1502 410 en wollte, kamen ihm den anderen Tag gesagt habe, Bahr und Bauer
408 399 1497 456 hätten ihm auf seine Frage, was er thun soll, gesagt: „Nur
100 403 380 454 Kahane, Handl,
100 436 610 501 sehr siegeslustiger Prügeln!"
498 456 1498 535 Otto Pohl, Redacteur der „Arbeiter=Zeitung", gibt an,
134 480 378 531 zu: „Jetzt
413 517 1493 566 Fränkl habe ihm erzählt, Friedmann sei sehr aus¬
100 519 373 568 eschlagen.
408 561 1491 605 geregt gewesen und Bahr und Bauer hätten ihm
88 558 378 610 rauf: Habt Ihr
91 593 1484 645 en einen ein gerathen, auf diesen Artikel gibt es nur Eines: „Prügel",
507 626 1491 681 Zeuge Glück, Jude, bestätigt, daß im Café Glattauer
106 633 378 684 stellte sich Fried¬
413 663 1493 721 Friedmann Abends vor der That ausgerufen habe:
91 674 380 740 was wollen,
408 714 1493 760 „Der Kraus wird heute gehaut, der Julius
151 749 1491 797 er habe schon Bauer wartet schon." Er sei aufgefordert worden, mit¬
83 786 1493 846 fahren. Er kam zugehen, ohne daß von ihm passive Zeugenschaft ver¬
83 823 635 885 gen. Als er die langt wurde.
498 860 1498 916 Der Jude Ernst Götzl soll darüber aussagen, daß am
93 864 380 923 r That bei der
91 900 1497 969 und waren sehr Tag nach dem Ueberfalle Hermann Bahr, Julius Bauer
401 944 1484 988 und Friedmann im „Silbernen Brunnen“ die
178 969 1497 1046 der Jude Darstellung des Falles, wie er im
100 1018 1335 1073 tig, vernommen. „Extrablatt“ erschien, redigirten!
498 1048 1493 1108 Der Musiker Kobler erzählt, daß in der Nacht des
109 1059 380 1112 Nachmittags in
408 1075 1491 1147 Ueberfalles, um ¼1 Uhr, Julius Bauer in's Café Rahn
157 1101 380 1150 sei er dann
100 1136 1497 1187 getroffen, bereits kam. Gleich darauf kam Friedmann, Handl und Adler. Fried¬
401 1177 1493 1226 mann suchte im Local mit den Augen, bis er Bauer auffand,
95 1215 1493 1259 st es richtig, daß eilte dann auf ihn zu und theilte ihm etwas mit. Dr. Baum¬
408 1252 1491 1301 garten: So ist es ja ganz gut gegangen; um ¾12 Uhr das
106 1250 382 1303 heimer auf¬
408 1289 1500 1342 Attentat, um 12 Uhr Café Glattauer, um ¼1 Uhr Bericht an
97 1287 378 1345 zu prügeln? Is
401 1328 1491 1377 Herrn Bauer.“ Friedmann will jedoch Bauer nur ge¬
100 1326 375 1377 ankend ablehnte
97 1361 1497 1432 : Nein, das be¬ beten haben, einen unentstellten Bericht im „Extrablatt" zu
405 1407 552 1476 bringen.
498 1430 1498 1495 Dr. Baumgarten: Warum sind Sie denn nicht
116 1423 375 1497 kritischen Tag
100 1484 1493 1537 ckel“ gezeigt und zur „Wiener Zeitung“ gegangen? (Stürmische Heiterkeit.)
91 1521 1497 1571 bsichtige, sich an Richter: Ich bitte, ich kann solche Angriffe nicht zulassen.
503 1558 1488 1609 Es wird nunmehr Julius Bauer (!), Chefredacteur
97 1560 378 1615 ne er sich nicht
95 1595 1491 1650 in nächsten Tage der „Illustrirten Hacke", vorgerufen. Derselbe sagt, er habe
95 1639 375 1697 el gekauft habe
405 1641 1493 1687 Friedmann nicht gerathen, Kraus zu ohrfeigen, habe ihn auch
121 1676 1491 1725 sei Nachts ein nicht in's Café Rahn bestellt. Friedmann wußte, daß er dort
100 1713 1493 1771 widerte: Das zu finden sei und habe ihn gebeten, eine redactionelle Notiz
109 1761 1500 1810 ittags geüber den Fall zu schreiben. Er (Zeuge habe dies jedoch ab¬
413 1794 1379 1847 gelehnt, bis die anderen Blätter Berichte haben würden.
104 1794 387 1857 lt werden
499 1838 1491 1889 Dr. Baumgarten: Ist Ihnen erinnerlich, wie die
104 1845 376 1929 Bediensteten des
408 1880 1493 1936 Recension in Ihrem Blatte über das „Dreieck“ gelautet hat?
125 1912 378 1963 geben überein¬
448 1922 1433 1975 Bauer: Nein, ich kann das nicht auswendig lernen.
116 1954 1490 2012 riedmann Dr. Baumgarten: Nun, im „Extrablatt" steht, das
121 1986 375 2042 Ein Marqueur
413 2000 1495 2044 Werk soll der Erstling eines Anfängers sein. Es zeigt aber
100 2030 375 2077 hört, wie Herrn
410 2037 1493 2088 solche Bühnenkenntnis und Routine, daß man es für das eines
100 2065 380 2125 cht hineinmischen.
405 2081 1493 2121 erfahrenen Autors halten kann. — Bauer: Ich habe
106 2105 376 2160 klärt, gesehen
405 2114 1493 2165 Friedmann nicht protegirt, obzwar dies von mir behauptet
109 2142 382 2197 jetzt immer in
405 2158 1493 2202 wurde. Ich habe von Seite des Herrn Kraus ganz andere
118 2177 375 2241 der Nähe stand
405 2193 1493 2241 Angriffe zu erdulden gehabt und habe stillgeschwiegen. Die
106 2223 378 2272 er vom „Café
405 2234 1493 2276 erste Nummer der „Fackel“ war einzig meiner Person ge¬
106 2260 378 2313 der sogenannten
405 2267 1493 2318 widmet und ich ward gleichsam an allen Straßenecken plaka¬
104 2299 375 2351 auftragt wurde
401 2311 1493 2357 tirt. Einzig und allein sind diese Angriffe erfolgt, um ein
100 2344 1493 2401 bends telephonirt Geschäft zu machen. (Diese Worte haben stürmische Oho¬
125 2380 1495 2429 die Frage des rufe im Auditorium zur Folge.) Bauer (laut): Ich wieder¬
113 2417 371 2466 dann von
401 2427 1493 2476 hole, einzig um ein Geschäft zu machen. (Erneute Ohorufe.)
118 2452 375 2508 dies der Zeuge
419 2468 1500 2517 — Auf die Frage Dr. Neu das sagt Bauer, er habe
95 2487 375 2559 Uhr Nachmittags
405 2501 1497 2557 Friedmann nicht in die Literatur einge¬
410 2545 1493 2592 führt. (Heiterkeit.) — Staatsanwalt zu Fried¬
120 2562 375 2621 Dr. Baum¬
405 2585 1495 2631 mann: Wie können Sie dann zu Fränkl sagen: „Der
100 2606 380 2657 fragen hat heute
405 2615 1497 2665 Bauer wartet schon auf das Resultat“. — Friedmann:
106 2649 378 2700 ertheimer
408 2659 1500 2707 Ich habe Fränkel Manches gesagt was
97 2682 376 2740 ben, mitzugehen,
405 2693 1505 2744 nicht wahr war, weil ich wußte, er
98 2724 380 2781 gling“ zugerufen
405 2738 860 2798 kehrt mit Kraus.
100 2765 380 2816 der Dr. Wert¬
507 2777 1498 2837 Dr. Baumgarten (zu Bauer): Warum haben
100 2805 380 2856 Angeboten und ist
405 2805 1493 2870 Sie später doch den Bericht aufgenommen, den Fried¬
97 2840 376 2893 r spricht sich da¬
401 2865 1498 2918 mann schrieb — Bauer: Ich bitte, man nimmt ja
121 2879 371 2948 unter Anklage
401 2902 1148 2946 auch einen Bericht über einen Mord.
1243 2902 1493 2955 Dr. Baum¬
104 2921 202 2971 gab.
410 2942 1493 2988 garten: Ja, aber doch nicht vom Mörder!
97 2958 382 3018 für der „Neuen
410 2976 1493 3029 (Stürmische Heiterkeit.) Damit war die Vernehmung Bauer's,
121 3018 1491 3064 als Alibizeuge dessen theatralische Haltung während seiner Vernehmung den
104 3048 380 3095 daß er mehrmals
410 3060 1498 3115 komischesten Eindruck machte, beendigt und es wurde nun
97 3083 378 3134 Pährend die An¬
410 3092 997 3148 Hermann Bahr einvernommen.
104 3118 378 3178 n beim Mozart¬
503 3131 1491 3182 Derselbe, 35 Jahre alt, zu Linz geboren, confessions¬
106 3160 376 3206 kam, worauf e
405 3171 1493 3217 los Herausgeber der „Zeit", gibt an, er sei wegen Wache¬
104 3204 1497 3257 Baumfeld, beleidigung mit 25 fl. und wegen eines groben
104 3238 366 3294 Café Glattauer
403 3248 1377 3298 Briefes, an Kraus gerichtet, zu 5 fl. vorbestraft.
507 3284 1493 3338 Richter: Sie sollen, Herr Zeuge, dem Angeklagten
97 3296 387 3373 stellername Felix
410 3319 1490 3379 Friedmann gerathen haben, Herrn Kraus als Ant¬
113 3357 380 3407 raft. Er habe
408 3366 1493 3414 wort auf seinen Artikel zu prügeln? — Bahr: Das
118 3396 380 3447 geohrfeigt.
408 3405 1500 3458 Gegentheil ist wahr. Ich habe, als Friedmann ganz
97 3437 1497 3489 Kraus stets verzweifelt zu mir kam, gesagt: Hier gibt's nichts Anderes,
106 3470 387 3542 aus in Hietzing
413 3482 1493 3530 als ein neues Stück schreiben und dieses
97 3509 204 3567 achts.
413 3519 1497 3570 Stück besser zu machen. (Heiterkeit.) Ich stehe
106 3530 380 3604 s den Antrag
413 3561 1493 3609 hier persönlich immer auf dem Standpunkte der
109 3597 1497 3644 dieser über den ritterlichen Satisfaction. An der war hier nicht
104 3621 1491 3679 Der Antrag wird zu denken. Friedmann erwiderte auch, daran
125 3672 1497 3727 sagt aus, er denke ich nicht (Heiterkeit), ich muß ihn orfeigen. Ich
116 3714 1500 3758 und Hirsch, antwortete ihm: Lieber Friedmann, seien Sie nur
104 3739 1497 3802 gesehen. Auf der ein einzigesmal originell in Ihrem
142 3788 1497 3841 etzt wird Leben. Man wird einfach sagen, Sie haben es Salten
134 3824 1500 3878 jedoch zu, daß nachgemacht. Bedenken Sie doch auch, welche Riesenreclame
121 3873 1497 3920 in's Kaffeehaus Sie diesem Menschen machen. Friedmann aber ließ sich
97 3906 1498 3957 saumgarten nicht besänftigen. Ich stellte ihm vor, daß ich seit Jahren von
118 3938 1491 3991 Hirschfeld zwei Menschen in Wien, von Ehrenfeld in der „Gesell¬
146 3973 392 4026 Dr. Baum¬
422 3984 1493 4043 schaft“ und von Kraus angegriffen wurde und dabei
109 4010 383 4073 tig, weil daraus
417 4024 1119 4072 Carrière gemacht habe. Es war umsonst.
116 4057 392 4103 von allen
512 4042 1497 4112 Dr. Baumgarten: Herr Richter, ich bitte, mir
100 4084 380 4156 tes unter
413 4100 1493 4149 eine Frage an Herrn Bahr zu gestatten, was er über die
408 4138 1507 4188 Begabung des Oskar Friedmann denke. Der
2030 237 3120 317 Schwachsinnes unter Vormundschaft gestellt wird. Das
2037 308 3120 364 steht nicht in der „Wiener Zeitung", es ist dies eine Fälschung.
2077 354 3115 401 Kraus: Ich protestire gegen diesen Vorwurf. So steht
2040 383 3117 438 es in den Acten, die mir zur Verfügung standen, und so hat
2040 422 3102 466 die „Wiener Zeitung“ den Text nicht richtig wiedergegeben. —
2040 463 3115 517 Dr. Baumgarten stellt nunmehr noch Anträge auf Ver¬
2037 501 3117 575 jesung des Artikels der „Fackel“, welcher das Ganze ver¬
2037 540 2193 603 schuldete.
2133 566 3120 642 Der Gerichtshof lehnte jedoch diesen Antrag ab, worauf
2038 610 2839 663 das Beweisverfahren geschlossen wurde
2139 645 3124 711 Der staatsanwaltliche Functionär Dr. Felix führte
2040 696 3111 740 nun aus: Das der heutigen Verhandlung anwohnende
2044 737 3120 784 Publikum ist ein wesentlich anderes, als es sonst diese Räume
2037 777 3117 821 zu bevölkern pflegt. Aber auch die Angeklagten gehören einer
2037 816 3117 858 hier ungewohnten Classe an. Sonst sind wir gewohnt, hier
2044 849 3120 899 Angeklagte zu sehen, rohe, ungebildete Leute, welches dieses
2035 892 3118 943 Delict begangen haben, aus Lust an der Brutalität. Heute er¬
2047 930 3118 980 scheinen hier Männer der Feder, Literaten, die berufen sein
2047 967 3118 1017 sollen, die höchsten und heiligsten Güter der Menschheit zu
2040 1008 3115 1050 vertheidigen. Der Privatbetheiligte Kraus mag in seiner
2037 1045 3122 1097 Kritik des Stückes „Dreieck“ zu weit gegangen sein. Allein
2037 1083 3118 1127 eine solche Antwort, wie sie auf diese Kritik ertheilt wurde, ist nicht
2040 1122 3115 1168 zulässig. Der öffentliche Ankläger besprach sodann die That¬
2044 1164 3115 1214 sache, daß der Angeklagte Friedmann unter Vormundschaft
2044 1203 3124 1240 stehe, und ist der Ansicht, daß die Verhängung der Vormund¬
2037 1238 3120 1291 schaft wohl nur aus Rücksicht auf das große Vermögen, das
2044 1277 2554 1326 Friedmann ererbte, erfolgt ist.
2137 1300 3120 1360 Der öffentliche Ankläger beantragte schließlich für alle
2031 1349 3115 1405 Angeklagten die Verurtheilung zu einer Arreststrafe. Doctor
2035 1389 3120 1435 Baumgarten als Vertreter der Privatbetheiligten
2031 1433 3124 1481 plaidirte für Milde gegenüber Friedmann, der eigentlich
2040 1469 3120 1511 nicht der Hauptschuldige sei. Es sei festgestellt, daß Vor¬
2037 1507 3118 1562 besprechungen über die Affaire stattgefunden, und es liege des¬
2037 1549 3125 1592 halb seitens der übrigen Angeklagten stillschweigende Kund¬
2040 1588 3120 1639 gebung des Willens vor. Schließlich verlangt Dr. Baum¬
2040 1627 3120 1671 garten eine Krone Schmerzensgeld für
2035 1660 3120 1708 Kraus. — Dr. Neuda für Friedmann führte
2040 1701 3120 1746 aus, daß sein Client in der maßlosen Aufregung, in die ihn
2031 1738 3111 1789 der Artikel versetzt hatte, nicht anders handeln konnte. Für
2044 1776 3120 1843 gewisse Anwürfe gebe es im „Volksbewußtsein", kein anderes
2035 1822 2619 1870 Mittel, als das hier angewendete.
2130 1850 3122 1906 Hierauf ergriff Dr. Baumgarten nochmals das
2040 1894 3124 1940 Wort, um darauf zu verweisen, daß verschiedene Tagesblätter
2037 1935 3118 1980 in ihrer Kritik des „Dreieck“ schrieben, das Stück sei eine
2040 1973 3124 2024 Probe für den „gesunden Menschenverstand". Kraus war
2040 2008 3124 2059 also durchaus nicht der Erste, der die Vormundschaft des
2037 2054 3120 2114 Friedmann mit dem „Dreieck“ in causalen Zusammen¬
2040 2091 2260 2156 hang brachte.
2133 2123 3127 2193 Der Richter GRS. Dr. Fröhlich verkündete sodann
2031 2158 2724 2225 das bereits oben erwähnte Urtheil.
2125 2184 3111 2249 Friedmann wurde schuldig erkannt nach § 411
2044 2241 3124 2288 Kahane und Handl der §§ 5 und 411, also der Mit¬
2037 2281 3067 2337 schuld, ebenso Adler der Mitschuld an der Uebertretung.
2128 2320 3120 2366 Bei Friedmann wurden als erschwerend
2031 2360 3120 2406 angenommen die Vorbereitungen zur That, als mildernd unter
2037 2401 3127 2443 Anderem der Umstand, daß er krankhafte Anlagen
2040 2434 3115 2483 besitze; bei Adler erschwerend die umfassenden Vor¬
2040 2473 3120 2524 bereitungen und der Umstand, daß er eigentlich das Attentat
2031 2515 2234 2577 ermöglichte.
2130 2526 3115 2596 Der öffentliche Ankläger meldete bezüglich des Frei¬
2040 2591 3129 2643 spruches des Stößler und des Strafausmaßes bei
2044 2633 2918 2679 Handl und Kahane die Berufung an.
2130 2647 3118 2712 Dr. Neuda berief gegen das Strafausmaß be¬
2040 2694 3129 2752 Friedmann, die übrigen Vertheidiger theils puncto
2031 2745 2867 2812 Schuld allein, theils puncto Schuld und Strafe.
