3344 4352
171 201 975 309 13. Miscellane
1222 200 1696 297 box 44/10
1485 1679 1631 1769 1319
1422 1854 1665 1948 Anhang.
894 1903 2304 2022 Es liegt die Verpflichtung ob, die Chronik der dramatischen Ereignisse zu
768 1982 2308 2053 ergänzen. Max Halbe, dem wir für manche gute Stunde danken, hat ein ver¬
775 2017 2301 2099 fehltes Werk geliefert. Es ist nichts zu verteidigen! Dieser Dichter hat Perioden.
766 2059 2304 2153 Nervöse Schlaffheit wechselt mit aufwallender Frische. Er hatte diesmal die schlaffe
766 2103 2297 2185 Periode. Das Stück ist drauflosgedichtet, heruntergeschrieben in Geistesabwesen¬
766 2151 2297 2239 heit. Halbe's Impulsivität wirft Blumen oder Stroh heraus, ohne Ansehn. Heut
766 2197 1804 2266 war es Stroh, morgen werden es wieder Blumen sein.
886 2239 2293 2329 Der Dichter L. Fulda faßte ein Drama „Herostrat" ab. Kein Lustspiel
758 2274 2272 2366 mit symbolischem Titel, sondern spielt in Ephesus und hat fünf Akte. Es ist -
760 2326 2293 2412 und mehr sage ich nicht — ein herbes und dämonisches Stück von Ludwig Fulda.
873 2375 2293 2462 Viel belangvoller als beide Werke ist das „Vermächtnis“ von Arthur Schnitz¬
754 2404 2291 2498 ler. Das Gesetz der Umwandlung vollzieht sich freilich an diesem Dichter. Wir
754 2468 2285 2548 werden älter, Freunde. Der Sommer kommt, welcher dem Herbst vorausgeht. Doch
754 2504 2293 2594 holdseliger gewissermaßen war der Frühling, als welcher dem Sommer vor¬
752 2558 2293 2644 ausging. Ich bin imstande und mache noch ein Gleichnis. Ich hörte einst die
760 2592 2291 2684 süße Stimme eines Knaben. Dann bekam er Stimmwechsel. Einst bebte wein
748 2638 2285 2719 Ohr leise, leise. Jetzt dringen gebrochene Töne heraus; die wehmütig-rauhen
750 2686 2287 2767 Laute der ersten Männlichkeit. Immerhin der Männlichkeit. Ein schlechter Kerl
748 2730 2278 2805 will ich sein, wenn ich kein drittes Gleichnis hersetze. Einer hat weiche Lieder
748 2771 2283 2861 komponiert. Jetzt schickt er sich an, Kontrapunkt zu machen. Weiter sag' ich nichts.
869 2824 2281 2905 Schnitzler hat einen ersten Akt geschrieben, der Komisches und Tragisches,
748 2844 2278 2947 die Enthüllung menschlicher Seelen und reflexionsfreies Mitfühlen umspannt. Er
748 2899 2007 2993 stammt von einem dramatischen Meister. Er weist in die Zukunft.
