3344 4320
1235 227 1715 328 b 44/10
201 227 1049 353 s
1056 1133 1372 1228 23.0.42
865 1333 1372 1438 Neue Freie Presse, les
925 1548 2293 1641 Pablatsche der Prominenten.
1698 1739 2739 1804 Um sieben Uhr ist Beginn. Ueberall sitzen Stammgäste,
534 1725 1568 1831 Es gibt schon noch Kunstbegeisterte. Nicht immer im Burg¬
1624 1792 2740 1850 draußen bei der Kasse wird noch um die letzten „Entrees" gerauft.
452 1800 1571 1853 theater, aber totsicher am Samstag und Sonntag in den „Auen
1621 1838 2739 1892 Würdevoll wandert der Herr Chef zwischen den Tischen herum.
456 1851 1575 1908 wie Alexander Girardi die Gegend rund ums selige Lustspieltheater
1621 1889 2733 1940 Seinem künstlerisch geschulten Argusange entgeht nichts. „Steffi
462 1897 1575 1955 seines Freundes Jarno zu nennen liebte. Diesen von der Zeiten
1629 1935 2745 1995 sagt er mit seinem klangvollsten Bariton, „die Herrschaften da
456 1943 1580 2005 Mißgunst dahingerafften Musentempel im Schatten des Riesen¬
1621 1986 2739 2037 kriegen noch ein Bier!“ Die Herrschaften bedanken sich ge¬
459 1988 1578 2046 rades hat längst schon der Tonfilm geholt. Aber dafür floriert
1626 2030 2742 2092 schmeichelt für die Aufmerksamkeit. Es sind kunstbegeisterte junge
464 2030 1580 2104 ganz in der Nähe das kleine „Volksvarieté“, dessen Konturen
1629 2083 2745 2140 Herren aus der Brigittenau, die sich, solange die Stars nicht auf¬
462 2085 1575 2140 man schattenhaft in einer der frühesten Jugendnovellen Arthur
1618 2129 2735 2186 treten, teils ihrem Faschierten mit Krautsalat und teils der mit¬
462 2126 1580 2194 Schnitzlers zu erkennen glaubt. Der große Puppenspieler ist
1629 2182 2747 2239 gebrachten „Braut" widmen. Der Direktor läßt sich vor Beginn
462 2175 1575 2259 hier zwar nur ein kleiner Direktor, aber ein Wiener Original.
1621 2222 2739 2274 der Vorstellung nicht nehmen, seine Gäste mit einer gemütlichen
531 2230 1575 2281 Mit berechtigten Stolz drückt er dem Besucher eine Programm¬
1621 2271 2745 2332 und würdevollen, mit ungeheurem Applaus bedankten Ansprach¬
459 2271 1578 2327 karte seines seit drei Generationen noch nie vom Pleitegeier
456 2314 1575 2370 besuchten Kunstinstituts in die Hand. Sie ist vielleicht ein bißchen
1621 2324 1856 2396 zu begrüßen.
456 2367 1575 2426 indiskret, aber es sind jedenfalls ganz interessante Dinge, die sie
1703 2361 2745 2457 Und jetzt erscheinen die Stars. Als erste Nummer eine
459 2416 1580 2471 ausplaudert. Hier sind nämlich sämtliche Stars abgebildet, die es
1621 2440 2745 2496 „Charaktertänzerin“, die etros komplizierte und im Prater für
459 2462 1580 2522 nicht verschmäht haben, sich ihre Gage einmal auch im Prater
1619 2491 2747 2554 gewöhnlich nicht übliche Seelenzustände tanzt. „Fredi, waßt du,
456 2510 1582 2573 auszahlen zu lassen. Auf der kleinen Bühne hat zum Beispiel
1621 2537 2745 2588 was die will?“ fragt eine Schöne ihren Kavalier, der wie rasend
456 2556 1580 2612 Rudolf Schildkraut, bevor er der große Tragöde wurde, ein
1621 2583 2742 2638 klatscht. Und Fredi, der Kavalier aus Neulerchenfeld mit den
462 2599 1580 2657 Parkett von nachtmahlenden Zuschauern mit einer jeden
1621 2629 2747 2682 modernen, schief nach vorn rasierten Koteleits, sagt schlicht ein
462 2652 1575 2704 Abend stürmisch beklatschten „urkomischen Soloszene" begeistert.
1621 2682 2749 2737 großes, das Geheimnis jeder Kunstübung bis auf den Grund ent¬
456 2698 1580 2750 Glawatsch und Tautenhayn sangen in ihrer Jugend
1621 2725 2745 2791 hüllendes Wort: „Was sie will? Ihr Nachtmahl wüll sie sich
459 2742 1578 2807 hier ihre ersten Couplets. Und auch Raoul Aslan scheint
1624 2768 2749 2829 verdienen!“ das Programm geht weiter, Solonummern, Duo¬
452 2793 1587 2849 es keinen Stein aus seiner Krone gekostet zu haben, als
1633 2824 2745 2878 szenen, dann ein diskret gepfefferter Schwank, in dem ein an¬
450 2839 1578 2902 er den Gästen des kleinen Varietes mit Burgtheatertönen den
1624 2870 2747 2928 stelliges Dienstmädchen zu weit mehr Vätern kommt, als in der
456 2885 1580 2943 „Gott und die Bajadere hinlegte und zum Dank für solid ge¬
1621 2919 2750 2974 Regel für ein einziges Baby benötigt werden. Am animiertesten
456 2933 1571 2991 lieferten Applaus ein französisches Chanson zugab. Auch Ralph
1626 2969 2750 3017 wird die Stimmung, wenn der Hauskomiker auftritt; aber es
462 2972 1575 3029 Benatzky und Josma Selim kehrten hier ein, nicht bloß zum
1626 3013 2750 3080 gibt noch einen Zauberkünstler, dann erscheint der Chef noch
459 3027 1575 3078 Nachtmahl. Maikl sang und Klitsch deklamierte, und eine
1629 3052 2745 3121 einmal auf der Bühne und teilt mit, daß es zu seinen vom eben¬
462 3071 1578 3129 schöne Herone von der Bellaria trat am gleichen Abend wie Tur
1629 3107 2747 3165 falls künstlerisch tätig gewesenen Vater und Großvater über¬
459 3117 1575 3174 Wiener auf. An dieser Stätte erblickten, wie der Direktor erzählt,
1621 3150 2754 3211 nommenen Gepflogenheiten gehört, dem geehrten Publikum nach
459 3169 1575 3216 eben nicht nur einige der bekannten Wiener Couplets das Licht
1629 3201 2745 3257 Schluß der Vorstellung aufs herzlichste eine gute Nacht zu
459 3204 1578 3271 der Welt, sondern zwischen zwei Soloszenen der Hauskomiker ist
1621 3245 2750 3312 wünschen. „Nachdem es mir, schließt er, „leider nicht vergönnt
456 3264 1580 3308 auch schon ein Einakter von Anton Wilogans gespielt worden.
1624 3295 2750 3348 ist, jedem einzelnen die Hand zu drücken, wünsche ich Ihnen zum
462 3303 1578 3358 Und sicherlich bereitet es sowohl der Kartonsch wie
1621 3348 2750 3406 Beschluß einen wunderschönen Traum und mir, daß wir uns am
459 3353 1580 3411 Marischka noch immer eine gewisse künstlerische Genug-
1621 3392 2754 3452 nächsten Sonntag bei vollständig neuem, geändertem, sensatio¬
459 3402 1578 3465 tuung, wenn sie sich daran erinnern, daß auch sie einmal Ehren¬
2588 3440 2718 3508 H. P.
1624 3440 2293 3515 nellem Programm gesund wiederschen!“
450 3455 1370 3510 gäste auf dieser Pablatsche der Prominenten waren.
