3344 4352
184 225 336 317 13.
1235 218 1708 328 box 44/10
369 218 1043 341 nous
2204 1058 2300 1140 769
2179 1128 2293 1218 Seine
933 1148 2138 1244 Kenntnis der intimsten Eigenheiten der menschlichen Natur.
933 1208 2300 1281 ungemein hoch entwickelte Psychologie wurzelt ganz in physiologischem
937 1261 2297 1336 Begreifen. Er kennt alle Gebundenheiten des Menschen, hat ein starkes
937 1317 2293 1375 Gefühl für dessen stete Hilfsbedürftigkeit und einen witternden Spur¬
940 1358 2300 1464 sinn für das, was helfen kann: sei's auch durch das Mittel eines
937 1423 1375 1495 unschuldigen Betruges.
1061 1452 2300 1531 So stoßen wir bei den Ursprüngen dieser Dichternatur auf ein
933 1519 2298 1578 tiefes Mitleid. Aber dieses ist seltsam durchgeläutert und derart ver¬
938 1551 2305 1633 geistigt, daß gleichsam ein kühler skeptischer Hauch davon ausgeht.
940 1611 2305 1674 Und in den höchsten Schichten seines Bewußtseins hat dieser Dichter
945 1658 2307 1737 sein Mitleid völlig überwunden. Da ist er klar durchsichtig und kalt
940 1699 2305 1774 wie ein gletscherentsprungener Bergstrom. Da ist er nichts als feine,
945 1759 2307 1826 ironische, ästhetisch gerührte Weltbetrachtung. Da ist er durch und
942 1800 2309 1872 durch Artist und handhabt die Sprache mit köstlicher Meisterschaft wie
952 1863 2310 1930 eine zarte Lanzette, mit der er die subtilsten Nervenfäserchen im orga¬
944 1896 2305 1978 nischen Gewebe bloßlegt. Bis in diese ibsenhaft=kühle Höhe wird dem
949 1949 2309 2024 Künstler wohl nicht jedermann folgen. Sie ist's jedoch, die ihm den
950 1995 2309 2070 letzten künstlerischen Adel verleiht. Dort unten freilich, bei den Ur¬
954 2044 2310 2133 sprüngen, ist's behaglicher, dort ist's molliger und wärmer. Dort
952 2099 2317 2177 untenhin können alle kommen und staunen, die zur Kunst überhaupt
954 2165 1276 2235 Zutritt begehren.
1065 2177 2317 2259 Noch einen zweiten Arzt will ich Ihnen nennen, damit sich durch
950 2242 2315 2327 ihn das repräsentative Bild des heutigen Wiener Schrifttums für Sie
957 2303 2315 2377 runde: den Dr. Karl Schönherr. Zwar ist er von Geburt ein Tiroler,
961 2355 2312 2414 und man spürt's ihm gewaltig an, aber dennoch gehört er hierher,
952 2390 2320 2466 da er in Wien Wurzel geschlagen hat und als Einziger die Tradition
957 2443 2326 2515 Anzengrubers fortsetzt. Als Einziger und, wie mich dünkt, auch als
957 2488 2322 2558 Ebenbürtiger — gerade weil er ein „Anderer“ ist. Er hat wohl nicht
959 2537 2327 2612 den quellenden Reichtum Anzengrubers, nicht dessen farbenerfüllte
956 2587 2315 2665 Naivität oder großes Herz. Die Zeiten sind überhaupt heutzutage
959 2634 2315 2715 kühler geworden, und damit werden wir uns wohl abfinden müssen.
967 2687 2315 2762 In zwei Punkten aber geht Schönherr über Anzengruber hinaus: er
961 2745 2322 2817 ist noch bodenständiger und echter, realistischer und unerbittlicher; und
967 2795 2326 2860 er hat ein bedeutend gesteigertes Verständnis für die Architektonik und
964 2832 2329 2907 Okonomik des Dramas. Man spürt, daß Ibsen und die Wiedergeburt
967 2884 2327 2957 Hebbels zwischen den beiden Dichtern liegen und daß Schönherr von
973 2942 2324 3008 dieser Entwicklung der Zeiten profitiert hat. So gehört er ganz
962 3000 1339 3076 unserer Epoche an.
1097 3018 2329 3112 Im Wiener Literaturgetriebe steht Karl Schönherr fast völlig
973 3080 2329 3163 einsam da. Zu Schnitzler, Hofmannsthal und deren Kreis unterhält
966 3131 2327 3215 er keine Beziehungen. Er ist von anderem Schrott und Korn als sie,
966 3179 2331 3262 zu bärbeißig, zu ungeleckt, zu unbebauen. Wie der knorrige Stamm
967 3225 2327 3298 eines germanischen Urwaldes steht Schönherr da unter seinen sensitiven,
979 3276 2336 3358 gebügelten, kulturdurchtränkten Wiener Kollegen. Ich könnte mir denken,
979 3325 2332 3399 daß er das Wort „Kultur“ von Herzensgrunde haßt und daß er den
976 3373 2331 3450 Teufel danach fragt, ob er ihr diene. Doch solche Söhne sind nicht
973 3435 2338 3498 die schlechtesten; mögen sie auch die unzärtlichsten sein. Die große
973 3472 2332 3558 Mutter weiß es und wird sie in ihrer Weisheit schon zu nützen verstehen.
1097 3535 2343 3607 Schönherr sieht den Menschen in seiner ganzen Kleinheit und
976 3583 2338 3643 die Natur in ihrer ganzen Größe. Fühlt man ihm den Puls, so wäre
979 3622 2336 3713 man versucht, ihn einen Menschenverächter zu nennen. Doch weil des
