3296 4320
1231 204 1704 307 box 44/10
185 201 1047 315 13. Miscellaneous
615 648 1771 719 Forderungen. Sie werden anstandslos gewährt, als ob
612 718 1777 783 die ganze Welt ihr Heil und ihre einzige Stütze in
615 770 1772 833 der Armee erblicken würde. Auf allen anderen Gebieten
617 830 1704 891 wird mit jedem Kreuzer aufs engherzigste gespart
610 885 1775 965 es muß erst jahrelang petitioniert werden, um irgend
620 939 1769 1009 einer, von anderen Staaten bereits anerkannten, für
617 1006 1768 1062 die wirtschaftliche Entwicklung erforderlichen Not¬
617 1060 1737 1140 wendigkeit auch bei uns Eingang zu verschaffen¬
617 1114 1775 1187 immer wieder verschanzt man sich hinter dem Einwand,
617 1177 1780 1249 es sei kein Geld vorhanden. Leider gilt dieser Einwand
617 1238 1777 1300 nur bei solchen Maßnahmen, welche dem Volke als
617 1287 1775 1344 solchen zugute kommen würden — man denke doch
620 1347 1781 1410 an die vielen der Verwirklichung noch immer harrenden
623 1405 1781 1465 Aufgaben der sozialen Fürsorge; alle müssen sie vor
622 1456 1780 1532 den Forderungen des Militarismus weichen. Für die
631 1512 1778 1586 Linderung der infolge der Ueberschwemmungen ver-
623 1583 1782 1641 ursachten Not mußte man sich mit einem lächerlich
628 1641 1780 1707 geringen Notstandsbeitrage begnügen — für neue Ge-
635 1686 1785 1753 wehre und Kanonen werden Millionen gefordert und
628 1746 1777 1806 ohne Skrupel bewilligt und beschafft, trotzdem angeblich
623 1812 1782 1868 kein Geld vorhanden sei. Man opfert diese Millionen,
629 1858 1769 1947 trotzdem man weiß, daß sie in dem Momente als hinaus¬
628 1915 1778 1989 geworfen erscheinen müssen, in welchem eine neue Er-
631 1963 1790 2042 findung bezüglich der Konstruktion der Feuerwaffe
623 2034 1788 2098 zum Vorschein kommt; daß an solchen Erfindungen
633 2097 1778 2157 kein Mangel ist, beweist die schon zum tenmale
636 2148 1785 2219 vorgenommene Bewaffnung mit stets neuen Gewehren.
750 2202 1787 2278 Unter dem Militarismus leiden alle kontinentalen
645 2272 1798 2337 Völker und ist auch keine Aussicht vorhanden, daß
631 2327 1790 2393 sie in absehbarer Zeit von dem auf ihnen lastenden
636 2390 1309 2458 Drucke befreit werden könnten.
756 2436 1801 2512 Vor einigen Jahren schien es allerdings, als ob
639 2499 1791 2563 sich auch die maßgebendsten Faktoren der Unerträg¬
642 2547 1793 2623 lichkeit dieser Rüstungsmanie bewußt geworden wären
642 2610 1790 2675 und auf endliche Abhilfe denken würden. Der Zar war
645 2659 1794 2742 es, welcher ein Manifest gegen die immer steigenden
639 2722 1794 2796 Anforderungen des Militarismus erlassen hat. Die
642 2796 1782 2847 steigenden Kriegsrüstungen seien schon fast unerschwing
651 2832 1794 2902 lich geworden, der Panzer drücke die Völker zu Boden,
648 2902 1791 2963 der Moloch Militarismus verschlinge alles Geld, das
642 2956 1798 3026 besser für Wohlfahrts- und Kulturzwecke zu verwenden
648 3009 1790 3076 wäre — mit einem Worte, die bestehenden Heere, be¬
642 3068 1800 3144 stimmt den Frieden zu schirmen, bedrohen ihn in
642 3116 1798 3191 erster Linie — das sind sicherlich Worte, die jedem
642 3180 1797 3252 Zivilisten aus dem Herzen gesprochen sind — man
647 3240 1800 3314 gab sich schon der zuversichtlichen Hoffnung hin, der
648 3297 1801 3362 Zar werde seine Worte zur Tat werden lassen und
648 3358 1800 3435 der erste sein, um mit der Abrüstung anderen Staaten
657 3403 1798 3489 ein nachahmenswertes Beispiel zu geben. Es kam be¬
648 3473 1807 3545 kanntlich zu der Friedenskonferenz in Haag. Diese
648 3518 1793 3590 konstituierte zwar ein Schiedsgericht, das bei inter¬
654 3587 1804 3661 nationalen Streitigkeiten geringer Art zu entscheiden
660 3638 1806 3718 hatte — jedoch der Hauptzweck, die Vermeidung eines
657 3696 1803 3764 Krieges und allgemeine Abrüstung wurde nicht er¬
657 3751 1809 3828 reicht. Sogar der Forderung nach einer Herabsetzung
654 3827 1813 3885 des Heereskontingentes wurde seitens einzelner Staaten
652 3878 1513 3960 energischer Widerstand entgegengesetzt.
769 3923 1813 4008 Der Urheber der ganzen Friedensaktion selbst
651 3978 1817 4072 aber wollte zur Verwirklichung seiner schönen Friedens¬
1822 625 2971 705 ideen auch nicht schreiten, im Gegenteile, seine späteren
1819 703 2974 769 Regierungsakte stehen in direktem Widerspruche mit
1829 757 2969 824 jenen so enthusiastisch aufgenommenen Worten. Die
1828 808 2972 880 Unterdrückung der Finnländer, die Annektierung der
1828 877 2972 942 Mandschurei und der jetzt entbrannte Krieg mit Japan,
1828 929 2969 996 beweisen, daß wir noch immer am alten Fleck stehen,
1825 986 2969 1048 daß der Militarismus noch lange nicht seinen Höhe¬
1825 1044 2979 1113 punkt erreicht hat und daß ungeachtet der ihm
1825 1095 2975 1165 bereits geopferten Milliarden das Volk noch immer
1828 1161 2972 1225 wird bluten und an den für den allgemeinen Wohlstand,
1825 1215 2974 1276 für das ungestörte Familienleben tausender friedlicher
1825 1282 2978 1338 Bürger verhängnisvollen Folgen eines Krieges wieder
1828 1338 2621 1433 generationenlang wird leiden müssen!
2123 1535 2691 1647 Der Wiener Roman.
1935 1628 2994 1695 Seitdem Arthur Moeller-Brück in dem 10. Bande
1828 1678 2978 1755 seiner „Modernen Literatur in Gruppen und Einzel¬
1825 1756 2997 1819 darstellungen“ *) das junge Wien einer gar gehässigen
1833 1800 2990 1864 und abfälligen Kritik unterzogen hat, ist ein Jahr ins
1833 1863 2984 1931 Land gegangen. Dieses Jahr — eine kurze Zeit, wenn
1831 1912 2975 1983 man will — hat in literarischen Dingen vieles hervor¬
1833 1973 2982 2049 gebracht, was man „draußen“ in Deutschland leichthin
1831 2029 2982 2098 als die Folge jenes Buches annehmen wird, voraus¬
1844 2100 2988 2164 gesetzt, daß man wienerischen Arbeiten dieselbe ab¬
1841 2148 2975 2214 lehnende Voreingenommenheit und dasselbe Unver¬
1831 2203 2987 2272 ständnis, wie es eben die große Masse leider hegt,
1833 2273 2988 2342 entgegenbringt. Arthur Moeller-Brück hat damals davon
1844 2318 2987 2394 gesprochen, daß alle Wiener Schöpfungen etwas Weibisches,
1833 2375 2978 2444 Farbloses in sich trügen, kurz, daß ihnen die Boden¬
1841 2430 2990 2506 ständigkeit fehle. In vielen hat er Recht, mindestens
1845 2493 2987 2562 bei jenen Autoren, die er aufzählt. Was ist z. B. an
1836 2547 2990 2634 Altenberg, Salus, Dörmann, Hoffmannsthal etc. spezifisch
1848 2602 2991 2681 wienerisch: Diese Leute könnten ebenso gut anderswo
1836 2663 2987 2745 gelebt und geschrieben haben, wie in Wien. Man wird
1841 2726 2987 2787 einwenden, die Bodenständigkeit, die Heimatskunst, ge¬
1836 2776 2987 2847 deihe nur im freien Lande. Die Großstädter seien alle¬
1844 2835 3003 2899 samt wurzellos und hätten keine Heimat. Das ist nicht¬
1842 2889 2997 2963 richtig. Schon Hoffmann 2) bedauert, daß wir z. B. die
1845 2945 2990 3032 entlegensten Winkelgassen von London, ihr Aussehen,
1844 3007 2994 3074 ihre Bewohner die Topographie von Paris, die Ge¬
1845 3054 3001 3132 schichte und Kenntnis des Lebens jener Städte durch
1844 3121 3001 3192 Boz, Scott, Paul de Kock, Zola etc. besser kannten,
1844 3191 2998 3250 als unsere Heimat, von der die Schriftsteller immer
1844 3234 3001 3310 nur den Stephansturm, allenfalls noch den Prater und
1851 3290 3000 3364 Schönbrunn erwähnten. Wenn dann schiefe Urteile
1848 3361 3007 3421 über Wien gefällt werden, tuts freilich wehe, aber
1848 3415 3001 3482 schuld ist daran niemand anderer, als der heimische
1854 3463 3003 3530 Schriftsteller selbst. Das ist nun seit Jahresfrist auf
1857 3521 3004 3593 einmal anders geworden. Der große Wiener Roman ist
1847 3578 2997 3660 auf dem Anmarsche. Schon ist der Vortrab einge¬
1854 3646 3004 3708 troffen und schon sind die Führer der Haupttruppen
1851 3699 3000 3773 uns auch dem Namen nach bekannt. Vielleicht ist's ein
1848 3760 3006 3824 bloßer Zufall, der eine momentane Häufung derartigen
1851 3823 3004 3901 Materials hervorgerufen hat. Vielleicht beginnt wirklich
1975 3914 2575 3987 Schuster u. Löffler, Berlin 1902.
1967 3961 3007 4051 2) Altwiener Studien, Leipzig, Reclams Univ.-Bibl., Nr. 2101.
