3344 4352
246 96 2214 145 ausschließlich von Wohlwollen für die freie Entwelchem es heißt: „Allein die pure, crasse Sinn¬
244 123 2216 187 wicklung der Bühnendichtung und der Bühnen lichkeit muß sich die Fernhaltung von der Bühne
246 172 2214 246 dictirt ist und daß er die durchaus anerkennens ebenso gefallen lassen, wie sie vom gesellschaftlichen
1247 216 1924 266 Verkehre seit jeher ausgeschlossen ist.
246 221 1218 278 werthe Absicht hat, den Polizeigeist, der von
1363 253 2212 320 Ich mache mich anheischig, auf Grund dieser
246 266 1215 322 früheren Zeiten her das tritische Walten der
1250 285 2212 354 Stelle — „Romeo und Julie" zu verbieten
248 312 1218 374 Censurbehörden nur allzusehr beeinflußt hat, in
1250 344 2212 396 weil die Situation, in der sich dieses Liebespaa¬
236 359 1220 418 die gebührenden Schranken zu verweisen. Wenn
1250 391 2219 438 am Morgen nach der Brautnacht befindet, kaum mit
236 408 1220 485 man das Theater einen Tempel der Kunst nennen
1245 428 2209 482 den Forderungen des gesellschaftlichen Verkehre
236 450 2216 536 kann, so hat der Ministerpräsident nun eine vereinbar ist. Ich könnte noch mit ganz anderen
246 502 1218 566 Tempelaustreibung im Sinne, bei welcher eng¬
1245 517 2216 571 Beispielen aufwarten; ich thue es aber nicht, weil
246 549 1218 608 herziges Bureaukratenthum und alter Zopf aus
1250 558 2214 608 ich weiß, daß der Herr Ministerpräsident nur die
1245 600 2216 652 Zote treffen, der Jote die Bühne verschließen will.
239 600 1213 652 den Räumen, die der Kunst gewidmet sind, ver¬
1252 649 2212 708 Ein übereifriger Censor, der nicht an den Tenor
244 647 1225 704 wiesen werden sollen. Nicht der Schrankenlosigkeit
1245 686 2214 738 des Erlasses sich halten will, wird unter „purer
258 691 1215 748 soll Thor und Thür geöffnet werden, aber die
1245 728 2214 780 crasser Sinnlichkeit ganz andere Dinge suchen, er
248 745 1208 804 Censur soll größere Beschränkung erfahren und
1250 770 2214 819 kann mit diesen Worten leicht gegen Dichtungen
246 782 2216 859 die Bühne soll mehr Freiheit erhalten. Dies ist das wie Halbes „Jugend“ zum Streiche ausholen. Ich
244 841 2212 905 Hauptprincip des Erlasses, der es gestatten wird, lege den Nachdruck auf das Wort „Dichtungen" und
246 883 2214 942 daß sich im Rahmen des Theaters nun auch die habe damit meinen Standpunkt begründet. Jeder
246 932 1166 994 socialen Erscheinungen des Lebens von heute,
1250 942 2212 999 wahren, echten Dichtung muß die Bühne sich
1252 982 1400 1043 aufthun
239 979 1220 1033 wie sie das Auge des Dichters sieht, wiederspiegeln
1363 999 2216 1070 Wenn man schon die Censur als eine Institu¬
248 1028 1213 1090 können. Gerade die moderne dramatische Dichtung
1250 1058 2219 1122 tion anerkennen will, dann ist die Beschreitung des
246 1075 1218 1127 hat am meisten Veranlassung, sich dieses Erlasses zu
1245 1109 2209 1164 Rechtsweges meines Erachtens nach, das einzige
258 1119 1215 1196 freuen. Denn er erleichtert ihr den Zutritt zur
1252 1154 2209 1223 Mittel, um Uebergriffe einzelner Censoren zu ver¬
246 1166 1210 1225 Bühne, der ihr bisher oft durch allerlei von über
1242 1196 1358 1260 hüten.
246 1220 1213 1277 ängstlicher oder übereifriger, unliterarischer oder
1368 1220 2214 1292 In Preußen ist folgender Rechtsweg: Polizei,
248 1264 1213 1343 unkritischer Censur vorgeschobene Querbalken ver¬
1245 1264 2214 1331 Bezirksausschuß, Oberverwaltungs=Gericht. Und da
244 1309 426 1383 legt war.
1245 1326 2214 1375 entsinne ich mich, daß Gerhart Hauptmann's „Die
357 1336 1210 1412 Es erschien uns richtig, das Urtheil von
1245 1365 2214 1417 Weber“ von der Polizei und vom Bezirks¬
1245 1407 2079 1459 ausschuß in Berlin verboten wurden.
244 1405 1218 1464 Fachleuten über den Erlaß des Ministerpräsidenten
1252 1442 2212 1503 Bezirksausschuß sitzen neben den Richtern die Ver¬
244 1461 1225 1518 einzuholen. Wir befragten einen Theaterdirector,
1252 1493 2216 1547 treter der Burgerschaft. Was that das Ober¬
248 1508 1218 1557 einen Dichter und einen angesehenen Juristen um
1250 1535 2214 1584 verwaltungsgericht? Dort sitzen nur gelehrte Richter
244 1550 1220 1604 ihre Meinungen über den Erlaß. Sie Alle, die
1255 1579 2214 1646 Sie hoben das Verbot auf und gaben „Die
248 1597 1213 1668 gewiß als competente Richter über die Be¬
1255 1616 1476 1688 Weber“ frei
248 1653 1210 1705 stimmungen des Erlasses anerkannt werden
1370 1641 2216 1715 Ich halte die Censur für eine Rechtsfrage
244 1690 1220 1752 müssen, begrüßen den Erlaß im Allgemeinen
1245 1692 2214 1754 Deshalb verlange ich die reinliche Scheidung aller
239 1744 1220 1796 sympathisch, aber sie erheben Einwendungen gegen
1252 1754 2216 1798 ästhetisch=kritischen Geschmacksurtheile von allen eigent¬
244 1791 1213 1862 manche Einzelnheiten. Wir geben im Nach
1245 1793 2204 1838 lichen Censurfragen. Weil ich dieser Anschauung bi¬
1245 1838 2202 1892 vermag ich in der Beiziehung des „dritten Mannes
246 1828 1134 1899 stehe den das, was wir vernommen, wieder:
1245 1875 1766 1951 keinen Vortheil zu erblicken.
317 1894 1166 2000 Der Director des Hofburgtheaters
470 1980 1001 2069 Dr. Paul Schlenther:
1456 1968 2034 2066 Dr. Arthur Schnitzler:
357 2037 1220 2118 Ich bemerke zunächst, daß durch den Erlaß
1360 2042 2214 2121 Der urbane, vornehme Ton des Erlasses
236 2111 1220 2165 des Herrn Ministerpräsidenten Dr. v. Kerber das
1252 2093 2221 2162 berührte mich sehr sympathisch. Wenn ich auch nicht
246 2150 1228 2199 Hofburgtheater nicht berührt wird. Wir haben unsere
1255 2160 2214 2226 der Kundgebung des Herrn Ministerpräsidenten rück¬
246 2197 1223 2241 Hauscensur und wir werden sie hoffentlich auch
1250 2199 2221 2268 haltlosen Beifall zu spenden vermag, so bedeutet sie
246 2236 1218 2288 behalten. Ich kann mir einen glückseligeren Zustand
1242 2239 1887 2315 doch einen wesentlichen Fortschritt.
246 2285 1218 2332 nicht denken. In den nachfolgenden Zeilen nehme
1363 2271 2221 2349 Nach dem Erlaß wird ein Censurbeirath aus
244 2322 1220 2374 ich deshalb als Director des Burgtheaters
1250 2332 2214 2391 drei Männern gebildet. Wer werden diese Persön¬
244 2374 2216 2428 nicht das Wort. Ich würde jedoch selbst dann, lichkeiten sein? Werden sie die entsprechende
244 2403 1223 2455 wenn ich nicht Director des Burgtheaters
1252 2416 1815 2490 Objectivität in ihr Amt
1860 2413 2096 2482 mitbringen?
244 2445 2216 2517 wäre, mich mit dem Tenor des Erlasses Verwaltungs= und ein richterlicher Beamten
246 2494 1228 2544 nicht blos einverstanden erklären, sondern die
1483 2504 1727 2561 sich mit
1255 2507 1387 2558 werden
1798 2509 1914 2558 einem
1998 2504 2219 2571 literarischen
248 2536 1223 2590 Kundgebung des Ministerpräsidenten infoserne
1250 2539 2224 2600 Fachmann im Beirathe zusammenfinden. Ich möchte
258 2576 1213 2632 freudig begrüßen, als die Autorität des Chefs der
1245 2598 2226 2644 nicht schwarz sehen, allein ich fürchte, daß die
246 2620 2216 2681 Regierung Grundsätze unterstützt, die künftig eine amtlichen Censoren den Fachmann oft — nicht
253 2664 659 2726 übertriebene Strenge
689 2657 1218 2731 der Censur ausschließen
1250 2674 2219 2728 immer - überstimmen werden. Der Landesches ist
248 2708 1109 2758 Andere Staatslenker haben in Sachen
1255 2718 2216 2770 an diese Gutachten nicht gebunden, er kann die Auf¬
248 2750 1220 2809 Theatercensur anders gesprochen. Der österreichische
1257 2763 2123 2817 führung eines Stückes freigeben oder verbieten.
248 2765 2216 2876 Ministerpräsident gibt den Censoren eine Richtschnur im will von jedem Landeschef das Beste denken, aber
258 2836 603 2900 freisinnigen Geiste.
1257 2849 2224 2903 selbst der mächtigste Statthalter ist außer Stande,
367 2851 1225 2925 Was ich nun auszuführen gedenke, wird mir
1252 2888 2221 2940 den gewissen „Wind" abzuwehren, der sich gegen
251 2913 1210 2967 vielleicht als reactionär ausgelegt werden. Und doch
1245 2930 2226 2986 die sogenannten gefährlichen Stücke erhebt. Dieser
253 2964 1223 3011 kann ich auf Grund meiner Erfahrungen nicht
1252 2977 2226 3045 „Wind" hat on häufig Stücke weggeblasen, die
248 3001 1218 3053 umhin, über die Zusammensetzung des
1252 3023 1828 3077 man für sehr zulässig erkannte.
253 3048 1210 3122 Censurbeirathes ein Bedenken auszu
1370 3060 2216 3122 Im höheren, im culturgeschichtlichen Sinne
256 3090 406 3166 sprochen.
1255 3090 2224 3159 ist die Censur entschieden zu verwerfen. Eine
367 3102 1218 3198 Was soll der dritte Mann im Beirath? In
1260 3156 2224 3215 Censur, liberal aufgefaßt und liberal geübt, muß
248 3161 664 3240 dem Erlasse heißt es:
1260 3198 2216 3247 geübt werden sonst kommt die Censur der Theater¬
374 3205 1220 3262 „Dieser ständige Beirath, welcher nunmehr be¬
1255 3242 2224 3289 directoren und die ist noch ärger. Am Richtigsten
263 3252 1223 3301 jeder Landesstelle zu bilden sein wird, hat aus drei
1245 3279 2216 3336 wäre es, die Autoren für ihre Werke verantwortlich
253 3296 1137 3351 Mitgliedern, und zwar einem literarisch
248 3326 2226 3378 bildeten Verwaltungsbeamten, dann zu machen. Doch das ist eine ideale Forderung in
1255 3365 1956 3437 unseren Zeiten — ein schöner Traum.
248 3370 1220 3437 einem richterlichen Beamten mit der
1124 3405 1225 3459 einer
258 3407 1092 3454 gleichen Qualification und
1365 3387 2216 3469 Unter den Parteiungen in welchen wir leben
248 3442 1223 3496 dritten, vermöge ihrer besonderen Befähigung
1255 3439 2219 3510 ist eine Aufhebung der Censur nicht zu erwarten.
253 3488 1225 3535 zur speciellen Vertretung des dramatischen Gebietes
1257 3506 2226 3555 Es ist leider bei uns das Princip der Sachlichkeit
253 3520 1223 3574 geeigneten Persönlichkeit, wie etwa einem Bühnen¬
1255 3550 2224 3601 ausgestorben, es herricht übermächtig das Princip
263 3562 1225 3606 schriftsteller, einem Theaterkritiker
1255 3592 2224 3638 der Parteipolitik. Jede Partei denkt nur daran, die
251 3599 1213 3670 oder einem Angehörigen des Lehr
1260 3633 2224 3683 Freiheit anderer zu knebeln. Deshalb ist an ideale
248 3638 635 3702 standes bestehen."
1257 3670 2226 3724 Zustande nicht zu denken. Die Aufhebung der Censur
371 3653 1225 3727 Ich wiederhole: Was soll der alterarische
251 3702 2224 3779 Fachmann im Beirathe? Wenn er seine Pflicht thut, wird dann möglich sein, wenn die Entwicklung
1373 3756 2108 3806 Menschheit bis zu einem Punkte
253 3759 1223 3806 dann müßte gerade, er, in rein literarisch=künst¬
1257 3796 1378 3857 diehen
1424 3771 2214 3852 ist, der die Menschen befähigt
258 3803 1228 3850 lerischem Interesse jedes Stück censuriren da bei der
1257 3840 2219 3889 auf der Bühne bles die künstlerischen Dinge zu
261 3843 1223 3894 Censur immer nur Momente in Betracht kommen
1260 3887 2219 3936 sehen. Es fällt mir gewiß nicht ein das Recht auf
263 3887 1232 3934 die mit künstlerisch=östhetischen Geschmacksurtheilen
258 3926 2224 3980 Nichts zu thun haben. Die Centur hat sich zu Tendenz verkümmern zu wollen. Meisterwerke der
1257 3966 2226 4017 Weltliteratur sind Tendenzdichtungen: nur soll das
258 3973 1225 4025 erstrecken auf sittenpolizeiliche, staats= und rechts¬
1264 4012 2224 4061 Publicum so reif sein, daß es nicht für oder gegen
258 4012 1228 4066 widrige, religiöse und politische Momente. Mit
258 4057 2229 4108 allen diesen Dingen hat der literarische Fachmann die Tendenz sich erklärt sondern blos darüber urtheilt,
2246 118 3215 167 verhindern. Deshalb war die Büchercensur
2251 165 3220 214 ganz unstatthaft. Dagegen glaube ich, daß
2315 204 3223 253 Theatercensur im Princip nie ganz zu
2248 241 3218 290 entbehren sein wird, weil auf der Bühne Hand¬
2251 288 3210 337 lungen vor einer großen Versammlung sich voll¬
2258 330 3215 384 ziehen. Wenn Jemand ein Buch liest, in welchem
2246 376 3215 423 noch so viele revolutionäre Ideen propagirt werden,
2253 418 3213 465 so kann sich doch nicht jene Atmosphäre entwickeln,
2251 460 3213 507 in der Explosionen möglich sind, wie beim Theater.
2253 494 3210 549 Die Schaubühne darf nicht zum Schauplatze von
2251 544 3208 590 Vorbereitungsarten für gewaltthätige Handlungen
2253 588 3213 635 gemacht werden; man darf nicht Dinge vorführen,
2244 625 3213 681 die, weil sie vor einer Versammlung geschehen,
2246 669 3223 718 auch empfindlicher das Schamgefühl verletzen. Die
2251 706 3223 758 Polizei in absolutistischen Staaten hat engherzig die
2246 755 3215 802 Discussion von politischen oder socialen Fragen auf
2244 797 3220 846 der Bühne verhindert — aber der Zote wurde ein
2244 839 3213 888 breiter Spielraum gewährt. Die Zote erschien weniger
2251 883 3213 932 gefährlich, sie wurde als Ventil genommen, als
2246 925 3218 996 Compensation gegeben für die Niederhaltung poli¬
2246 967 2578 1021 tischer Meinungen
2359 984 3218 1060 Es hat sich ein Wandel der Zeiten schon seit
2246 1048 3215 1097 Langem ergeben und es wird noch mancher Wandel
2246 1095 3215 1149 folgen So wird man sehr bald — ich hoffe es und
2248 1139 3159 1191 glaube es mit Bestimmtheit annehmen zu können
2246 1176 3218 1228 Hauptmann's „Die Weber“ freigeben müssen,
2244 1225 3213 1277 weil doch Niemand wird behaupten können, daß auf
2248 1264 3208 1333 die Aufführung dieser Dichtung Gewaltacte außer¬
2246 1311 2876 1383 halb des Theaters folgen werden.
2357 1326 3210 1402 Wenn man Zweifel hegen könnte, ob die
2248 1383 3213 1442 Person des Heilands auf die Bühne zu bringen
2251 1442 3208 1506 wäre, so ist dieses Bedenken durch die Passions¬
2251 1476 3166 1540 spiele in Oberammergau und Brixlegg widerlegt.
2362 1510 3208 1569 Die Idee des Censurbeirathes ist nicht neu
2251 1540 3208 1616 Ich begrüße aber trotzdem den Erlaß des Minister¬
2251 1601 3213 1658 präsidenten, weil er eine in Vergessenheit gerathene,
2251 1651 3220 1695 wichtige Institution wieder lebendig machen will.
2248 1685 3223 1742 Mit welchem Erfolge, wird sich zeigen. Es bleibt
2248 1729 3220 1781 abzuwarten, ob nicht die Beamten im Beirathe den
2248 1771 3220 1823 literarischen Fachmann majorisiren werden. Von
2251 1813 3232 1865 diesem literarischen Fachmanne erwarte ich mir
2248 1857 2546 1931 eigentlich wenig
2357 1867 3215 1951 Die vom Minister Bach im Jahre 1850 er¬
2246 1936 3220 1993 lassene Theaterverordnung kennt bereits einen Beirath
2248 1985 3220 2039 „sachverständiger Männer“. Der Censurbeirath
2246 2027 3228 2084 wurde damals nicht gebildet, vielleicht kommt
2315 2069 3213 2125 diesmal zu Stande. Mit welchem Er¬
2248 2108 3218 2165 folge, wird ja die Zukunft lehren. Ich persönlich
2367 2150 3218 2202 kein Anhänger dieser Institution, weil
2246 2162 2327 2214 bin
2251 2189 3225 2248 die Censur nur beschränkt werden soll auf die
2253 2248 3225 2310 Begehung strafbarer Handlungen, desgleichen, wenn ein
2248 2288 3225 2339 Bühnenwerk direct Unruhen hervorzurufen geeignet
2251 2325 3232 2408 erscheint. Um solche zu verhindern, braucht man
2248 2369 2522 2443 keinen Beirath
2364 2386 3225 2460 Viel wichtiger wäre es, einen Rechtszug an
2251 2455 3225 2504 den Verwaltungsgerichtshof einzurichten, einen
2251 2499 3223 2549 Rechtszug, der heute nicht besteht. Man soll
2251 2539 3225 2588 die Dichtungen, die echten Kunstwerke, dem
2253 2583 3223 2640 freien Ermessen der Polizei entziehen; der Dichter
2248 2622 3218 2699 soll Schutz bei den obersten Richtern finden können.
2357 2664 3218 2713 Die Kundgebung des Ministerpräsidenten ent¬
2248 2696 3228 2775 hält eine Reihe guter Gedanken, es sind aber auch
2248 2755 3205 2807 Kautschukbestimmungen darin. Es wird sich be¬
2258 2792 3220 2859 zeigen, ob die Theater Ursache haben, sich des Er¬
2248 2836 2556 2908 lasses zu freuen.
