3344 4352
1211 206 1697 309 box 44/10
167 213 323 309 13.
359 192 987 316 Miscellanen
888 1555 2929 1665 das Leben in vollen Zügen getrunken, und nun ins Leben ist er gestürmt, verbrannt, und heraus
898 1640 2929 1715 sitzt er im Irrenhause. Diesen Gebrochenen läßt aus dem Feuer und wieder hinein und wieder
135 1626 600 1722 Einakterabend.
1924 1690 2936 1747 verbrannt, aber nur gelebt, gelebt, gelebt! All
898 1700 1899 1771 sich der sieche Bruder zur Erbauung bringen. Er
96 1697 820 1764 ter Augen". Von Ludwig Fulda.
1931 1732 2939 1800 sein Lieben und seine Kunst haben ihm eine Welt
89 1754 802 1807 de Narr“. Von Hermann Bahr.
891 1743 1899 1821 will sehen, wie das Leben den Leichtsinn vergilt
1931 1793 2932 1853 in seinem Inneren gebaut, deren Trümmer auch
89 1800 799 1874 erleut. Von Karl Schönherr.)
895 1803 1903 1864 er will sehen, wie wehe Reue tut, die ihm erspart
1928 1835 2939 1896 aus der Verwüstung, die seinen Geist ergriffen
128 1839 1903 1921 vom Lustspiel zur Tragödie. Der blieb, weil er sich vor allen Unregelmäßigkeiten
895 1882 2936 1967 gehütet hat. Der „arme Narr soll her, soll ihn hat, noch leuchtend emporragen. Mitten in seinen
89 1892 870 1974 undliche Einakter von Fulda macht noch
1921 1931 2936 2009 Leiden belebt ihn ein Stückchen Melodie aus
85 1945 1814 2031 in gefälligen Eindruck. Höchst unwahr erkennen lassen, wie schwer das Leben straft.
1931 1988 2932 2048 einem seiner Lieder, erquickt ihn ein Bild aus
955 1984 1910 2066 Und er kommt. Man denkt bei dem kranken
89 2009 884 2080 war, daß die junge Frau erst an dem
895 2027 2936 2109 Tondichter an Hugo Wolf. Man darf es auch, der Natur, das er auffängt oder auf das ihn Arzt
96 2059 873 2123 dem wir einen Einblick in ihre Häus¬
898 2080 2936 2166 denn auch Hermann Bahr hat an ihn gedacht, als oder Wärter zufällig weisen. Er ist noch immer
85 2102 870 2173 Alten, erkennt, daß ihr die Liebkosungen
89 2130 2936 2222 en lieber sind als die großen Gesell¬ er den „armen Narr schrieb. Er sieht den älteren genußfähiger und höheren, reineren Freuden zu¬
1931 2183 2929 2244 gänglicher als der Bruder in seiner hämischen, ver¬
895 2194 1906 2258 Bruder, der in körperlichen Schmerzen stöhnt. Und
89 2208 870 2268 die sie bisher schwärmte. In den vie¬
898 2226 2943 2304 da zeigt es sich, daß der zerbrochene Spiegel, als bitterten Gesinnung es je war. Auch auf ge¬
89 2258 870 2329 hrer Ehe muß doch die Situation, au
1931 2276 2939 2343 brochenen Schwingen erhebt er sich noch immer
89 2290 1903 2368 estspiel aufgebaut ist, mal dagewesen welcher die Seele des Irren erscheint, ihm noch
1931 2332 2950 2421 höher als der, der sich am Anblicke seines Elends
898 2339 1906 2403 immer mehr von der Schönheit und vom Glanz
89 2354 873 2414 über diese Schwäche sieht man hinweg
902 2393 2290 2460 des Lebens in die Seele wirft als das reinliche genug tun wollte.
89 2400 873 2478 Dialog ist unterhaltend, liebenswürdig
1988 2393 2932 2489 Hermann Bahrs Arbeit zeigt deutlich Einflüsse
909 2439 1906 2506 Glas, durch das der gesittete Bruder die Welt
106 2464 880 2549 oft, wiegt auch hier das Vergnügen
1931 2478 2939 2549 Arthur Schnitzlers. Sein sicher Kaufmann Haißl
905 2481 1903 2552 allezeit kritisch betrachtet hat. Und der muß er
89 2510 444 2577 lan Logik auf.
106 2528 2943 2616 der „Arme Narr“ von Hermann kennen, daß eigentlich er der „arme Narr“ ist. Er erinnert lebhaft an den in ähnlichen Stimmungen
89 2577 2936 2662 eressante Quälerei für die Zuschauer, ist ängstlich an allem vorübergegangen, das fernab befangenen todkranken Rittmeister Moser in
902 2616 2939 2702 vom geraden Geleise eines soliden Lebens lag, denn Schnitzlers „Ruf des Lebens". Die nachdenkliche,
89 2655 877 2719 piel, das den Trutzspruch: in philistros
1931 2677 2939 2744 wehmütige Betrachtung des Daseins, wie sie sich
909 2687 1793 2748 er hat Not und Krankheiten als „Strafe
89 2705 888 2762 auch trägt. Ein schwerkranker Kaufmann
905 2730 2950 2801 fürchtet. Und nun sieht er, daß er trotz aller Vor- aus dem Vergleich eines nüchtern verbrachten mit
89 2748 884 2815 nem Leiden einen bescheidenen Trost
1935 2776 2936 2836 einem genossenen Leben unter dem nivellierenden
902 2776 1913 2851 sicht, trotz aller Entsagung einem körperlichen
85 2804 877 2861 en, daß er, der im ordentlich und
902 2822 2939 2907 Leiden überantwortet ist und daß ihm dabei nicht Einflusse des Sterbens zeigt, erinnert zugleich an
89 2851 880 2915 t, wenigstens nicht so vom Schicksal
1935 2876 2943 2932 ein anderes Werk der Wiener Schule, an einen
909 2879 1906 2946 einmal das leuchtet, was dem leichtsinniger
85 2897 884 2957 rde wie seine leichtlebigeren Brüder.
1935 2922 2946 2986 Einakter in Saltens Dramenreihe: „Vom anderen
89 2925 1903 3010 Eduard, ist zwar noch zu jung, um ein Bruder helle, frohe Reflexe in die düstere Vor
1935 2971 2943 3032 Ufer“. Auch Salten steht ganz im Banne des
92 2978 1906 3071 wohltuendes Exemplum zu bieten. dämmerung wirft, die der Todesnacht vorausgeht
1931 3021 2939 3081 Dichters der „Lieberei, der den Hang des Wieners,
905 3032 1793 3096 die Erinnerung an unvergeßliche Stunden.
110 3042 884 3113 Hugo, Hugo der Tondichter, Hugo der
969 3071 2939 3177 Der „Narr" hat es gut gehalten! Mitten hinein den Genuß des Lebens durch den angstvollen Aus¬
89 3092 902 3188 r hat, ohne auf das Morgen zu denken,
