3344 4320
1278 225 1757 322 b 44/10
229 234 1092 326 13. Miscellaneous
378 1329 1432 1468 Ergänzungen zum jüdischen Programm.
434 1438 1487 1505 In Wien wird demnächst eine jüdische Sprach¬
338 1481 1490 1563 konferenz stattfinden, die sich mit der jüdischen Wort¬
337 1532 1468 1617 kunst, mit Vorbereitungen zur Kodifizierung des „Jiddisch
337 1587 1486 1655 genannten Jargons, der zur Nationalsprache erhoben
337 1633 1480 1715 werden soll, befassen wird. Das Programm verspricht an
331 1667 547 1751 Referaten:
416 1700 1480 1797 1. Uebertragung jüdischer Kulturgüter
337 1748 1483 1839 in jüdische Sprache. Referent: Schalom Asch. 2. Regelung der
338 1806 1480 1877 Sprache (Orthographie, Grammatik, fremde und neue Wörter,
338 1839 1484 1915 Schaffung eines Wörterbuches usw.). Referenten: Abraham
332 1874 1481 1956 Reisen, S. Aisenstadt, Dr. Sottek. Jüdische Literatur,
341 1918 1477 1998 Theater und Presse. Referenten: I. L. Perez,
334 1955 1471 2028 Dr. Ch. Schilowsky, N. Priluzki, Abraham Reisen. Die
353 1998 1480 2076 üdische Jugend. Referent: Dr. Nathan Birnbaum.
335 2040 1477 2114 Die jüdische Schule. Referent: Mordechai Birnbaum.
338 2073 1475 2149 Jüdische Künstler oder jüdische Kunst. Referent:
332 2113 1474 2189 Asch. Kunstvereine in Rußland. Referent: Lazar
331 2152 1477 2229 Kahn. Anerkennung der jüdischen Sprache. Referenten: Löbl
325 2189 770 2263 Taubes, Math. Mieses.
420 2239 1474 2317 Löbliche, vielversprechende Aufgaben, die sich das
319 2277 1475 2374 Judentum hier setzt. Aber das Programm scheint nicht
320 2339 1471 2415 vollständig, es entbehrt jener Namen, deren Aufnahme in
329 2381 1465 2473 die Bezirke jüdischer Kultur mit ihrem Wirken ver¬
334 2430 1471 2518 söhnen könnte. Zwar werden die jüdischen Liberalen
325 2490 1474 2563 Schalom Asch und Moritz Rosenfeld sich an
320 2527 1468 2618 dieser Sprachkonferenz beteiligen, aber unter den Re¬
328 2575 1487 2670 ferenten über jüdische Literatur fehlen Artur Schnitzler
320 2628 1465 2715 und Hugo von Hofmannsthal und Garten an
320 2675 1462 2761 Felix Dörmann, wie beim Kapitel bildende Kunst der
322 2724 1463 2810 Prinzenmaler David Kohn und so viele andere. Man
307 2773 1463 2867 muß darauf bestehen, daß eben diese gepriesenen Größen
310 2821 1459 2904 des Judentums hier in seine Rechte und Pflichten treten,
307 2867 1463 2956 daß das Judentum nicht aus — Bescheidenheit oder aus
310 2913 1459 2999 Spekulation diese ihre vorgeschobensten Posten unein¬
305 2976 1462 3044 gezogen lasse, sondern deren Zugehörigkeit zur jüdischen
310 3022 1459 3095 Kultur ebenso entschieden proklamiere, wie seine An¬
308 3059 1459 3172 klammerung an die deutsche gelöst und verhindert
299 3113 597 3206 werden mit
2010 207 3052 291 Theater, Kunst und Literatur.
2065 273 3129 341 Königliches Opernhaus. Unsere Opernbühne schreitet
1947 320 3130 395 daran, den ganzen Nibelungenring ihrem Spielplane einzuverleiben.
1947 384 3138 440 Heute kam Rheingold" an die Reihe, in einer sehr zufriedenstellenden
1953 437 3129 498 Aufführung, deren orchestraler Theil als besonders gelungen bezeichnet
1944 483 3135 541 werden kann, ein Verdienst des Kapellmeisters Desider Märkus
1950 529 3133 590 der nach längerer Zeit wieder einmal Gelegenheit erhielt, ein Werk
1944 583 3130 647 Wagner's zu dirigiren und sich auch diesmal als bewährter Hüter
1944 632 3135 691 der Traditionen von Bayreuth erwies. Unter den Solistenleistungen
1950 679 3136 736 stand natürlich, wie stets, der glänzende Alberich des Herrn Takts
1950 723 3133 799 obenan. Annehmbar fand sich Herr Deri als Mime mit seiner heiklen
1944 772 2169 854 Agge ab.
2065 797 3129 894 Königstheater. Unter den feingestimmten Novellen, die
1950 881 3133 945 Hans Müller zu seinem „Buch der Abenteuer vereinte, gibt es
1944 933 3135 995 eine, die sich „Nux, der Prinzgemahl betitelt. Sie erzählt, wie ein
1947 988 3133 1047 junger, frischer Wiener Oberlieutenant von einer weniger jungen
1947 1036 3138 1097 und weniger frischen Duodezprinzessin zum Manne erkoren und
1998 1088 3130 1140 da es bei Prinzessinen keinen Widerspruch gibt — auch ge¬
1952 1123 3130 1183 heirathet wird und wie sich nun Nux in dem kleinen Herzogthum oben
1962 1177 3128 1238 für die Ueberrumpelung zu rächen weiß, indem er von seinen wesent¬
1959 1231 3138 1286 lichsten Rechten als Prinzgemahl nicht den geringsten Gebrauch macht.
1959 1277 3136 1335 Er und die Prinzessin, sie leben Beide trübselig und lieblos dahin, sie
1952 1323 3145 1393 enttäuscht und verbittert, er entwurzelt, vom Heimweh nach seinem
1956 1356 3151 1439 schönen Wien verzehrt. In die kleine Winkelresidenz aber hat sich
1959 1416 3154 1491 eine Wiener Damenkapelle verirrt und die blonde, fröhliche Prin¬
1941 1462 3133 1536 geigerin hilft erst Nur und dann sogar der Prinzessin aus aller
1959 1520 3135 1581 Noth. Denn wenn sie Abends auf dem Podium des kleinen Bier¬
1959 1566 3139 1623 gartens steht und von den Saiten ihrer Geige weiche wiegende
1956 1618 3139 1681 Walzertöne zu Nux hinüberschweben, so ist Nur glücklich, so glücklich
1965 1664 3148 1706 — daß es fast des weiteren verschwiegeneren Glückes, das sie ihm
1965 1702 3151 1769 schenkt, gar nicht bedürfte. Die Prinzessin aber ahnt, daß es die
1959 1766 3139 1828 Anmuth, die leichtbeschwingte Walzerfröhlichkeit Wiens ist, die
1956 1809 3142 1861 ihr Gemahl vermißt, und sie findet ein Mittel, ihm
1956 1868 3136 1927 etwas von dieser ins herzogliche Schloß zu zaubern: Sie nimmt,
1956 1909 3136 1964 ganz im Geheimen natürlich, Lektionen im Spielen von Wiener
1961 1962 3145 2028 Walzern und diese Lektionen gibt ihr keine andere, als eben jene
1959 2006 3144 2068 blonde Geigerin, die freilich den Zusammenhang zwischen der Hoheit
1956 2064 3142 2117 und ihrem Nux nicht ahnt. Und so führt der Wiener Walzer dann die
1955 2102 3139 2166 beiden Eheleute doch noch zusammen und die kleine Geigerin steht
1956 2153 3136 2214 abseits, zerdrückt eine Thräne im Auge und findet, daß sie hier freilich
1956 2210 3136 2262 ausgespielt habe... Es ist eine ganz reizende Geschichte. Der
1956 2259 3147 2312 Uebermuth und die sanfte Grazie des Wiener Walzers steckt in ihr und
1959 2302 3142 2360 in der lächelnden Tragik der kleinen Musikantin auch seine leise Schwer¬
1956 2351 3139 2400 muth und Melancholie. Man versteht, daß diese Novelle Arthur
1965 2394 3130 2458 Schnitzler gewidmet ist und man versteht noch mehr, daß sie rasch zur
1962 2447 3133 2503 Operette verarbeitet wurde. Man fände wahrhaftig schwer eine zweite,
1956 2494 3132 2545 die sich so gut mit Walzermusik vertrüge, als diese, die förmlich aus
1965 2542 3141 2602 Walzerstimmungen emporwächst. Diese Novelle liefert nun das von
1961 2594 3139 2660 Benno Jacobson und Felix Dörmann zurechtgezimmerte
1959 2639 3128 2691 Libretto der Straußischen Operette „Ein Walzertraum“ (Varas¬
1955 2686 3138 2754 kering), die nach ganz ungewöhnlichen Erfolgen im Auslande heute
1959 2740 3139 2794 im Königstheater zum ersten Male aufgeführt wurde. Daß auf der
1956 2788 3136 2858 Bühne große Theile des ursprünglichen Textes gekürzt, weggelassen,
1962 2840 3138 2898 zusammengezogen, verstümmelt werden, daß Vieles verloren geht und daß
1965 2886 3141 2935 aus dem Idyll stellenweise eine ganz grobkönige Posse wird, das
1962 2935 3141 3007 nehmen am Ende nur die Wenigen krumm, die Hans Müller's
1968 2980 3130 3037 Novelle kennen. Und diese sind in der Minderzahl. Die Anderen
1962 3037 3142 3099 finden immer noch ein lustiges, bewegtes Libretto, in dem der gesunde
1965 3081 3141 3130 Menschenverstand nirgends vergewaltigt wird — also weit mehr, als
1959 3132 3148 3199 man auf der Operettenbühne unserer Tage zu finden gewohnt ist.
1962 3177 3138 3233 Und man nähme mit dieser Musik gern auch Schlechteres in Kauf.
1955 3226 3132 3291 Man kann ihr nichts Besseres nachsagen, als daß sie überall für die
1962 3272 3133 3336 bald sentimentale, bald groteske Stimmung des Ganzen den liebens¬
1959 3326 3136 3390 würdigsten Ausdruck findet, und daß sie, ohne stets durch melodiöse
1965 3373 3141 3433 Erfindung zu überraschen, Styl hat und eine Künstlerhand
1959 3423 3136 3481 verräth. Im Uebrigen hat es dort wenig Sinn, mit vielen Worten zu
1956 3470 3139 3542 loben, noch weniger kritische Einwände zu machen, wo der Komponist
1956 3521 3133 3585 auf etwa zweihundertfünfzig volle Häuser zurückblicken darf. Den Clou
1953 3572 3132 3637 der Partitur, jenen glatten, schmeichlerischen Walzer, den auch bei uns
1962 3619 3139 3677 lange vor der Première alle Zigeuner fiedelten, begrüßte man wie einen
1959 3670 3144 3728 lieben, alten Bekannten. Am liebsten hätte man ihn gleich mitgesungen.
1956 3724 3142 3786 Ueberhaupt lag heute von allem Anfang an der Erfolg in der Luft und
1956 3768 3133 3829 die allgemeine Applausfreude hielt ungeschwächt bis zum Schlusse vor¬
1962 3820 3128 3883 Die Operette wird somit auch bei uns ihren Weg machen, und das
1959 3862 3135 3934 umso mehr, als man auch an der Aufführung seine Freude haben
1959 3920 3135 3974 darf. Manches könnte ja anders sein und ob Herr Strauß, der
1956 3965 3136 4024 mit Herrn Jacobson aus einer Loge für viele Hervorrufe dankte,
1959 4013 3141 4083 über die gesangliche Wiedergabe seiner Lieder allzu entzückt
1965 4065 3133 4123 war, bleibt dahingestellt. Was aber etwa an Stimmen fehlte,
1956 4117 3132 4175 das wurde reichlich durch Temperament, Heiterkeit und nicht
1956 4168 3132 4221 zuletzt durch ungewöhnlich prunkvolle Ausstattung weitgemacht.
