3344 4384
1305 281 1768 388 box 44/10
248 286 1103 385 13. Miscellaneous
1236 1826 2193 1883 haben. Ein jeder darf die lächerliche Stümperei des
245 1835 1207 1888 Paris ins Hotel Scribe, trotzdem er schon ein Vermögen
1239 1869 2190 1922 Schicksals" verbessern. Warum nicht? Diese Weisheit
248 1882 1199 1933 in der Tasche hatte, wo damals die Komtesse Helene
1239 1917 2193 1973 ist so alt wie der Thüringer Wald. Glaubt sie Felix
248 1928 1193 1978 Laurentin mit ihrem Oheim, dem Reichsgrafen, wohnte
1239 1966 2189 2018 Salten im Ernst? Wir werden sehen, daß er im zwei¬
253 1970 1199 2022 Sie sehen und lieben war für den Kellner eins. „Es
1239 2018 2192 2061 ten Stück seinen gräflichen er widerlegt oder zum
251 2021 1209 2066 gibt so viele Grafen, die Kellner geworden sind, warum
1242 2050 2189 2104 mindesten die Kehrseite der tille zeigt. Soll ihm
253 2059 1202 2107 soll denn ein Kellner nicht einmal Graf werden?", das
1245 2101 2190 2150 daraus ein Strick gedreht den Durchaus nicht:
248 2102 1209 2149 war der Gedanke, der ihn fortan beherrschte. In seiner
1245 2142 2189 2193 schließlich ist kein Gedanke richtig oder falsch; unsere
253 2147 1199 2201 dienenden Stellung fühlte er sich als „das Opfer eines
1242 2187 2192 2245 Logik leiht ihm den größeren oder geringeren Grad
585 2189 1202 2238 — seltsam, in so feuilletonistischer
253 2193 555 2251 Besetzungsfehlers“
1239 2227 2193 2285 von Wahrscheinlichkeit. Alles hängt von dem Stand¬
251 2235 1202 2286 Terminologie denkt ein Mensch, der keine Theaterstücke
1245 2275 2190 2329 punkt des Denkenden ab, von seinen Erfahrungen, der
253 2278 1194 2336 schreibt! —, der Kellner kam sich als verkappter Graf
1239 2318 2190 2376 Summe seiner Lebensschicksale und nicht zum mindesten
251 2325 1210 2376 vor. Und die Transformation war ihm leicht. Er hatte
1242 2366 2192 2414 von seinem Temperament. Und doch — keiner kann
251 2365 1201 2425 in Amerika die Papiere eines elend zugrunde gegan¬
1239 2409 2190 2462 über den Zufall seiner Geburt hinweg. Joseph Wessely
256 2411 1202 2475 genen Grafen Festenberg angekauft. Was hinderte ihn
1241 2457 2189 2508 will ihn nicht gelten lassen; aber er ist viel zu gescheit,
256 2459 1202 2507 noch, sich für den Verschollenen auszugeben? Er brauchte
1239 2497 2190 2553 um nicht zu wissen, daß Ausnahmen auch hier nur die
256 2499 1199 2555 sich nur einen Bart wachsen zu lassen, um von der Ge¬
248 2542 1530 2604 liebten, wenn er wieder vor sie hintrat, nicht erkannt Regel bestätigen.
1303 2584 2190 2636 Salten hat in der Wahl seines Stoffes einen außer¬
248 2601 1204 2646 zu werden. Aber er hatte die Rechnung ohne den Vetter
1239 2632 2190 2681 ordentlich glücklichen Griff getan. In der Figur des
253 2628 1199 2691 gemacht, den abgewiesenen Vetter seiner Frau, der dem
1242 2672 2189 2719 vornehmen Schwindlers, der sich nicht bereichern, son¬
256 2684 1205 2734 hergelaufenen Kerl stets mit Mißtrauen begegnet war
1245 2721 2190 2767 dern auf den ihm kraft seiner Tüchtigkeit gebührenden
256 2721 1209 2780 und jetzt seine Vergangenheit aufdeckt. Der Herr Graf
1239 2764 2190 2820 Platz in der Gesellschaft stellen will — in dieser Figur
256 2767 1209 2823 wird ins Gefängnis spazieren. Doch vorher entwickelt
1253 2799 2195 2857 steckt Erfindungsgabe. Freilich geht es nicht ganz ohne
248 2812 1205 2867 er in wohlgesetzter Rede seine Theorie, die in dem Satze
1245 2857 2189 2903 gewagte Voraussetzungen ab, die man immerhin aus
256 2860 1197 2913 gipfelt: „Ich habe mich zu dem gemacht, zu was ich
1242 2895 2185 2943 Freude über die Kühnheit der Fabel ruhig hinnehmen
251 2910 1207 2958 geboren bin!“ Und er begründet sein Recht zu solchem
1249 2943 2190 2990 darf. Bedenklicher scheinen mir die Folgerungen, die
248 2942 1199 3001 Tun damit, daß das Leben so stümperhaft, so lächer¬
1239 2983 2098 3057 von einem sehr bürgerlichen Kopf gezogen werden.
251 2993 774 3049 lich zufällig, so talentlos" sei.
310 3026 1204 3090 Der Kellner als Programmatiker! Joseph Wessely
253 3065 1202 3122 das Sprachrohr Felix Saltens! Wie Mephisto verkün¬
1455 3087 1974 3175 Der Ernst des Lebens.
253 3122 1205 3169 det er: „Vom Rechte, das mit uns geboren ist, von dem
1300 3140 2193 3213 Es ist ein Januskopf. Hier zeigt er seine Rück¬
253 3169 1204 3223 ist, leider! nie die Frage.“ Ein geborner Aristokrat
1253 3205 2190 3257 seite. Verteidigt die Auffassung, daß das Leben genießen
256 3207 1199 3263 (wie der rachsüchtige Vetter) kann eine Bureaukraten¬
1249 3250 2185 3305 die einzige Form sei, „sich des Lebens einigermaßen
245 3252 1205 3327 natur sein, ein Kellne das Zeug zu einem Aristokraten
2230 1829 3182 1883 würdig zu erweisen.“ Ein junger Aristokrat bekennt
2230 1877 3174 1926 voll Stolz, daß er sich sehr unglücklich fühlen würde,
2230 1918 3174 1968 wenn er arbeiten müßte. Ihm gilt ein Beruf als „die
2233 1963 3175 2018 Einseitigkeit zum Prinzip erhoben", Nichtstun als
2230 1998 3167 2056 Talent, zu dem zwei Dinge gehören: Geld und Geist.
2230 2051 3174 2098 Den Nützlichkeitsstandpunkt der meisten Menschen be¬
2230 2096 3167 2144 spöttelt er, weil sie mit ihrer Nützlichkeit genau das¬
2230 2134 3166 2189 selbe tun wollen, was er ohne sie tun könne: leben.
2230 2179 3172 2233 Dieser kleinere Vetter des Herrn v. Sala (aus Schnitz¬
2230 2225 3185 2285 lers „Einsamem Weg") schaut geringschätzig auf die
2230 2273 3164 2325 bürgerliche Tüchtigkeit herab, weil sie nicht freier Wahl,
2233 2321 3166 2373 sondern herber Notwendigkeit entspringt. Und man
2237 2361 3167 2419 fühlt: der Dichter sympathisiert mit solchen Ansichten,
2230 2401 3174 2459 genau so wie er vorher für die Devise des Kellners ein¬
2233 2444 3167 2497 trat: dem Tüchtigen gehört die Welt. Was ist nun
2230 2492 3172 2547 richtig, was falsch? Schließlich ist kein Gedanke richtig
2224 2537 3174 2609 oder falsch; unsere Logik leiht ihm den größeren oder
2233 2579 2883 2648 geringern Grad von Wahrscheinlichkeit.
2288 2619 3167 2680 ... Wahrscheinlichkeit. Sie ist unentbehrlich für die
2233 2667 3167 2727 Ausgestaltung eines realistischen Vorwurfs, wie er hier
2222 2708 3170 2771 vorliegt. Aber Salten hat sie ein wenig auf die leichte
2233 2759 3170 2809 Schulter genommen. Die Voraussetzungen müssen stim¬
2227 2803 3170 2857 men, wenn wir die Konsequenzen glauben sollen. Doch
2224 2844 3170 2897 hier werden uns Dinge zugemutet, gegen die sich unsere
2233 2891 3175 2943 Erfahrung sträubt. Wir sagen uns: so wie dieser Fall
2230 2935 3172 2983 dargestellt ist, hat er sich nun und nimmer begeben,
2233 2982 3167 3036 kann er sich nicht im Ernst des Lebens zugetragen
2233 3020 3170 3078 haben; und eine der Wirklichkeit abgelauschte Dichtung
2233 3076 3169 3124 ist kein Spiel, weil sie eben nicht von gewissen Voraus¬
2230 3110 3172 3167 setzungen abstrahieren kann. Ein junger Müßiggänger,
2230 3158 3167 3207 dessen Hauptbeschäftigung naturgemäß die Beobachtung
2230 3202 3174 3257 und Pflege seines Körpers bildet, läßt sich nicht erst,
2230 3245 3177 3313 wenn er an Lungenschwindsucht leidet, so spät vom
