3344 4384
1224 305 1714 402 box 44/10
180 305 1047 420 13. Miscellaneous
575 1349 742 1437 Orden
577 1399 950 1487 und Landtags geo¬
1607 1519 2594 1582 Ehe an, um dem verehrungswürdigen Publico complicirte
587 1524 1572 1579 u. s. w. verdanken, da zeigten sich im römischen Weltreich
2821 1519 3281 1617 Das Henkern
1609 1572 2594 1629 Ehebrüche anschaulich vorzuführen. Junge Mädchen er¬
590 1574 1582 1629 die ersten klaffenden Sprünge. Wie soll auch ein durch Un¬
2954 1594 3276 1667 Von Carl Schönherr.
1609 1614 2594 1669 dreisten sich, Stücke zu schreiben, bei denen Wachtmeister
590 1617 1577 1684 sittlichkeit entnerotes Volk den Anprall eines urwüchsigen,
2711 1637 3276 1717 Die Tage wurden allgemach wie
1607 1664 2591 1719 dritter Capitulation in Folge heftiger Scham den Rothlauf
587 1674 940 1747 gesunden aushalten?
1604 1689 3278 1767 zu haben vermeinen. Hetären, die Dumas nur bühnengerecht Wärmkraft der Sonne mehrte sich von
687 1689 1572 1772 Darum hat es einen tiefen Sinn, daß unsere
1604 1752 3276 1809 machen konnte, indem er die schönste menschliche Em¬ Da saß der rothe Jörg eines Abend
590 1762 1574 1817 germanischen Verwandten, die Engländer, Amerikaner und
2616 1802 3276 1869 in der Armensünderzelle des Kreisger
1604 1802 2589 1859 pfindung, das Mitleid, für sie wachrief, werden derzeit mit
587 1799 1572 1859 Skandinavier, bei aller hohen Cultur einem zurück¬
1604 1847 2589 1909 ihrer ganzen Schamlosigkeit, ohne einen guten Faden, auf
2716 1844 3276 1902 Diese unscheinbare, aber stimmu¬
582 1854 1572 1909 haltenden Puritanismus wohlgeneigt sind, der mit seiner
1604 1897 3258 1952 das Theater gebracht und erfechten womöglich noch den vor einigen Stunden der Schauplatz
582 1902 1579 1952 Strenge die durch das Wohlleben so leicht sich einschleichende
1602 1944 3276 2004 Sieg moderner poetischer Gerechtigkeit. Komödien werden eignisses gewesen. Mehrere schwarz gekl
587 1947 1577 2009 Entsittlichung verhütet. Mag auch viel Heuchelei dabei sein
1607 1987 3273 2041 aufgeführt, in denen sich auf offener Scene abspielt, was nämlich erschienen und hatten laut und
590 1992 1574 2041 — es ist besser das Gute zu heucheln, als es durch offen¬
1607 2036 3293 2094 selbst die verwegensten Autoren ehemals in die Zwischen man habe der Gerechtigkeit freien Lauf
582 2034 1572 2089 kundige Frevel aller Art von der Tagesordnung gänzlich
1604 2079 2584 2131 acte verlegt haben. Dazu die cynischen Bücher und eine
580 2086 1572 2139 abzusetzen. Es ist immer noch moralischer, im Geheimen zu
2719 2081 3236 2139 „Ho, ho," meinte der Jörg.
1604 2129 2584 2184 Lyrik, die in verkehrtesten Gefühlen schwelgt — es ist
590 2126 1569 2184 sündigen, als auf öffentlichem Markte mit dem Laster Arm
2614 2109 3278 2186 Geschichten meinetwegen!" Denn er w
1607 2171 2584 2224 wahrlich weit gekommen in diesem gepriesenen Zeitalter.
577 2176 1569 2231 in Arm zu gehen. Die Freiheit des Individuums soll ge¬
2614 2171 3173 2236 nommen eine bescheidene Natur.
1599 2221 2584 2279 Das Laster setzt sich zu Tisch und die Tugend erbricht sich.
575 2221 1569 2276 wahrt bleiben. Wenn dem Einzelnen ein lockeres Leben
2706 2209 3258 2306 Aber die Herren ließen es sich
580 2266 1569 2321 gefällt, so hat sich Niemand hineinzumischen. Aber die
1707 2266 2756 2346 Wenn man beherzt genug ist, solchermaßen seinem nehmen:
580 2316 1569 2369 Gesammtheit darf die Tugend nicht verachten, sondern muß
1599 2311 2579 2369 Mißbehagen Ausdruck zu geben, kommt sicherlich die
2709 2291 3276 2401 „Es bleibt dabei Morgen präcis
582 2356 1572 2411 sie heilig halten und auf ihren Schild erheben. In diesem
1607 2366 2579 2444 Antwort: Ach, da hat wieder einer der älteren Herren ein
2611 2361 2759 2441 wir auf.
580 2406 1569 2454 Betracht ist es eben so überaus beklagenswerth, daß das
1604 2406 2004 2471 Haar an uns gefunden!
2711 2384 3276 2469 Der Jörg hatte sich zu guter
580 2449 1564 2509 Zuchtlose gegenwärtig nicht blos des stillen, sondern auch
2611 2436 3276 2516 Karpfen bestellt und eine Portion Er¬
1697 2431 2581 2511 Nun, zu den älteren Herren zählen wir, das läßt sich
577 2476 2586 2556 des lauten Beifalls sicher ist. Vor zehn Jahren noch würden nicht leugnen. Aber auch wir waren einmal jung, und
2614 2501 3278 2571 Zwiebel; denn es war Freitag. Herna
580 2549 2576 2601 zum Beispiel gewisse anstößige Bilder und Texte in dem wahrlich keine Asketen. Nur wäre es uns nicht eingefallen,
2609 2541 3258 2601 einige Solokrebse zu wählen. Warum
575 2584 1572 2641 auch sonst mitunter über die Stränge schlagenden deutschen
2609 2594 3276 2664 mindestens ein paar niedere Krustenthi
1602 2596 2576 2646 mit unseren Liebeleien die Oeffentlichkeit zu behelligen und
572 2636 1572 2691 Witzblatt „Simplicissimus" einen Aufschrei der Entrüstung
1602 2639 2006 2696 unseren verworrenen,
2044 2641 2574 2691 von jugendlichem Unverstand
2611 2636 3278 2721 werden, bevor er, der hochorganisir
577 2676 2586 2731 erregt haben. Heute wird dazu wohlgefällig gelacht. Man triefenden Empfindungen die Schutzmarke einer Welt¬
2611 2681 2811 2754 Reihe kam.
575 2726 2574 2781 braucht nicht prüde zu sein und der Prüderie das Wort anschauung anzuheften. Wer hätte damals gewagt, sich auf
2704 2696 3281 2781 Mein Gott! Gar so ein schwere
572 2769 1564 2826 zu reden, wenn man vor Erscheinungen dieser Art erschrickt.
1602 2776 2576 2831 die Darstellung des Lüsternen zu werfen, ohne daß er mit
2609 2749 3278 2839 er nicht begangen. Er hatte halt ein A
575 2816 1567 2866 Als die Münchener „Jugend“ entstand, war sie Anferungen
1602 2819 2571 2884 Schrecken an die unvermeidliche Entwerthung seiner Per¬
2599 2816 3273 2881 dann wäre er sie wieder gerne los gew
575 2859 1564 2914 ausgesetzt wegen ihres freien Tones und ihrer
1599 2864 2571 2919 sönlichkeit gedacht hätte? Heute ist keine Gefahr dabei, außer
2611 2871 3273 2921 andere besser gefiel. In der Stadt weiß
572 2909 1562 2969 Illustrationen, die dem Nackten nicht aus dem Wege
1599 2914 2571 2969 die, welche der ganzen Gesellschaft droht, wenn es so fort¬
2611 2914 3278 2964 solchen Fall noch zu helfen, aber auf
562 2951 1564 3016 gen, wenn es vom Gesichtspunkte des Künstlers aus zu
1592 2949 3281 3023 geht. Ein Umstand allein vermöchte die nimmermüden Moralbegriffe stärker; da werden die Ehe
565 3001 1564 3053 rechtfertigen war. Heute ist man über das Nackte längst
1594 3006 2569 3063 Erotiker zu entschuldigen: daß es gar nichts Großes,
2594 3003 3281 3061 nur durch den Tod geschieden. Nun, un
575 3043 1562 3098 hinaus; das interessirt nicht mehr, sondern es muß das
1592 3046 2566 3098 Schönes, Ernsthaftes mehr im Leben des Volkes gäbe, das
2599 3051 3283 3123 Jörg im guten Glauben ein bischen no
577 3088 1562 3151 pikante Halbverhüllte, die Zweideutigkeit sein, mit einem
2601 3091 2969 3166 war aber auch Alles.
1594 3093 2571 3143 der Gestaltung werth wäre. Dann freilich hätten sie
572 3143 945 3211 Worte: das Lüsterne.
1587 3138 2571 3196 gänzlich Recht, und wir müßten von dieser nichtigen, jämmer¬
2691 3126 3278 3198 Weiß der Himmel, wieso das
670 3163 1484 3233 Einst schlossen die Romane und Theaterstücke
1592 3188 2571 3268 lichen, lüsternen Zeit, unser Haupt verhüllend, sagen:
2599 3168 3271 3246 kam, daß für den Jörg eine Höhencur
565 3211 1919 3303 wöhnlich mit der Ehe. Heute fangen sie zumeist nach der Obscoenis pereat:
2309 3238 3273 3323 Ed. Pötzl. dem Vertheidiger lag die Schuld sicher
