3392 4320
241 176 1123 288 13. Miscellaneous
1296 193 1776 280 box 44/10
403 1578 1461 1641 nur das graziöse Gerüst seines Baues und kann über
1525 1594 2589 1678 Schlange am Busen des Schauspiels genährt wurde.
403 1616 1459 1709 das Unorganische der Zutaten nicht forttäuschen. Als
1534 1644 2256 1713 Von solcher verderbten Psyche war
2285 1660 2582 1726 im ersten und
409 1666 1373 1735 Mann von kultureller Lebenserfassung macht er
1534 1702 2582 1767 zweiten Akt nichts vorbereitet worden. Doch im dritten,
409 1717 1461 1784 nächst einen wirklichen Fund. Er trägt ihn in seine
1534 1746 2580 1811 ja im dritten, muß die arme Gabriele für Henri Bern¬
406 1764 1459 1844 dramatische Zimmerarbeit, die ihn nicht haben will.
1541 1793 2582 1870 steins psychologisches Gewissen herhalten. Sie offenbart
397 1817 1452 1892 Überrascht sieht man in Henri Bernsteins erstem Akt
1535 1842 2582 1916 sich plötzlich als ein wirres, psychopathisches Problem
398 1862 1456 1932 den jungen Denis le Guenn, der wahrhaft liebt und
1522 1887 2582 1969 des Neides. Man sitzt verdonnert vor einem Vulkan,
398 1912 1456 1984 doch keine Werbung wagt, weil er sein Mißtrauen
1521 1936 2576 2009 der aus einer blumigen Wiese bricht. Man erlebt die
398 1972 1449 2035 gegen die Vergangenheit der geliebten Frau nicht über¬
1525 1993 2579 2066 erste große Szene à la psychologie. Aber man geht
393 2022 1452 2072 winden kann. Doch nicht etwa ein berechtigtes Miß¬
1520 2030 2570 2107 nicht mit. Man sieht keinen Übergang und macht dem
401 2063 1451 2124 trauen, sondern er glaubt den vollen, feurigen Glauben
1521 2084 2572 2157 klugen Architekten Vorwürfe. Das ist das Schlimmste
398 2115 1451 2176 an Henriettens Reinheit. Er besitzt ihn, aber das Leben
1524 2127 2090 2190 für ein französisches Drama.
402 2153 1447 2232 erweist von vornherein, daß er ihn nicht besitzen durfte.
1563 2182 2572 2246 Zwischen Import und Import leben wir Deutschen.
394 2207 1447 2277 Henriette hat vor Jahren ein Verhältnis gehabt, das
1522 2223 2571 2305 Aber wir dürfen dem Südosten treuer bleiben als dem
403 2255 1449 2324 sie, vom neuen Glück ergriffen, trotz ihrem ernsten Vor¬
1513 2271 2566 2359 Nordwesten. Aus Österreich kam uns sogar immer
397 2304 1453 2366 satz Denis nicht gesteht. Hier nestelt sich in der Tat
1518 2333 2571 2400 wieder die ersehnte, steigernde Ergänzung. In ein
393 2361 1452 2424 etwas Starkes und Tiefes, dem Franzosen nicht Zu¬
1517 2380 2566 2443 goldenes, ewig zugängliches Land sehen wir hinüber,
402 2402 1440 2464 getrautes an. Doch er, der weder Henri noch Bernstein
1514 2418 2570 2497 wenn wir von Grillparzer zu Anzengruber, von Anzen¬
393 2451 1440 2514 ist, sondern Henri Bernstein, vergißt im zweiten Akt,
1520 2481 2568 2552 gruber zu Schnitzler blicken. Aber man mache beizeiten
395 2498 1444 2560 was er im ersten gegeben. Laßt mich mit der Psycho¬
1517 2515 2570 2593 seine Gefühle rar. Der deutsche Michel wird auch
386 2538 1444 2608 logie in Ruhe, denkt er — ich muß vor allen Dingen
1513 2563 2570 2642 leicht nach der anderen Seite hin zu gläubig. Das gal¬
393 2596 1444 2662 zu meiner großen Szene kommen. Der dumme Deutsche
1517 2611 2570 2677 lische Gift ist freilich in jedem Falle schlimmer als das
395 2642 1439 2715 hätte sie ihm geschenkt. Enttäuscht sieht er Denis und
1513 2650 2566 2734 wienerische Zuckerwerk. Nun möge man sich zusammen¬
390 2689 1438 2753 Henriette aus ihrem seinen Gespinst heraushüpfen und
1508 2715 2568 2793 nehmen und nicht mit dem anmutig Gebärdenhaften,
391 2736 1438 2821 mit anderen Pariser Herrschaften der Grobschlächtig¬
1512 2756 2560 2835 immer Wiederholten seinen Magen überladen. Wir
389 2779 614 2846 keit dienen.
1501 2804 2555 2875 begreifen hier nun einmal nicht, was eine „Jause" is,
434 2834 1436 2902 Im dritten Akt freilich besinnt sich Henri Bernstein,
1509 2861 2562 2939 auch nicht die dramatische Jause. Das ist ein Geschlecht
386 2883 1438 2956 um nicht allzu siegesgewiß zu werden, auch wieder auf
1508 2908 2560 2970 von Komödien, die in Wien wohl hundertfach ge¬
385 2924 1438 3001 das Psychologische. Aber der Faden, den er in die
1508 2947 2559 3035 schrieben worden sind, aber von Fall zu Fall die
390 2986 1438 3044 Hand nimmt, scheint nicht der richtige zu sein. Er hat
1508 2999 2555 3067 Physiognomien der leitenden Dichter annehmen.
393 3026 1439 3107 sich im entscheidenden Moment vergriffen. Gabriele
1501 3043 2543 3121 Martha Karlweis, deren Komödie „Der Herrenmensch¬
382 3072 1431 3158 Jannelot, der Freundin Henriettens, hatte auch der Zu¬
1502 3099 2556 3178 das Münchener Residenztheater ans Licht gebracht hat,
385 3120 1430 3199 schauer herzlich vertrauen zu dürfen geglaubt; er hatte
1506 3146 2558 3224 ist eine Tochter des handfesten, klugen Volksstückdichters
381 3175 1439 3241 unmöglich annehmen können, daß da eine giftige
1506 3195 2558 3272 C. Karlweis, der nun schon lange im Jenseits weilt.
2642 1623 3312 1690 Ihre Kindheit war noch vom anz
2645 1670 3317 1740 umwittert, ihr Reisen sah den Aufst
2650 1723 3313 1781 und Hermann Bahrs. So plaude
2645 1762 3312 1828 Meister, eine sympathische junge
2650 1817 3306 1887 eine recht wohlschmeckende dramat
2642 1866 3312 1935 weilen kriegt man sogar einen N.
2645 1908 3308 1973 Kaviar auf ihren Brötchen serviert
2646 1955 3314 2031 gänglichkeit des Genusses muß er
2642 2010 3308 2068 geht als grausamer Genießer von
2646 2060 3304 2125 über. Wie etwa in Wien von ein
2650 2105 3278 2178 ins Burgtheater. Dennoch „lügen
2638 2148 3300 2219 Man behält eine bessere Erinnerun
2637 2206 3302 2279 lauernde Raffinement des Par
2640 2246 3308 2320 Wienerin ist nicht raffiniert. Die
2642 2296 3292 2367 ihrer Seele leichter Last durch das
2640 2340 3298 2410 Träume. Gerührt denkt man da¬
2637 2387 3298 2460 Dame, die sich nun lächelnd auf ein
2633 2443 3298 2519 verneigt, ein Spielkind gewesen ist,
2638 2494 3293 2563 mal nach Wien gekommen, mit
2637 2539 3293 2630 noch an die Stadt der gewaltigen
3109 2624 3200 2701 S
2940 2718 3288 2829 Walt Whitm
2620 2814 3298 2907 Schritt für Schritt, doch unablässig und
2628 2880 3292 2941 der Einwirkung hat der innerste, neu
2628 2925 3290 2993 Amerikas, der „Neuen Welt“, und hat
2625 2972 3289 3046 synthetische Offenbarung, hat die Per
2624 3032 3285 3093 mans und haben seine „Grashalme
2621 3075 3276 3150 modernen europäischen Kultur seit 22
2617 3117 3293 3191 nen. Besonders erstaunlich aber muß
2619 3167 3300 3241 die Whitman seither gerade in Frank¬
2613 3215 3288 3306 nischen Ländern gefunden hat! Denn
