3392 4320
252 222 1116 348 13. Miscellaneous
1304 239 1793 365 box 44/10
894 899 976 968 30
1435 915 1791 1006 Bühne und Welt.
892 1034 2317 1133 markieren, sie alle haben gegen das „Entwürdigende dieses Vor¬
898 1077 2311 1171 ganges“ schon manches Prinzipielle gesagt. Aber man glaube ihnen
901 1137 2311 1233 nicht! Es gibt nur eine kleine Anzahl von Asketen des Hervorrufs:
899 1180 2315 1272 Hermann Bahr, den man allerdings früher an Premierenabenden
896 1229 2309 1325 zuweilen derb angeschossen hat, der herbe Max Dreyer, Herbert Eulen¬
896 1274 2301 1375 berg — mitunter —, auch Gustav Freussen, verzichten dankend. Aber
894 1323 2311 1417 der Haß der andern gegen den Hervorruf zerstiebt an der ersten
889 1373 2309 1470 Applaussalve (und es ist verständlich, daß es so ist). Wenn die
890 1433 2308 1522 Schauspieler nach der Witz= und Effektrakete des zweiten Aktschlusses
890 1474 2306 1561 die Arme in der Richtung der Seitenkulisse ausstrecken, winken und
889 1529 2309 1616 nicken, als gälte es, den Verfasser schlimmstenfalls an den Haaren
883 1559 2306 1666 herbeizuschleifen, so stehen die Herren längst im Anschlag. Ja, sie
887 1623 2302 1719 kommen, sie kommen, die Himmlischen alle. Dieser kühlt gleich Oskar
887 1669 2302 1765 Blumenthal das München seiner Nervosität während der ersten
883 1717 2299 1820 Stunden der Vorstellung an zerbissenen Taschentüchern. Jener tut,
878 1776 2299 1866 was ich zunächst einmal staunend bei meinem ehemaligen geschätzten
880 1825 2292 1905 „confrater in comedia“, dem Freiherrn von Schlicht, gewährte, der
882 1868 2295 1967 bei jedem Lachecho, das einen seiner Scherze im Publikum will¬
878 1921 2290 2010 kommen hieß, strahlend den in der Kulisse stehenden Feuerwehrmann
878 1972 2288 2059 an die breite Männerbrust preßte. Ein Dritter endlich zieht die
874 2024 2299 2111 neutrale Atmosphäre des Konversationszimmers dem mit Elektrizität
871 2066 2285 2160 überladenen Dunstkreis der Bühne vor, hat sich aber einen Staffetten¬
873 2113 2293 2215 dienst von freundwilligen Schauspielern eingerichtet, die, gleich
874 2164 2288 2251 Shakespeareschen Boten, alle fünf Minuten ein anderer, den warten¬
867 2214 2272 2306 den Autor anfallen und ihm jedes „Hata", jedes „Hihi, jedes „Pßt
869 2262 2285 2343 der Zuhörer, kurz, jedes kleinste Auf und Ab der Stimmung brüh¬
867 2304 2288 2407 warm neben das Bierglas oder das Zigarettenetui legen. Aber ob
866 2352 2286 2441 sie den Komplex des Publikums lieben, hassen oder ihn nur als
864 2412 2281 2490 möglichst eifrig zu milchende Kuhherde nehmen: ob sie, sobald zwei
860 2450 2281 2551 Handflächen einander berühren, blitzschnell aus der Kulisse schießen
860 2503 2281 2591 oder, nach dem gesitteteren Paragraphen eines Umgangskoder mit dem
860 2547 2272 2636 Theaterpublikum, den zweiten Aktschluß und kräftigere Applausent¬
862 2600 2274 2693 ladungen abwarten: ob sie dann mit Frank Wedekinds Fünf=Milli¬
862 2650 2272 2742 meter=Kopfneigung oder mit Gustav Kadelburgs vertraulichem Nicken
862 2710 2272 2785 grüßen: sobald der intensivere Beifall mit dem Finger winkt, hält
857 2755 2272 2842 die Gemeinschaft deutscher Dramatiker es genau wie die Liebe: sie
858 2792 1336 2863 kommt, und sie ist da.
949 2843 2265 2941 Freilich, dem Schauspieler ist der Applaus, (der übrigens als
853 2889 2265 2980 ersten Mimen den Charakterspieler Franz Hieronymus Brockmann
850 2953 2262 3044 am 8. Januar 1778 in Hamburg und als „Hamlet“ vor die Rampe
850 3001 2262 3079 riß), ein noch stärkerer Lebenstropfen als em Bühnenschriftsteller.
848 3046 2260 3134 Auch ihn, das im Durchschnittsvergleich mit dem Dramatiker impul¬
855 3088 2267 3189 sivere, leichter beeinflußbare, von Augenblicksstimmungen abhängigere
848 3141 2260 3234 Temperament, hat man ja schon häufig, um ihn vor Brutalisierungen
844 3189 2258 3273 seitens des Publikums zu bewahren, oder auch, um das Desillu¬
851 3242 2262 3333 sionierende aus dem Rahmentreten des kostümierten Schauspielers zu
843 3296 2258 3377 vermeiden, vom Applaus abgesperrt. Es weist ja auch wirklich in
837 3347 2256 3427 vorweltliche Theaterzeiten zurück, wenn z. B. Hamlet, der Däne,
835 3395 2249 3471 König Claudius, Ophelia am Schlusse des letzten „Hamlet“=Aktes
830 3446 2251 3551 zugunsten eines lächelnden, winkenden und nickenden Verbeugungs¬
