3344 4352
170 234 1039 356 13. Miscellaneous
248 1327 1258 1411 von Doppeltheatern auf sich zu nehmen, die den
122 1356 220 1418 kleine
248 1382 1253 1459 ästhetischen Zielen irgend eines verstiegenen modernen
258 1430 1265 1526 Regisseurs überliefert werden sollen. Und beim ersten
93 1447 229 1533 halten,
255 1483 1258 1590 großen Defizit würde dieser ja doch überall fallen
112 1514 229 1576 dieser
148 1559 408 1643 Der müssen.
351 1561 1273 1657 So wenig wie die praktischen Ziele dieses neuesten
93 1602 1270 1736 henden Theaterreformers haben auch die künstlerischen irgend
112 1693 1270 1779 müssen einen greifbaren Kern. Er redet sich in schöngeistiger
115 1745 1263 1838 darum Weise um die selbstverständlichsten Dinge herum und
100 1793 1270 1891 freier meint wunders was gesagt zu haben, wenn er fort und
270 1850 1275 1936 fort vom Stil redet, immer und immer wieder einen
98 1877 236 1943 ängigen
100 1898 1270 1994 soll das gebildeten Regisseur verlangt, wenn er fordert, daß
277 1955 1273 2041 jeder Dichter in seinem eigenen Stil gespielt werde,
105 1979 248 2065 deutsche
267 1998 1284 2080 wenn er erklärt, was modern und zwischen den lebenden
124 2037 244 2103 eigene
267 2058 1277 2132 Autoren und den Lebendigen früherer Zeiten unter¬
100 2087 244 2146 er vor¬
277 2115 1253 2192 scheidet und so weiter. Das alles ist jedem Theate
100 2137 246 2208 hnfacher
103 2127 1292 2244 orscheine menschen so geläufig wie das Alphabet, und man staur.
275 2206 1249 2292 wenn man aus tiefsinnige Wendungen stößt, wi
115 2242 244 2311 nis der
277 2242 1282 2347 „Nur ein kluger Künstler kann Regie führen." Oder
103 2290 246 2364 en neben
277 2304 1294 2388 wenn er versichert, der Regisseur müsse wissen, „daß der
107 2349 246 2411 enten¬
282 2354 1270 2452 „Götz" anders als der „Tasso und auch anders al
105 2395 253 2469 Blüte.
289 2404 1277 2497 „Wilhelm Tell" anzufassen ist. Ja, zu wem sprich¬
134 2450 253 2514 großen
289 2454 1215 2543 denn Herr Hagemann? Wer weiß denn das nicht? „
100 2497 255 2569 mit auch
289 2519 1289 2607 ist alles. Was wir für unser deutsches Theater, für die
100 2552 255 2617 ser nichts
93 2562 1287 2657 eißt den nächste Zukunft brauchen, ist der Stilkünstler: der
105 2619 1292 2722 e Logen! Regisseur als Stilkünstler." Jawohl — wir brauchen
294 2669 1292 2748 den Mann, der zwischen „Götz", und „Tasso" zu unter¬
103 2710 270 2774 ge Form
294 2719 1292 2808 scheiden vermag. Denn das haben Schreyvogel und
112 2755 267 2829 Abonne¬
301 2762 1294 2855 Immermann, Tieck und Iffland, Laube und Dingelstedt,
105 2810 265 2894 kreise von
301 2829 1304 2903 Wilbrandt, August Förster und all ihre Schüler bisher
296 2875 1301 2984 nicht gewußt. Es gab keinen Hagemann, der es
112 2894 267 2980 der mag
294 2949 523 3027 ihnen sagte.
103 2965 267 3032 Aber er
394 2956 1304 3061 Neben mancher platten und mancher gescheiten
105 3015 275 3085 sieht, wer
303 3023 1308 3111 Bemerkung findet sich in dem Büchlein Hagemanns
100 3063 279 3132 elle Wohl¬
303 3077 1313 3159 auch viel ausgesprochenes Mißwollen und sehr viel
100 3116 275 3185 Gesamtheit
93 3125 1304 3237 Erhaltung Berliner Hochmut. Er stellt Sudermann auf die unterste
1220 236 1707 346 box 44/10
1368 1294 3254 1356 Stufe der noch zulässigen Autoren des Theaters. Sein das zum Schlusse in einem Prunkmantel für die
1358 1342 2361 1418 moderner Regisseur muß ausdrücklich wissen, daß er
2390 1349 3261 1411 Berliner „Kulturbühnen“ der Herren Max Rei
1361 1394 3259 1456 dorthin gehört. Wenn Hagemann die Namen Fulda und Otto Brahm verarbeitet wird. Wien aber
1361 1449 3249 1509 und Blumenthal ausspricht, fragt er: „Muß man diese die Kosten. Und auch Dresden und München
1363 1495 2349 1571 Leute auch noch spielen?" Seine Götter sind Ibsen
2380 1507 3261 1557 künstlerische Kultur um ein halbes Jahrtausend
1354 1528 2354 1612 Hauptmann und — Schnitzler. Da er die Namen
2385 1557 3261 1614 ist als die Berlins, werden zur Provinz herabge
1363 1602 2347 1659 Grillparzer und Anzengruber nie nennt, können wir ihn
2383 1604 3264 1662 die aufzunehmen habe, was Berlin heute prod
1361 1645 2352 1714 für den Wiener Schnitzler nicht danken. Er ist ein
2383 1657 3266 1712 Er kniet im Staube vor dem Ausstattungsk¬
1361 1712 2347 1774 Schatten neben jenen Großen. In Ibsen, Hauptmann
2380 1707 3273 1776 Max Reinhardt, der mit mittleren Schauspieler
1354 1752 2354 1822 und Schnitzler sieht Hagemann die anerkannten Träger
2383 1762 3264 1819 gutem Drill abgerundete Vorstellungen in einem
1354 1800 2347 1865 des Theaters der Lebenden. Für die siegreiche Ein¬
2380 1810 3261 1879 schen Rahmen, doch ohne jeglichen Individualit
1363 1855 2347 1922 führung von Wedekind, Hoffmannsthal, Vollmöller,
2378 1867 3266 1934 zustande bringt, und er schreibt Hymnen üb¬
1363 1910 3254 1970 Eulenberg, Wilde, Shaw und Strindberg, die ihm sehr „Höhenkunst" der Truppe Brahms. Sie löse
1363 1963 3259 2027 am Herzen liegen, hält er neben den städtischen Theatern Aufgaben der modernen Schauspielkunst, wie sie
1366 2010 2342 2080 sogenannte Sonderbühnen oder Freie Bühnen für
2378 2013 3259 2091 sonst auf einer Bühne unseres Erdteiles" gelöst w
1363 2068 2347 2151 nötig. Große Reformen seien nur durch solche zu er¬
2462 2070 3259 2127 Wer Berlin und die künstlerischen Bestreb
1366 2108 1497 2175 eichen.
2378 2111 3259 2187 seiner modernen Bühnen kennt, muß die höchste A¬
1437 2137 3261 2244 ber man erschrecke nicht vor dieser trostlosen vor dem dort Gebotenen haben. Diesen Uebersch
1373 2204 3261 2282 todenen Auslese, die sämtliche deutschen Bühnen in aber muß man ablehnen. Es ist noch zu viel Bar
1351 2263 2340 2333 drei Monaten umgebracht hätte. Es ist dem Autor
2371 2275 3268 2345 mus in der jungen Kultur. Und das Kapitalistische
1351 2325 3261 2404 nur um den Effekt, nur um die Pose der Modernität Unterlage ist mit Händen zu greifen. Wenn irge
1361 2364 2342 2433 tun. Er versteht unter modern ganz etwas Ver¬
2378 2376 3247 2464 so ist in Berlin das Theater das, was es nach
1354 2421 2982 2490 künftiges. Er dringt von den Lebenden zu den mann nicht sein soll, ein Geschäft,
1342 2457 2340 2547 Lebendigen aller Zeiten vor und sagt: „Das moderne
2452 2471 3259 2543 Von unserem Burgtheater weiß Herr Hage
1349 2524 3257 2593 Theater soll uns die Meisterwerke aller Zeiten und Völker gar nichts, aber er redet darüber. Es sei ja eine
1342 2574 2337 2645 darstellen.“ Modern ist ihm alles, was noch lebendig
2371 2583 3252 2645 gemeinte Gründung" des Kaisers Josef gewesen.
1354 2624 3264 2693 ist. Und wir sollen jenen Werken der Vergangenheit man machte es zum Comtessentheater, man schnitt
1339 2679 2340 2755 aus der Gegenwart das hinzufügen, was voraussichtlich
2378 2691 3261 2746 für den Horizont „junger Mädchen“ zu. Er nimm
1342 2731 2318 2793 dermaleinst auch „Ewigkeitswert und Ewigkeitsdauer
2371 2738 3266 2798 Spottwort ernst! Er weiß nicht, daß das Burgth
1342 2781 2333 2855 besitzen wird. Man sehe doch dieses Versteckensspiel
2371 2793 3266 2853 seine erste große Epoche zur Zeit Schröders und
1342 2829 2328 2903 mit Alltagswahrheiten. Tut denn eine ernste Bühne,
2359 2834 3257 2910 manns, die zweite zur Zeit Schreyvogels gehabt
1342 2884 2333 2958 wie beispielsweise das Burgtheater, seit hundertfünfzig
2361 2894 3257 2951 Daß dann eine Zeit der Verflachung zum Com¬
1354 2932 2325 3008 Jahren etwas anderes? Sucht sie nicht immer das Beste
2356 2941 3261 3008 theater des Vormärz kam, wer leugnet es? Abe
1351 2989 2333 3061 der Gegenwart an das Beste der Vergangenheit an¬
2359 2994 3257 3054 achtzehnjährige Herrschaft Laubes machte ihr ein
1354 3035 1507 3099 zufügen?
2359 3046 3259 3099 und auch Dingelstedt und Wilbrandt dachten so
1423 3049 2328 3156 Eitles Reformgeschwätz! Nicht ein neuer Faden
2359 3094 3257 3156 an junge Mädchen bei ihrer Repertoirebelebung
1344 3144 3261 3257 st in dem ganzen Gewebe von schillernden Phrasen, man heute daran denkt, wo das Burgtheater — le
