3436 4352
300 172 437 266 13.
489 176 1159 297 s
1353 199 1812 290 b 44/10
558 437 731 503 n
950 450 1427 541 Dritter — und schließlich
551 473 1422 580 wird geheiratet. Aber in all diesen Liebeleien
1462 482 2315 576 Frauen brauchen nicht erst großen Toilettenauf¬
560 539 1416 619 gibt sie sich nicht aus, sondern bringt in die Ehe
1465 549 2318 610 wand, Fesch und nett sein, das ist die Haupt¬
1472 578 2317 657 sache. Ein Tuchkostüm, eine Seiden= und eine
560 577 1421 650 immer noch so viel mit, daß sie ihrem Mann eine
551 613 1412 694 brave Hausfrau wird. Und das schlanke Mädel
1463 611 2314 687 Batistluse — das ist bei so mancher Frau der
1458 659 2313 724 ganze Toilettestaat. Aber wie sie den anzieht, wie
551 652 1413 745 von einst wird rund, kocht und näht und flickt und
545 697 920 752 erzieht seine Kinder.
1467 695 2321 776 sie den tragt, das macht ihr keine Frau der Welt
1461 734 1546 776 nach.
604 737 1402 809 Das ist das Mädel aus dem Volk. Bei Bür
1515 774 2314 848 Wenn es wahr ist, daß die Frauen ihren
545 782 1411 846 gertum und Aristokratie ist der Lebenslauf der
1462 792 2310 883 Städten gleichen, so trifft das vor allem bei Wien
545 805 1403 889 Mädchen wohl ein etwas anderer, aber sein Zie
1451 862 2309 924 und der Wienerin zu. Sie ist wirklich so wie ihre
550 846 1401 930 ist das gleiche: die gute Hausfrau. Das Mädchen
1451 882 2311 957 Stadt. Anspruchslos und heiter, nicht hyper¬
545 892 1407 968 aus „guter Familie darf nicht mit jemandem
1451 932 2322 992 elegant, aber fesch und schön, und je länger man¬
545 933 1407 1003 sehen, und die Emanzipation hat auf diesem
1455 962 2319 1051 sie kennt, desto mehr liebt man sie, und beste be¬
545 967 1408 1042 Gebiete gerade im lebenslustigen Wien sehr
1451 1000 2021 1074 haglicher fühlt man sich bei ihr.
541 999 1397 1087 kurze Beine. Aber es kann trotzdem seine Jugend
541 1040 1399 1123 in vollen Zügen genießen. Da ist im Winter der
535 1075 1403 1159 Fasching mit seinen zahllosen Ballen, Kränzchen
539 1126 1398 1206 und den dazugehörigen Komiteesitzungen, da ist
536 1161 1397 1243 der Sommer mit seinen Parkfesten und Schön¬
541 1196 860 1256 heitskonkurrenzen.
892 1215 1393 1277 Da sind im Winter der
532 1235 1390 1314 Semmering mit seinen Bobsleighbahnen, im Som¬
532 1277 1393 1349 mer Ischl und Baden mit ihren Parks und Aus¬
532 1313 1388 1396 flügen — so eine junge Dame der Wiener Gesell¬
536 1354 1389 1448 schaft kommt eigentlich nie so recht aus dem Ver¬
521 1391 805 1445 gnügen heraus.
584 1433 1381 1514 Und wird dann, wenn die Zeit da ist, doch
522 1456 1380 1548 eine gute Hausfrau. Selbst wenn ihr Mann
523 1516 1384 1590 nicht ganz dem Ideal ihrer Jugendräume ent¬
527 1546 1380 1627 spricht. Man weiß ja, im Mittelstand und
523 1587 1382 1666 beim Adel wird nicht immer das Herz um Rat
513 1618 1377 1707 bei einer Eheschließung befragt. Mitunter, wenn
521 1668 1380 1745 zwei so gar nicht zusammen passen wollen, geht
506 1708 1377 1779 ja die Sache schief, aber meistens hat die Wienerin
515 1749 1381 1823 kein Talent zum Unglücklichsein. Wien ist ja
511 1780 1377 1857 auch die Stadt, in der man am wenigsten von
502 1827 1374 1892 großen Eheskandalen und Ehekonflikten hört. In¬
511 1867 1377 1946 folge ihres heiteren, der wirklichen Traurigkeit
502 1897 1377 1975 abholden Temperaments ist die Wienerin wie
500 1931 1370 2016 keine zweite Frau geeignet, sich in alle Verhält¬
506 1978 1367 2058 nisse hineinzufinden. Sie bringt es sogar fertig.
502 2016 1363 2095 in einer Ehe zufrieden zu sein, in der ihr Herz
500 2052 1367 2136 nicht auf seine Rechnung kommt, und dem Mann
500 2089 1308 2163 ein behagliches, gemütliches Heim zu schaffen.
552 2132 1363 2220 Behaglich, gemütlich — das sind die beiden
497 2175 1359 2251 Worte, auf die die Wiener Hausfrau ihre Kunst
505 2215 1365 2289 stellt. In ihrer Stadt kennt man wenigstens
491 2261 1365 2336 im großen Mittel= und Bürgerstande — nicht das
491 2299 1357 2379 rauschende, geld- und zeitraubende Gesellschafts¬
492 2330 1352 2415 leben wie etwa in Berlin. Vesper und Abend¬
484 2381 1355 2455 het ersetzen hier Spielpartie und Souper. Und
488 2422 1357 2484 alles ohne Prunk. Sie haben bei uns schon von
484 2455 1352 2529 vornherein zu wenig Geld dazu. Wer bei einer
491 2487 1353 2565 Wiener Familie eingeladen ist, braucht nicht erst
488 2527 1353 2601 großartig in seinen Frack zu klettern. Nichts ist
488 2571 1349 2644 einer echten Wiener Hausfrau verhaßter als
484 2608 1348 2681 Zeremonie und Förmlichkeit. Sie nimmt die
488 2645 1350 2721 Leute, wie sie sind, und gibt sich selbst, wie sie ist.
491 2680 1349 2760 Sie zwingt ihre Gäste nicht und zwingt sich nicht.
478 2716 1350 2796 Wenn sie Hunger haben, können sie essen, wenn
488 2757 1343 2832 sie keinen haben, können sie zuschauen, wie es
476 2798 1341 2869 den anderen schmeckt. Wenn ein Fremder ins
472 2834 1343 2911 Haus der Wienerin tritt und sie mit seiner
482 2875 1342 2950 schönsten Verbeugung begrüßt, nimmt sie ihm
476 2919 1338 2984 mitten in dieser schönsten Verbeugung den Hut
479 2961 1335 3034 aus der Hand und sagt ihm: „Setzen Sie sich
471 2987 869 3057 Sie sind da z' Haus!
529 3037 1335 3118 Sie hat ein kluges Lebensprinzip, die Wiene¬
467 3067 1333 3150 rin. Sie weiß sich einzurichten. Mit allem. Mit
463 3112 1335 3199 dem Geld und mit dem Herzen. Sie fügt sich,
468 3157 1333 3229 denn sie ist viel zu weich für Konflikte. Wenn
467 3193 1331 3272 sie Geld hat, gibt sie es aus. Und wenn sie
470 3231 1330 3308 sparen muß, spart sie. Nicht umsonst wurde die
467 3271 1328 3349 Bluse gerade in Wien erfunden, dieses Allerwelts¬
463 3310 1326 3392 kleidungsstück, das man fast bei jeder Gelegen¬
463 3352 1330 3434 heit anziehen kann, im Hause, auf der Straße,
463 3389 1323 3462 im Theater wie beim Begräbnis. Sie weiß, sie
463 3425 1323 3501 ist hübsch, und als der Herrgott sie geschaffen hat,
454 3470 1347 3541 war er besonders gut aufgelegt. Und hübsche
437 3571 1046 3680 Saisonbeginn in den
776 3669 1310 3778 Berliner Theatern.
458 3749 1310 3845 Nicht weniger als acht Berliner Bühnen der
424 3807 1310 3891 erschiedensten Art haben gestern (Freitag) der
441 3876 1309 3935 neuen Spielzeit ihre Pforten aufgetan. Andere
437 3910 1310 3977 waren ihnen ohne Sang und Klang mit der Auf¬
446 3956 1308 4033 führung ihrer Repertoirestücke vorangegangen,
437 4017 1301 4082 und nur wenige gibt es, die unentwegt an die
431 4050 1308 4116 Fortdauer ihrer Sommererfolge glauben, trotz¬
431 4103 1309 4175 dem die Abende uns schon leite an den Herbst
