3344 4320
271 171 408 259 13.
471 171 1147 292 Miscellaneous
1326 195 1804 302 box 44/10
280 402 667 473 Ausschnitt aus:
678 428 1369 556 Hamburger Fremdenbla¬
280 517 426 566 vom
399 606 1095 690 Zeppelins Flug nach Wien.
276 680 1005 740 Glückauf, glückab, Graf v. Zeppelin!
288 723 1127 776 Die besten Wünsche zur Fahrt nach Wien!
284 761 889 810 Erringe/pir neue Lorbeerreiser
285 793 956 857 In Oesterreich, beim alten Kaiser!
279 832 1088 889 Behüt dich Gott vor Blitz und Sturm
288 873 1032 924 Und stoße nicht an den Stefansturm
280 910 1191 976 Lab' dich an Wiener Nockeln und Schnitzeln,
285 952 1127 1009 Doch hüte dich wohl vor Redl=Spitzeln!
284 997 1029 1065 (Selbst Generalen ist nicht zu trauen!)
277 1046 1131 1110 Grüße, bitte, vielmals die Wiener Frauen,
289 1082 992 1139 (Auch die berühmten Waschermadeln
281 1118 1196 1179 Mit „molleten Büsten und „molleten“ Wadeln!),
273 1155 1202 1219 Den Schönherr grüße, den Schnitzer
862 1203 1135 1284 und Bahr,
273 1216 854 1286 Die Burgtheater=Künstlerschar,
281 1273 934 1318 (Besonders den alten Heldenvater
279 1304 1198 1373 Baumeister), ferner den schönen Prater,
281 1346 1017 1414 Die Wiener Musiker, fesch und heiter,
277 1386 838 1447 Die blaue Donau usw.!...
280 1431 1017 1497 Nach schönem, vergnügtem Aufenthalt
277 1484 1041 1546 Verlasse Wien und den Wiener Wald,
276 1515 792 1570 Mach Festvisite in Berlin
279 1560 1127 1631 Und führe die „Sachsen" nach Sachsen hin,
281 1595 927 1643 Wo sie erwartet in Leipzig schon
275 1637 1044 1715 Ihr stattliches Haus, ihre Heimstation!
1038 1674 1155 1740 Wdn.
391 2284 1450 2399 Hermann Bahr: „Das Phantom
1521 2316 2584 2395 ein Dackel? Dieser Witz ist zwar viel besser als der
1515 2371 2580 2439 von den Apfeln: jedoch ein Spätling. Eine Nicht¬
480 2365 1377 2455 Erstaufführung im Künstlertheater.
1513 2408 2426 2487 achtung, zu glauben, den kenne jemand nicht.
1566 2460 2580 2533 Etwas gestuftere Gattung: „Die Männer sind alle
391 2469 1454 2564 Hermann Bahr fährt in der Neigung fort, sich
1516 2505 2574 2578 dumm. Besonders aber die Gescheiten". Jedoch schon
431 2540 1454 2598 harmlos zu stellen . . . für das abendfüllende
1516 2550 2463 2618 diese Reden mit „die Männer“, „die Frauen:
379 2560 626 2650 Bürgertum.
1511 2607 2495 2690 eine Nichtachtung. Unkameradschaftlich gehandelt.
439 2622 1450 2694 Seine Menschen geben ihre Fragen und Erwiderun¬
386 2676 1448 2740 gen — erstens nicht füreinander; zweitens nicht für
394 2721 1443 2802 Bahr und mich; sondern drittens für dies abend¬
1532 2737 2572 2818 Der Aristoteles fordert (mit Recht) im Lustspiel das
394 2759 788 2837 füllende Bürgertum.
1508 2790 2564 2867 rodvron. Will sagen: Schmerzlosigkeit. Was den
430 2818 1446 2897 Hermann Bahr, während er seine Lampe niedrig¬
1511 2846 2570 2919 Menschen da zustößt, soll keine schlimme Gefahr, kein
389 2869 1444 2942 schraubt und halb zudeckt und sein vorhandenes Licht
1511 2893 2566 2984 ernstes Weh verhüllen — sonst hört nämlich der Spaß
386 2923 1447 2996 um Gottes willen etwa niemand blenden läßt, murmelt
1501 2940 1786 3003 auf. Stimmt.
390 2971 1447 3032 gewissermaßen: „No, was an uns liegt, wir brauchten
1550 2989 2568 3072 Also hier wäre die Scylla. Die Charybdis jedoch,
378 3029 1422 3090 uns kein Stück vorzumachen — das ist für die Leut
1508 3030 2564 3115 scheint mir, gewinnt an Kraft, wenn (lieber und ver¬
430 3054 1432 3142 Schade. Aber sehr schade. Wir möchten mal ein
1501 3102 2557 3171 ehrter Aristoteles) der Mangel an Gefahr übergroß
377 3102 690 3172 Stück von ihm.
1501 3137 2554 3229 wird. Wenn so gut wie nichts auf dem Spiel steht.
420 3155 1438 3235 Nicht freundschaftlich gehandelt: Männer vom Bau
1504 3184 2317 3251 Das trifft auf dieses ... heitere Werk zu.
386 3202 1434 3284 so in Komödien ad usum delphinorum et delphinarum
1546 3235 2562 3316 Ihr Anodynon, Aristoteles, in Ehren. In dem Lust¬
374 3257 1438 3325 zu locken. Eine Respektlosigkeit: wenn er, als ob wir
1505 3280 2560 3353 spiel, das ich sah, bleibt jedoch die Furcht, eine junge
381 3310 1432 3374 nicht auf der Welt wären, „Mamchen“ sagen läßt (zu
1504 3333 2556 3401 Frau könne dem Gemahl entrissen und einem im¬
378 3366 1432 3419 einer Schwiegermutter)... und auch sonst ohne Rück¬
1501 3389 2557 3462 potenten Verführer folgen, so klein: daß man sich nach
382 3399 1125 3465 sicht behaglich zu werden unternimmt.
1497 3424 1763 3487 Gefahr sehnt.
422 3455 1430 3544 Eine Nichtachtung. Wir sitzen dabei; kennen ihn.
1541 3463 2558 3552 Alle merken bei der Frau ... wollte sagen: bei dem
369 3491 614 3558 „Machen!"
1492 3516 2554 3610 Frauchen von vornherein: sie ist ein gutartiges Ding
419 3549 1436 3625 Fünfundsiebzigtausend kostet ein Cézannebild? Da
1492 3582 2553 3663 von Huschekopf ein gleichgültiges Barsoi=Gehirn; ein
366 3601 1428 3678 kommt ja ein Apfel dort auf zwanzigtausend Mark.
1491 3619 1800 3682 Wasliegtdaran.
365 3645 1423 3740 In dieser Art, Mamchen äußert es. Was ist das,
1525 3675 2255 3760 Die Gefahr ist sehr, aber sehr klein.
626 3692 956 3777 2
2678 2342 3308 2406 Kurz: einer der Fälle, wo das
2637 2385 3322 2450 ein Erfordernis ein Hindernis wird
2679 2438 3313 2508 Wo der Gefahrmangel nicht me
2646 2489 3308 2558 sondern bereits wegwünschenswert
2639 2536 3310 2611 Zünden... durch Schmerzlosigke
2642 2589 3314 2672 sondern durch übergroße Schmer
2639 2630 2891 2695 wird. Ecco.
2682 2674 3316 2748 Oder (um nicht gerüstet und krit
2630 2727 3316 2824 zu sprechen: der Fall ist jedem w
3109 2806 3208 2883 III.
2670 2847 3141 2944 Ich komme zum Ethos.
2671 2911 3304 2996 Beim Schnitzler sind Hahnreie
2630 2980 3308 3037 willig: weil der Verführer die Ga¬
2625 3019 3272 3095 Unwillig: weil der sie nicht lieb¬
2625 3064 3273 3146 hat. Unwillig: weil ihr Wert
2622 3117 3182 3186 gering veranschlagt worden.
2674 3166 3150 3232 Schön. Mag zutreffen.
2667 3208 3297 3272 Bahr geht weiter. Der Gatte b
2626 3267 3302 3329 vollends, daß die Frau ... des Ve¬
2618 3308 3301 3382 nicht fand. Bei Hermann Bahr
2622 3367 3297 3442 wegen der Folgen des nicht einge¬
2625 3407 2793 3463 verkehrs.
2660 3456 3294 3526 Er äußert gewissermaßen: „Wer
2615 3493 3119 3569 hätte, wär' ja alles gut!"
2654 3550 3298 3622 Dann ließe sich nämlich ein schli¬
2613 3597 3301 3662 Plombe wiederherstellen. Jetzt abe
2615 3645 3281 3732 der Zahnschmerz; (weil das Kalb
2610 3694 2782 3768 erachtet).
