3344 4352
288 88 1150 177 de
291 162 1147 232 vielen Privatsammlungen des Kontinents und
2050 170 3263 247 Lebenslängliche Zwangs¬
288 203 472 277 Amerika.
513 229 926 313 Prof. Oswald Redlich,
288 284 1139 365 Geschichtsgelehrter von hohem Rang, Präsiden
2054 299 3083 398 den Norder seiner
284 354 1136 409 der Österreichischen Akademie für Wissen
280 343 2028 454 schaften, Universitätsprofessor, der namentlich der repräsentative österreichische Musiker. Die
1165 420 2028 468 bedeutendsten seiner Werke sind: „Gurre¬
2294 402 3249 490 Ein bestialischer Mord wegen eine
277 442 1143 520 auch im Institut für österreichische Geschichts
1162 465 2024 520 lieder“, das Streichsextett „Verklärte Nacht,
2909 483 3238 557 auf dem anderen
1162 505 2024 557 die Musik zu einem Drama „Die glückliche
2128 487 2769 583 erialbericht der unde
2909 553 3241 620 kenntliche Masse.
1165 542 2028 623 Hand“, Streichquartette und die „Variationen
2552 557 2873 645 Rouen, 12. Juli.
2965 590 3267 653 Die Vermutung
1169 594 1442 667 für Orchester“.
299 575 1136 682 Rino-Programme
2087 620 3263 690 Vor den hiesigen Geschworenen steht heute rechnungsfähig sei
1446 631 1755 715 Karl Schönherr,
620 667 819 723 von heute
2039 667 3263 730 Jean Francis Bonnet, höherer Beamter bei des Gerichtssy
295 678 1143 756 Die Kino-Programmtafel erscheint täglich. Annahme vor
295 693 3260 782 Einschaltungen ausschließlich durch Annoncen-Expedition der Dichter des österreichischen Bauerntum einer Versicherungsgesellschaft in Le Havre heißt es dort, sei
306 760 3245 837 Weiler & Co., Wien, VI., Mariahllferstr. 7. Tel. B-1-26, 27 der in „Glaube und Heimat“, der Glorie des und Bruder eines dortigen angesehenen Arztes, leicht erregbarer
1169 800 2024 874 Tiroler Heldenkampfes Bühnenform verlich. Er
2917 811 3263 878 gewissen Nachwir
2076 819 2865 892 unter der Anklage, seine Schwägerin, die
2917 859 3263 918 leide, aber von ei
277 822 1143 937 Burg-Kino, I. Opernring 19. Telephon B 20399
2109 870 2828 937 Frau dieses Arztes, getötet zu haben.
2920 896 3256 955 die in der men
313 903 1139 977 Der Monumental-Tonfilm: „Tarakanowa. Be
2047 911 2891 981 Und zwar mit den bloßen Händen erschlagen
324 944 826 1014 ginn 16, 18 und 9.10 Uhr.
2917 944 3263 1007 ziehen würde, kön¬
2047 974 2902 1018 und mit den Füßen zu Tode getreten zu
2946 988 3212 1051 Erschütternd
306 966 1150 1062 Gartenbau-Ton=Kino, 1. Tel. R 21243: 5, 7, 9 Uhr.
2043 1018 3238 1095 haben. Nach Aussage des Gerichtsarztes war sage des Bruder
291 1032 1103 1110 „Die exzentrische Frau“ mit D. Mackaill.
2039 1055 2891 1110 der Kopf der Toten nach der fürchterlichen
2924 1080 3256 1150 seine Frau verlor
288 1084 1143 1165 Kreuz-Kino, I. Wollzeile 17. Tel. R 24216: „Mo
2047 1106 2898 1154 Tat flach wie eine Brieftasche. Der Grund
2950 1121 3260 1187 „Es stimmt,
313 1128 1158 1187 derne Verbrecher“ m. G. Bankrott u. „Das Lied
2036 1162 3260 1235 dieser Tat? Ein mehr als lächerlicher: Streit meine Frau gegen
317 1180 830 1243 des Sträflings" R. Bartelmes
2050 1187 2463 1250 wegen eines Papageist
2917 1206 3267 1268 geheiratet habe. I
277 1210 1139 1291 Kruger-Kino, I. Krugerstraße 5. Tel. R 22-4-57
2076 1213 2895 1280 Jean Franois Bonnet kam täglich seine
2917 1250 3256 1313 lang es, meine Mu¬
324 1265 1154 1331 „Feindliche Väter, Lustspiel u. „Nur de Elefant“.
2039 1272 2895 1335 82jährige Mutter besuchen, die bei ihren
2917 1294 3267 1342 söhnen. Auch me
2047 1316 2895 1364 Sohn, dem Arzt, wohnte. Auch am 13. Fe¬
288 1316 1150 1390 Opern-Kino, I. Friedrichstr. 4 — Elisabethstr. 3.
2913 1335 3260 1394 neigung wenigster
332 1357 1150 1416 Tel. B 27147: Maurice Chevalier in
2047 1357 3263 1431 bruar d. J. erschien er zur gewohnten Stunde. Bis auf mehr oder
324 1386 1143 1482 dem Ton- u. Sprechfilm: „Das Lied von Paris
2039 1405 2895 1453 Doch an diesem Tage war der Papagei seine
2917 1420 3249 1479 einandersetzungen
321 1449 686 1516 Beginn 5, 7, 9 Uhr.
2047 1446 3260 1516 Schwägerin aus dem Käfig gekommen und in ein ganz ent¬
2039 1482 2902 1545 flatterte im Zimmer frei herum. Darüber
280 1460 1117 1564 Kino Schwarzenbergplatz, Telephon U 16165:
2920 1501 3256 1560 men. Meine Frau
2039 1534 2902 1589 regte sich Bonnet sehr auf. Er stürzte sich
321 1534 1150 1600 „Fürsten im Exil“ mit G. Manes, J. Catelaine.
2920 1545 3260 1608 Jahre als äußerst
2047 1571 2891 1630 auf das Tier und schlug darauf los. Seine
2924 1589 3263 1663 vollkommen geläh-
2043 1622 2895 1670 Schwägerin verwies ihm dieses Verhalten und
336 1597 1058 1707 Tuchlauben-Tonfilm-Theater
2920 1637 3267 1696 dreißig Jahre ein
2039 1659 3263 1726 rief ihm zu, er soll das Tier in Ruhe lassen. Ehe, Hütte ich
369 1648 1150 1740 „Die fliegende Flotte mit Ramon Novarro
911 1722 1147 1777 II. Taborstr.
2906 1718 3267 1774 mein Leben voll
2076 1715 2865 1781 Es entstand ein Wortwechsel, im Verlaufe
295 1718 1162 1833 ANKINEN.
2909 1766 3263 1822 meines Bruders
2072 1774 2873 1822 dessen Jean Francis Bonnet von einem
324 1800 1150 1888 „Die exzentrische Frau“ und das große Bei¬
2920 1814 3260 1870 daß sie in eine
2076 1814 2865 1877 solchen Wutanfall ergriffen wurde, daß es
321 1836 896 1914 programm. Beginn 7 und 9 Uhr.
2913 1847 3256 1906 den mußte, wo
2106 1858 2839 1925 zu der bereits geschilderten Tat kam,
2917 1892 3230 1965 Noch auf ihrer
859 1862 1154 1965 16 18, 9 Uhr.
284 1888 833 1973 Lustspieltheater, Tel. R 47570
2072 1903 2902 1965 Dies sind aber bloß die äußeren Umstände
874 1936 1147 1991 Ton-Sprechm
2920 1929 3267 2017 nach meiner F.
2039 1954 2887 2013 der Tat, denen natürlich tiefere, schon lang
612 1951 1143 2047 Liebe im Ring
2920 1976 3138 2047 Francia.
2039 2006 2895 2050 Jahre glimmende Gefühlsmotionen zugrunde
2946 2002 3274 2087 Eigenartigerweis
822 2024 1084 2091 Uraufführung!
752 2010 2895 2124 Der deutsche Ton- und ist der Dichter, der menschlich und liegen. Jean Francis Bonnet stand mit seiner
2913 2061 3267 2124 daß Francis Bonne
763 2087 2898 2161 Sprechfilm: „Oberleut¬ psychologisch wahrhaftig den Lebenskreis Schwägerin auf sehr schlechtem Fuß, denn er
2920 2109 3260 2176 kannt gewesen so
2043 2131 2891 2179 war seinerzeit ein energischer Gegner de
756 2135 2024 2201 nant Rudi. (Der schöne, seiner Menschen meist aus dem kraftvollen Ge¬
2950 2157 3260 2224 „Ich sprach mit
2047 2179 2895 2224 Heirat seines Bruders. Sie war nämlich Schü¬
756 2179 2024 2264 arme Gigolo) mit go blüt der Natur erfaßte und auf die Bühne
2917 2187 3249 2257 Prozesse und die
2039 2220 2887 2268 lerin des Konservatoriums in Lyon gewesen
763 2224 1302 2279 Sym. Beginn d. Vorst: stellte.
2924 2238 3263 2301 Er war damals
2032 2264 2895 2338 und wollte zum Theater. Er sprach von ihr nie
763 2264 1150 2330 5, 7, 9, Sonntag ab 3 Uhr
2924 2286 3263 2345 eingenommen, der
2039 2308 2740 2378 anders als „diese Theaterperson.
1280 2283 1925 2371 Professor Julius Wagner-Jauregg,
774 2319 1150 2386 II. Taborstraße 1—3.
2920 2327 3260 2390 wenig stron hielt
2076 2338 2891 2401 Der Angeklagte will offenbar einen sehr zer
284 2330 1150 2437 Schweden-Kino, Tel. R 49060, A 47060
1180 2338 2024 2415 Nobelpreisträger für Physiologie und Medizin
2920 2375 3271 2437 er wörtlich — „
620 2404 1150 2467 (Die falsche Zarentochter
1176 2390 2895 2467 Erhielt ihn für seine Entdeckung der ther knirschten Eindruck machen. Seine unter
336 2415 583 2467 non
2924 2415 3256 2482 getötet hat, soll
2043 2437 2898 2489 würfige Ausdrucksweise, sein Stottern und
324 2434 1150 2515 runkonfilm. Beg. 7, 9. Sonntag 5, 7, 9 Uhr
1173 2448 2017 2541 peutischen Bedeutung der Malaria-Impfun¬
2950 2456 3263 2530 Nach seiner V.
2039 2485 2891 2541 Stammeln nehmen aber eher gegen ihn ein, we¬
586 2485 1080 2566 VI. Gumpendorferstraße 63,
2920 2493 3042 2563 haben
2039 2526 2891 2578 seine Haltung durchaus unecht erscheint. E
656 2541 1010 2596 Tel. Serie A 39550:
291 2504 538 2607 Apollo
2950 2530 3260 2607 „Ich habe me
2039 2566 2895 2629 kann sich nicht genug tun, zu sagen: „Mein
324 2552 1162 2644 „Zärtlichkeit“ mit Carola Neher und Georg
2924 2574 3234 2651 Papagels getötet
2485 2614 2898 2684 meine wunderbar
2047 2614 2448 2684 teure Schwägerin“.
324 2614 1162 2681 Alexander, Bez: 7, 110, S. 15, 7, 10 Uhr.
2920 2633 3197 2692 töten sollen.
2032 2662 2895 2714 Mutter“, „mein lieber, lieber Bruder. Auch
284 2670 1169 2751 Flotten-Kino, VI. Mariahilferstr. 85, Tel. B 24141.
2950 2662 3260 2755 Die Jury erkann
2043 2703 2843 2769 Tränen etehen ihm reichlich zur Verfügung.
793 2710 1162 2773 in dem deutschen
347 2721 583 2784 Welt¬
332 2718 1162 2836 meister Ton- u. Sprechen
2061 2751 2898 2814 Den Verlauf der fürchterlichen Szene be¬
2917 2758 3249 2850 ohne ihm milder
328 2780 959 2854 „Liebe im Ring“. 16, 18, 9 Uhr.
2043 2799 2648 2850 schreibt Bonnet folgendermaßen:
2939 2817 3234 2895 Daraufhin ver¬
2069 2814 2895 2917 „Ich habe meiner Schwägerin freundlich ge¬
631 2821 1165 2898 Mariahilferstr. 57, T. B 22351:
299 2836 546 2935 VON
2920 2850 3149 2939 Angeklagten
638 2887 1162 2946 „Oberleutnant Rudi" (Schöner,
2039 2891 2194 2954 sagt.
638 2924 1169 2968 armer Gigolo). Deutscher
3027 2917 3216 2972 zu leben¬
2072 2902 2902 2991 „Freundlich“, unterbricht ihn der Vor¬
461 2946 1176 3024 Sprech- u. Tonfilm m. Igo Sym.
2043 2965 2614 3038 sitzende, ist wohl übertrieben.
2076 2994 2902 3075 „Ich habe meiner Schwägerin gesagt“, fährt
291 3005 1165 3090 Schäffer-Ton-Kino, Mariahllferstr. 37. T. B 20.03:
2032 3035 2895 3112 der Angeklagte fort, „gib den Papagei doch in
324 3061 1173 3168 „Tondi.
2036 3109 2902 3168 den Käfig zurück. Er könnte doch die Mutter
2047 3156 2898 3201 verletzen. Meine Schwägerin antwortete darauf
288 3134 1158 3227 Maria-Theresien-Kino, VII. Mariahilferstraße 70
937 3190 1158 3252 66 Tonfilm
2047 3201 2902 3271 „Was liegt daran, wenn er sie verletzt?... und
336 3197 1165 3304 „Pariser Mächte Operet.
2036 3245 2596 3304 sagte ein rüdes Schimpfwort.“
2087 3274 2895 3337 Während dieser Worte erhebt sich der Ange¬
291 3278 1165 3359 Palast-Kino, Josefstädterstraße 43, Tel. A 29111.
339 3322 1158 3404 „Wallenstein“ beide Teile. Reise in die sächsi¬
2039 3326 2895 3396 klagte und streckt seine überlangen Arme in
339 3370 900 3444 sche Schweiz und ein Lustspiel.
2039 3381 2227 3440 die Höhe
929 3392 1162 3488 IX. Liechten¬
2076 3404 2865 3477 „Als ich diese Worte hörte, packte mich
302 3429 1169 3544 Flieger-Freilu-Ton=Kino steinstr. 37.
2076 3477 2858 3525 eine unsagbare Wut. Ich weiß nicht, was
339 3507 940 3573 Telephon-A 18152: Uraufführung
2083 3518 2865 3566 dann geschehen ist... Ich habe zugeschla¬
645 3514 1165 3617 mit Max Hansen u.
2076 3558 2869 3614 gen und immer wieder zugeschlagen. Ich
856 3581 1132 3628 Käthe v. Nagy,
354 3551 712 3643 „Pariser Ha¬
2083 3606 2862 3654 gebe zu, tausendmal Unrecht gehabt zu
339 3610 1169 3688 9-Uhr-Vorstellung bei Schönwetter im Garten.
2076 3651 2865 3713 haben, aber ich war vollkommen ver¬
302 3662 1165 3754 Heimat-Kino, IX. Porzellangasse 19. Tel. A 16370
2139 3688 2817 3743 rückt... verrückt ... verrückt ...“
339 3717 1077 3783 „Nackte Schönheit“ mit Viktor Varkony.
2087 3728 2887 3791 Schwerer als die scharfen Reden des Staats
324 3721 2024 3824 olosseum-Ton=Kino, IX. T. A 16492: 16, 1/8, 9. gegen die Paralyse. Forscher von höchsten
369 3772 2898 3879 „Liebe im Ring". Tonfilm mit Sprech- u. Ge- Bedeutung auf den verschiedenen Gebieten anwalts klagen Jean Francis Bonnet die Bil¬
3002 3783 3123 3879 Die
2050 3831 2895 3879 der an, die den Geschworenen gezeigt werden
1191 3835 2021 3898 der Nerven= und Geisteskrankheiten, eine
372 3846 1165 3912 sangseinlagen. M. Schmeling, O. Tschechowa
1191 3876 2898 3938 jener Männer, von denen die Wiener medi¬ Das eine stellt das Opfer zu Lebzeiten dar:
881 3890 1165 3953 100% deutschen
317 3901 634 3953 Mozart-Ton=Kino,
2017 3912 2906 3997 eine lächelnde, graziöse, sympathische Frau,
313 3894 1969 4023 Mix. T. 24458: „Der liger Sprechzim! zinische Schule besonderen Glanz empfing.
