3296 4352
167 193 1040 320 13. Miscellaneous
1218 200 1705 305 box 44/10
320 1458 1425 1545 dem weiten Maule troff. Während wir dieses Ungetür
1527 1450 3235 1559 In einem weiteren Käfige produzierte sich ein soge¬ da es aber Frau Odilon selbst sagte,
316 1530 2523 1585 betrachteten, kam der Tiergartenbesitzer herbei und sagte kannter Judenaffe, der jedem Juden die Zuckerln aus
2548 1538 3253 1596 Mephisto war ganz entzückt von ihr u
331 1574 1421 1625 freundlich zu uns: „Halten Sie sich bei diesem gewöhnlichen
1443 1578 3257 1658 der Hand fraß, allen Christen aber seine schwielige Kehr=Tänzer hatte, bot er ihr galant den A¬
331 1621 1418 1676 Wolf nicht länger auf, meine Herren, es ist nicht der Mühe
1443 1621 3082 1679 seite zeigte. Weiter gab's da einen Aasgeier, der einige haftige Tugend zum Teufel.
320 1665 2526 1716 wert. Sie finden noch weit seltenere Exemplare.“ Damit Adler=Federn aufgesteckt hatte, und während des süßen
2632 1665 3246 1727 Während das Narrenheer eine
324 1701 1418 1759 wandte er sich zu einer anderen Gruppe. Mir blieb von
1447 1690 3261 1774 Nichtstuns das „Lied der Arbeit“ krächzte und einen Quadrille aufführte, schlenderte ich auf
334 1748 1421 1807 Staunen der Mund offen stehen, jetzt hatte ich den Mann
1447 1752 3246 1818 Schmierfink, der zufällig aus der Redaktion der umher, um nun auch jene Masken an
1432 1788 2137 1847 „blutigen Hacke" ausgekommen war.
331 1796 567 1861 erst erkannt.
2537 1810 3250 1872 mittaten. Ich traf Direktor Schlei
414 1807 1414 1897 „Ist das nicht . . . ." wandte ich mich an Mephisto
1487 1807 2519 1897 wollten wir uns einem Bassin zuwenden, in
2541 1847 3246 1901 Maske eines griechischen Weltweisen
1432 1879 2505 1937 welchem diverse Stock= und Tintensische aus der „Konkordia
414 1887 1410 1941 „Nun, freilich, ist's unser Freund Koerber", lacht
2541 1894 3253 1941 und behauptete, er müsse sofort Eulen
1443 1927 2523 1977 umherschwammen, als außerhalb des Tiergartens eine Fan¬
327 1927 1418 1988 der Teufel, „ist's nicht hübsch von einem solch' großen
2548 1934 3242 1992 Anstatt der Eulen hatte er aber
1447 1970 3242 2028 fare ertönte. Mephisto sagte, daß soeben zur großen Qua¬ Käfige bei sich und wurde ausgelacht.
327 1977 1425 2028 Herrn, den Mummenschanz mit anderen Menschen mitzu¬
1439 2014 3257 2076 drille angetreten werde, die alle Hauptnarren mittanzen grob wurde, trat Franko Stein in fei
331 2025 1418 2076 machen? Uebrigens ist die Idee gar nicht übel, daß gerade
1443 2057 3242 2119 und wir eilten hinaus, um den schönen Anblick nicht zu ver¬ ihn zu, reichte ihm ein Exemplar des
327 2068 1167 2119 er sich als Tiergartenbesitzer, denn .....
1447 2101 2519 2156 säumen. Richtig, da traten die Paare schon an und die
2552 2101 3257 2159 sich ihm als Lehrer des feinen Tones
422 2083 1410 2163 In diesem Augenblicke wurde im Nebenkäfig ein fürchter
1443 2148 3257 2214 Musik intonierte die große Narrenquadrille nach dem an. — Auch aus der Hauptstadt Hunge
331 2156 1418 2210 liches Gebrülle laut, so daß alles hinstürzte, um zu sehen
1443 2188 3257 2246 Motto „O, du lieber Augustin, alles ist hin." Ei, welch Gäste herüber gekommen, um den Nar
331 2206 1418 2250 was es gab. Der gute Dr. Stransky war dort als zwei¬
1436 2232 3250 2294 prächtiges Bild! Gleich als erstes Paar trat Ritter Georg lichen. Der Weise von Ratot Szell
331 2246 1410 2297 schwänziger Löwe verkleidet und tat sehr suchtig und wild
1439 2276 3253 2341 in Fallstaffkostüm mit Mama Tschau an, ihnen gegenüber Zauberer, der statt der katholischen Zee¬
327 2286 1418 2341 bis der Menageriebesitzer hinzutrat und ihm, natürlich nur
334 2319 3250 2385 zum Scheine, einige Staatsrechtsbrocken und einige Matzes die „Göttin der Wohltätigkeit", das ewig jugendliche Pau= auf seinem Gewande trug und lus de
334 2366 3257 2425 reste vorwarf. Die letzteren speiste der Zweigeschwänzte solischen mit einem etwas trüb gewordenen Spiegel, Formeln hervorsprühten. Max Falkt
1436 2406 3253 2475 dem sie aber doch gar huldvolle Blicke zuwarf. Die rabbi von Sadagora und Graf An¬
334 2421 1414 2490 fort auf, was er aber mit den Staatsrechtsbrocken tat
1439 2446 3253 2505 Friedensberta, selbstverständlich als Friedensengel ge¬ von der traurigen Gestalt, weil er sich
327 2461 941 2530 das kann ich leider nicht sagen.
1439 2490 3242 2555 kleidet, tanzte in holder Harmonie mit Lord Roberts, des Präsidenten des Narrenabendes
425 2494 1421 2570 Kaum hatte das Gebrülle des Löwen aufgehört, so
1439 2537 2508 2592 der sich das Henkerkostüm aus einem verwichenen Jahr
2534 2544 3239 2599 Ministerfauteuil setzen konnte. Franz
320 2559 1410 2610 begann hinter uns ein ohrenzerreißendes In=Geschrei und
1439 2577 2515 2635 hundert beigelegt; der große Dichter Herr als Metzge¬
2541 2588 3264 2639 immerfort, wie gewöhnlich, für seinen ei¬
327 2603 1418 2654 als ich mich umwandte, sah ich einen veritablen, langohrigen
1447 2621 2515 2675 gekleidet, führte ein mächtiges Schweinchen in die Reihe
2537 2635 3261 2694 einer Ecke saß Herr v. Krieghamme
334 2650 1414 2715 Esel, der wütend um sich schlug, und nach Leibeskräften
1439 2672 3242 2723 das er für das jüngste Kindlein seiner Muse ausgab; Frau und kurzen Höschen und spielte mit
331 2686 563 2766 „ia" schrie
1439 2712 3253 2766 Niese tanzte als Zephir mit Herrn Blasel als Jugend; die neuen, hübschen stellte er säuberli¬
414 2708 1421 2795 „Du, sagte ich zu Mephisto, „das ist doch keine
1443 2752 3257 2810 Frau Anatour als Cupido mit Sonnenthal als und versprach ihnen allerlei schöne
334 2755 1196 2835 Maskerade, das ist doch ein wahrhaftiger Esel.
1429 2803 3261 2857 Burgruine; Dr. Frischauer war als Göttin der Ge¬ Borten und Orden, den alten, abgebrau¬
425 2803 2515 2897 „Er spielt eben die Rolle ganz ausgezeichnet gut, rechtigkeit verkleidet und tanzte mit Chiavacci, dem der
2541 2850 3253 2904 fach die Köpfe aus und warf sie in de
331 2846 1410 2930 zum Verwechseln ähnlich. Kennst du ihn denn nicht? E
1436 2886 2515 2941 Anzug der „Frau Soferl vom Naschmarkt ganz reizend
2537 2890 3253 2941 sehr possierlichen Anblick bot Direktor
331 2915 1418 2973 repräsentiert im Tiergarten eine ganze Gattung. Dieses
1439 2930 3253 2992 zu Gesichte stand. Das allerschönste in der Quadrille aber mit dem Federkleide Papagenos geschi
334 2966 3046 3050 Tier ist speziell in St. Pölten zuhause; es ist ein Ueber war Frau Odilon, die behauptete, sie sei als Sinn einer Querpfeife falsch pfiff.
327 3010 440 3086 Esel.
1418 3017 2541 3093 bild der Tugend erschienen. Man hätte das kaum geglaubt,
2621 3006 3242 3086 Ein bei Konfiskationen in Wien
