3344 4352
248 173 1108 295 s
1291 195 1770 288 box 44/10
2128 150 3003 194 die allgemeinen Marktvorschriften erleichtert
2137 176 2271 243 werden.
2531 194 2969 275 Brüssel, 1. September.
2197 260 3003 323 Im Industriezentrum wächst sich die Erregung
2131 300 2999 358 der Hausfrauen zu einem planmäßigen
2137 346 2997 396 Boykott der Bauern aus, die Milch, Eien
2131 383 3001 435 und Butter nicht zu den vorgeschriebenen Preisen
2131 428 3003 465 abgeben wollen. Die Polizei verhinderte heute
2132 460 2998 515 die Zufuhr zu den Märkten von La Louvière und
2134 503 3003 544 Hondeng, um Zusammenstöße mit den Haus¬
2146 544 3006 586 frauen zu vermeiden, die aufrührerische Reden
2137 579 2999 628 halten. Die Bewegung richtet sich auch gegen die
2136 612 2999 672 Fleischer, die wegen der herrschenden Maul= und
2137 657 3003 727 Klauenseuche sich in unangenehmer Lage be¬
2140 688 2266 756 finden.
2366 775 2770 875 Die Wienerin.
2370 857 2772 921 Von Ernst Klein.
2149 923 2996 972 Man tut der Wienerin im allgemeinen
2125 943 2996 1015 draußen in der Welt bitter unrecht. Man hält
2137 1001 3001 1054 sie für ein leichtlebiges, wohl auch ein bißchen
2134 1038 2994 1092 leichtsinniges Geschöpf, das sich über Haushal¬
2130 1081 2999 1126 tungssorgen wenig den Kopf zerbricht, sondern
2130 1118 2997 1178 nur eine oberste Lebenspflicht kennt — die, sich
2131 1160 2997 1225 zu amüsieren. Daran sind Schnitzler und Dör¬
2125 1194 2997 1246 mann schuld, die den Mythus vom süßen Mädel
2140 1232 3002 1286 geschaffen und literatursalonfähig gemacht haben.
2134 1275 3001 1329 Das Süße Mädel, das nichts anderes als füß ist,
2128 1314 3001 1364 existiert aber ebenso in Paris oder Berlin wie in
2134 1350 2996 1406 Wien. Hier wie dort gibt es junge, lebensfrohe
2125 1394 2997 1444 Geschöpfe, die aus der Liebe kein Geschäft machen.
2134 1422 2996 1476 Die glücklich sind, wenn sie Sonntags mit dem
2132 1463 2994 1526 Geliebten wo hinausfahren können. Nach Halen¬
2136 1502 2997 1558 see. Nach Passy — nach Hütteldorf im Wiener
2121 1543 2987 1599 Wald. Wo ein bißchen Grün, ein bißchen Musik,
2128 1581 2991 1634 ein bißchen Tanz ist. Die Mimi Zinson ist die
2125 1622 2999 1680 Schwester der Mizzis und Pepis und Poldis,
2118 1658 2991 1729 Unterscheidet sich von ihnen nur durch die Sprache.
2119 1696 2993 1755 Liebt, lacht und leidet aber sonst ganz genau so¬
2187 1737 3001 1793 Später allerdings gehen die Wege der
2118 1752 2997 1835 Schwestern vielleicht auseinander. Das hängt
2119 1824 2992 1867 aber mit dem Milieu zusammen, in dem sie leben.
2127 1851 2993 1914 Wien ist keine Fremdenstadt wie Berlin und
2124 1891 2985 1955 Paris, und das Geld rollt hier nicht so wie an
2124 1925 2987 1986 der Spree und an der Seine. Die internationale
2121 1968 2984 2027 Verführung lockt hier nicht in dem Maße, und
2113 1999 2987 2068 der schöne Stand der Lebedame ist an der Donau
2120 2044 2988 2108 nicht sehr stark vertreten. Der Fremde, der zum
2112 2084 2987 2150 erstenmal ins Ronacher kommt oder das Rennen
2120 2123 2985 2179 in der Freudenau besucht, ist erstaunt darüber,
2113 2163 2972 2216 daß er so wenig Königinnen der Demimonde
2120 2199 2987 2262 sieht. Er zuckt bedauernd die Achseln und fällt
2119 2245 2981 2314 ein vernichtendes Urteil: Wien ist keine Frem¬
2106 2277 2749 2337 denstadt, es hat keine Demimonde.
2171 2297 2979 2377 Bei Licht betrachtet ist das eigentlich ein Lob.
2115 2334 2979 2416 denn die Wienerin erhält damit die Sittennote
2112 2394 2975 2453 eins. Aber ich möchte sie doch nicht auf 5ten
2115 2428 2979 2500 der anderen herausstreichen, denn schließlich ist es
2113 2475 2987 2524 nicht ihr Verdienst, daß die Verführung anders¬
2116 2509 2981 2569 wo stärker ist. Wien hat die Tugend auch nicht
2115 2545 2983 2605 gerade gepachtet, nur das vergnügungstüchtige
2116 2588 2979 2648 Laster macht sich hier nicht so breit. Liegt so im
2112 2622 2979 2693 Charakter des Wieners, der Gemütlichkeit und Be¬
2115 2660 2979 2728 haglichkeit dem rauschenden, reißenden Tollen
2115 2701 2980 2768 vorzieht. Und viel Geld darfes auch nicht kosten,
2110 2736 2573 2792 denn der Wiener hat nic
2649 2748 2979 2815 viel Mammon wie
2112 2776 2979 2844 der Berliner und der ariser. Das ist
2106 2816 2975 2879 auch der wahre Grund, warum des uns die
2106 2851 2976 2914 Nachtlokale absolut nicht gedeihen wollen. Diese
2101 2895 2981 2961 nach Berliner und Pariser Muster eingerichteten
2109 2931 2971 2998 Stätten des Vergnügens führen in Wien alle ein
2107 2964 2976 3025 Dasein von heut auf morgen. Machen gute Ge¬
2115 3003 2967 3069 schäfte nur, solange sie den Reiz der Neuheit
2106 3042 2972 3099 haben. Mehr als zwei bis drei Winter hält es
2106 3080 2967 3141 keines von ihnen aus. Das eine schließt zu, das
2100 3122 2964 3181 andere macht auf. Der Name wechselt, vielleicht
2101 3167 2968 3219 auch der Wirt — aber die Huldinnen, die das
2103 3196 2967 3266 Lokal durch ihre Gegenwart verschönen, bleiben
2100 3237 2965 3301 immer dieselben. Hie und da taucht einmal ein
2104 3277 2631 3340 neues Gesicht unter ihnen aus
2157 3313 2959 3380 Das Wiener Mädel hat eben andere Ziele.
2094 3346 2962 3415 Solange es jung i., will es sein Leben genießen,
2101 3393 2965 3462 gerade so wie die anderen auch. Es versetzt sich
2104 3431 2949 3491 seinen Genuß nur mit mehr Sentimentalität als
2095 3476 2958 3530 etwa die Berlinerin, denn Wien ist die Stadt der
2097 3508 2956 3568 Gefühle. Es läßt sich so leicht rühren und lacht
2094 3544 2950 3620 gern unter Tränen. Kahlenbergstimmung. Tief
2087 3582 2956 3651 unten die Stadt mit ihren tausenden Lichtern,
2087 3624 2956 3677 weiter hinaus die Donau, deren Wasser im Mond¬
2091 3657 2949 3728 licht silbern schimmert. Und die Musik spielt,
2091 3704 2953 3763 und im Wald ist so ein geheimnisvolles Flüstern
2109 3746 2911 3803 — und sie singt: „Mutter, weißt du, was
2100 3773 2938 3858 träumt habe? I hab' in 'n Himmel einig sehn.
2092 3811 2378 3868 Und ist glücklich.
2142 3853 2945 3910 Wenn dann der Leutnant in eine andere Gar¬
2087 3896 2943 3962 nison versetzt wird, oder der Student sein letztes
2085 3935 2937 4006 Examen gemacht hat, dann ist halt das Idyll vor¬
2085 3963 2898 4029 über. „A bissel a Lieb — a bissel a Treu
2086 4006 2949 4082 A bissel a Falschheit war dabei." — Ein Zweiter
