3344 4320
290 244 431 335 13.
491 250 1155 357 Miscellanes
1349 264 1827 379 box 44/10
655 606 1059 718 keiner Weise erfolgen.
542 719 1765 840 Wenn ich ein Büchel seh, hab' ich
987 806 1452 920 schon gefressen.
776 884 1760 960 Diesem to bleibt die christlichsoziale
663 931 1768 992 Partei se wie den Habsburgern. Jn einem Feuilleton
520 980 1364 1114 gen hat an der
803 1036 1761 1103 Das Schaufenster eines Buchladens: Heine¬
690 1061 1757 1147 Schnitzler, Bartsch, Demel, Boccaccio
701 1140 1763 1205 Salburg, Strindberg, Wolff u. s. w., ganz zu
696 1189 1761 1248 schweigen von jenen, deren Namen unter anständigen
693 1271 1761 1335 Leuten nicht genannt ein sollen, den perveren Schrift¬
695 1312 1761 1399 stellen; sie alle in prächtigem Gewand, laden en zum
684 1368 1754 1438 Kaufe, sie wollen eindringen in die deutsche Familie. Weh-
690 1422 1303 1481 die, deutsche Zucht und Sitte!...
773 1469 1760 1539 Der christlichsoziale Literat über die Literatur! Er
649 1499 1761 1603 kennt offenbar keinen von den Schriftstellern, die er
657 1563 1751 1623 nennt, sonst würde er die Heine, Demel, Strind¬
669 1612 1758 1673 erg u. s. w. nicht in einem Atem mit den
648 1641 1754 1717 perversen Schriftstellern wie Liquori, dem Verfasser
651 1688 1748 1758 der berüchtigten Moraltheologie, nennen. Daß er Hein¬
651 1743 1751 1804 und Schnitzler nur vom Vorhautstandpunkt weriet, ver¬
652 1780 1745 1851 stehen wir bei einem Mitarbeiter der „Reichspost“, ebenso
648 1822 1748 1888 daß er Boccaccio nur vom Schweinestandpunkt betrachtet.
648 1865 1748 1935 Die Liste der Eindringlinge nicht „Bodenständiger“ in die
643 1912 1742 1982 deutsche Familie ist jedenfalls sehr unvollständig. Ver¬
646 1969 1743 2028 geblich sucht man Namen wie Goethe, Gottfried Keller
643 2011 1748 2071 und Gerhart Hauptmann. Aber man kann von einem
640 2048 1745 2138 christlichen Literaten nicht verlangen, daß er alle Namen
643 2081 766 2153 kennt.
2056 1659 2691 1798 Tagesbericht.
2863 1758 3078 1848 29
1860 1797 2863 1914 Für die Universitätsbibliothek in
2196 1870 2516 1949 Jerusalem.
1882 1935 2904 2019 Zur Kulturarbeit im Lande der Väter aufrufen
1786 1949 2906 2057 hieß von jeher jeden bewußten Juden an eine Gewissens¬
1792 2030 2897 2106 pflicht mahnen. Sein San Remo steht überdies Mit¬
1790 2077 2904 2161 wirken an dem Aufbau Palästinas im Programm aller
1790 2126 2894 2199 jüdischen Parteien. Das Volk entbehrt aber alles leichte¬
1781 2185 2895 2264 als das Buch, das geistige Brot. Voraussetzung und
1783 2223 2897 2301 Grundlage großzügiger Siedlung in dem altneuen
1778 2270 2883 2359 Judenland ist deshalb die Schaffung einer der Bedeutung
1774 2324 2888 2408 dieses Werkes und der Ehre des Judentums entsprechen
1772 2366 2888 2453 den Bibliothek in Jerusalem. Um Beiträge zu diesen
1769 2409 2883 2500 Unternehmen wendet sich jetzt an die Oeffentlichkeit ein
1769 2465 2874 2554 Berliner Komitee, bestehend aus den Herren: Professor
1769 2511 2878 2595 Dr. Otto Warburg, Geheimrat Professor Dr. Leopold
1766 2561 2880 2647 Landau, Professor Dr. Albert Einstein, Professor Doktor
1760 2613 2877 2692 Heinrich Loewe, Dr. Walter Pinner, Professor Issa
1766 2662 2871 2747 Schur, Professor Dr. Moritz Sobernheim, Privatdozen
1760 2708 2883 2788 Dr. Eugen Täuber und Bibliotheksdirektor Professor
1760 2755 2156 2825 Dr. Gotthold Weil.
1838 2817 2874 2909 Gewünscht wird: 1. Die Einrichtung örtlicher
1754 2866 2871 2947 Sammelstellen mit besonderer Berüsichtigung der lokalen
1754 2912 2871 2997 Zusammenhänge; 2. die Stiftung von Sonderbiblio¬
1742 2961 2868 3043 theken durch Einzelpersonen; 3. die Ueberlassung von
1740 3011 2856 3092 Freiexemplaren jeder Neuerscheinung durch Verfasser,
1740 3057 2860 3156 Buchhändler oder Drucker. Hievon abgesehen ist natürlich
1734 3104 2584 3186 auch sonst jede Bücherspende willkommen.
1822 3159 2856 3246 Von dem Berliner Komitee hiezu ermächtigt, wendet
1740 3203 2852 3291 sich das unterzeichnete Wiener Lokalkomitee an alle judi¬
1740 3255 2851 3340 schen Kreise sowie außerhalb stehenden Palästina-Freunde
1733 3320 2851 3389 mit der Bitte, das wichtige und edle Werk nach Kräften
1733 3351 2848 3427 durch Bücherüberweisungen und Geldspen¬
1728 3398 2147 3470 den zu unterstützen.
1812 3448 2842 3544 Alle Sendungen werden erbeten an Doktor
1729 3483 2627 3573 Grunwald, 2. Bez., Ferdinandsstraße 23.
1815 3553 2746 3643 Dozent Dr. Max Eisler, Rabbiner Dr. Max
1818 3610 2738 3683 Grunwald, Univ.=Prof. Dr. Max Neu¬
1806 3657 2740 3735 burger, Dr. Artur Schnitzler. Antiquar
1809 3706 2740 3796 Dr. Ignaz Schwarz, Regierungsrat Rudolf
2142 3762 2397 3849 Taussig.
