3344 4320
180 228 349 307 13.
378 215 1043 342 s
1227 217 1692 318 box 44/10
1666 615 2522 691 verde. Gleichzeitig wurde in der Vorstands¬
1668 689 2522 759 sitzung die Abschaffung der Dienst¬
1668 735 2535 795 nummer erörtert. In Wien soll die
1668 779 2529 830 Dienstummer, deren Abschaffung bereits
1668 825 2533 878 beschlossen erscheint, schon in den nächsten
1668 874 2537 931 Wochen gänzlich verschwinden. An
1666 907 2531 975 ihrer Stelle soll der Wachebeamte einen
1662 964 2529 1021 amtlichen Dienstausweis mit
1662 1014 2083 1073 Lichtbild erhalten.
1668 1093 2362 1203 det man hübsch
1769 1212 2344 1317 che sie lacht.
1767 1346 2357 1422 Hätte sie die Gefahren des Zahnsteins
1774 1418 2355 1462 früher erkannt, sie hätte es wahrscheinlich
1778 1455 2357 1501 sehr leicht gehabt, ihre Zähne zu retten.
1778 1493 2357 1536 Und was tun Sie, um den gefährlichen
1782 1532 2362 1574 Zahnstein wirksam zu bekämpfen Putzen
1776 1567 2362 1635 Sie einfach ihre Zähne mit Kolodont
1778 1616 2371 1673 Denn einzig und allein Kalodont on
1776 1668 2360 1703 in Österreich des gegen Zahnstein wirk¬
1769 1703 2364 1774 same Sulforizin-Olet nach Dr. Bräunlich,
2068 1738 2371 1806 Es entfernt allmäh¬
2149 1997 2610 2079 93.0.42
2052 2169 2555 2267 Koker
2125 2327 2518 2439 19. T.
1725 2476 2406 2616 auf „Arabella“.
915 2500 1692 2632 Rundfunk vorschuß
874 2594 2535 2682 Man hörte gestern im Rundfunk eine der Leidenschaft des Spieles widmet, liebt den
790 2652 2540 2726 doppelt neuartige Uebertragung. Unter dem Grafen Mandryka. Der hat ihr Bild in einem
1679 2700 2537 2757 Brief gesehen, das seinem Onkel, der als gute
790 2724 1653 2770 Titel „Arabella“ hatte man einen Tag
1686 2748 2542 2801 Partie für Arabella ausersehen war, gegolten
788 2759 1653 2834 vor der Generalprobe und zwei Tage vor der
797 2788 2540 2854 Premiere, die gewiß eine Sensation ist (wie hat. Arabella hat eine Schwester namens
1690 2829 2535 2902 Zdenka, die aus Ersparnisgründen als
797 2840 1657 2904 jedes neue Strauß=Werk, das noch dazu das
1686 2871 2537 2930 Oktavian, besser gesagt, als Bub in Hosen,
795 2886 1659 2941 letzte Hofmannsthals ist), angekündigt, daß
795 2919 2548 2987 der Komponist, der Dirigent (Clemens Krauss) herumlaufen muß und Zdenko gerufen wird.
795 2963 2546 3025 und der Oberregisseur über die bevorstehende Diese liebt den jungen Jägeroffizier Matteo,
1688 3005 2546 3064 der seinerseits für Arabella begeistert ist und
799 3016 1653 3066 Aufführung sprechen würden. Die beiden ersten
797 3047 2546 3121 kamen jedoch, ohne daß hiefür eine Erklärung mit Selbstmord droht, wenn seine nicht
803 3086 2551 3161 geboten wurde, nicht vor das Mikrophon, gerade ehrbaren Absichten scheitern. Zdenko¬
1688 3130 2546 3194 Zdenka verschafft ihm zwar den Schlüssel zur
806 3145 1653 3198 Dr. Lothar Wallerstein gab eine Vor¬
799 3174 2553 3264 schau über den Inhalt des Buches, die wir Kammer der Schwester, tritt aber, als wäre
1692 3218 2546 3275 man bei Schnitzler oder Casanova, in der
806 3238 1137 3303 kurz wiedergeben.
1688 3260 2553 3317 Nacht an deren Stelle. Mandryka, der einen
882 3249 1659 3330 Hofmannsthal, so sagte der Redner un¬
795 3310 2557 3391 gefähr, führt wieder zurück in das Land des Teil der einschlägigen Gespräche gehört hat,
1688 3343 2553 3411 glaubt sich betrogen, es kommt zu heftigen
803 3363 1657 3420 „Rosenkavalier", wir sind im Wien des
1690 3391 2559 3448 Auseinandersetzungen, die zum Teil auf dem
810 3413 1662 3472 Jahres 1860, da in der Kaiserstadt, dem
1701 3433 2559 3490 Fiakerball spielen, auf dem auch die
810 3446 1664 3510 Zentrum der großen Monarchie, Deutsche,
1699 3475 2555 3545 Fiaker=Milli, die bekannte Wiener Figur, auf¬
799 3494 1659 3547 Ungarn, Slawen aller Nuancen einander
1695 3519 2559 3580 tritt. Nachdem die Komödie fast in eine
799 3541 1662 3593 trafen. Erst recht im Fasching! Die schöne
803 3560 2557 3637 stolze Arabella, deren Vater Graf Waldner Tragödie umzuschlagen gedroht hat, nach
1699 3609 2566 3679 lebhaften, mit Duellforderungen garnierten
806 3626 1668 3710 das Geld, das er hat und das er nicht hat,
2568 2588 2678 2709 N
