3392 4352
215 189 382 281 13.
1269 181 1738 277 box 44/10
415 188 1074 298 Miscellaneous
1307 1015 1654 1123 Feuilleton.
1508 1125 2299 1183 die sichere Heirat denkt und die Tochter in dem
931 1141 1185 1211 Burgtheater.
1505 1174 2300 1227 einen Zimmer verlobt, während gleichzeitig in
666 1190 1457 1253 Samstag, den 20. März: Raoul Auernheimer. Der Un¬
1505 1229 2300 1273 dem anderen ein älterer Freier verabschiedet wird;
663 1240 1451 1282 verschämte, Lustspiel in einem Akt; Die glücklichste
1505 1267 2300 1318 und die sauberen Töchter, von denen die eine
666 1274 1464 1335 Zeit, Lustspiel in drei Akten. — Regie: Herr Hartmann.)
1511 1310 2299 1363 nur einen „Freund", die andere nur einen Mäen
740 1313 1461 1365 Von diesen beiden heiteren Spenden des
1517 1353 2305 1405 haben will, der sie für die Musik ausbilden lassen
669 1363 1451 1416 amusanten Feuilletonisten ist die kleinere ent¬
1520 1399 2293 1454 soll. Auch der Bräutigam hat eine Molly auf
675 1398 1451 1467 schieden die wertvollere, der echtere Auernheimer,
1505 1443 2302 1493 dem Gewissen, die er nach der Verlobung mit
663 1445 1454 1500 der, wenn er für Schnitzler mit Überzeugung
1514 1488 2302 1542 großem Schaden los werden muß dieser ernstere
663 1500 1455 1552 eintritt, immer auch ein kleinwenig an sich selber
1511 1529 2302 1589 Konflikt wird von dem Verfasser sehr leicht ge¬
668 1537 1457 1603 denkt. Eine lose Frau versteht es, ihren Mann
1511 1585 2297 1629 nommen und kurzer Hand den Verwandten, Be¬
663 1583 1455 1641 auf die geschickteste Weise zu betrügen, indem sie
1505 1615 2300 1676 kannten, der Gesellschaft alle Schuld beigemessen,
663 1625 1460 1683 (ihm selber die Briefe ihrer Liebhaber zu lesen
1511 1664 2299 1710 besonders aber den Widerwärtigkeiten der Ver¬
663 1674 1458 1727 gibt und ihm die ironische Überlegenheit gönnt,
1511 1702 2306 1754 lobung, denen sich die Liebenden durch die Flucht in
672 1716 1460 1771 sie in seine Hausfreunde zu verwandeln, mit
1505 1749 2308 1798 die „wilde Ehe entziehen wollen. Dazu kommt
669 1753 1464 1815 denen sie dann ein um so bequemeres Spiel hat.
1514 1792 2309 1843 es aber nicht, denn eine altväterische Tante hält
681 1812 1458 1867 In ein paar Minuten spielen sich so in raschen
1517 1835 2302 1894 sie auf und führt sie in den Hafen der „gut¬
663 1852 1460 1906 und schlagenden Dialogwendungen drei gar nicht
1511 1882 2308 1937 bürgerlichen Ehe zurück. Noch viel rascher geht
669 1894 1460 1943 üble Szenen ab: zuerst ist der Mann der Ge¬
1514 1930 2314 1979 es mit dem anderen Liebespaar: der Literat
678 1936 1460 1995 foppte, dem die Frau den Brief des neuesten
1514 1967 2309 2018 Robert, der nach der Mode auf Cynismus posiert
663 1974 1451 2029 Unverschämten zu lesen gibt; dann der Liebhaber
1517 2014 2305 2067 und das Heiraten verschworen hat, und die Kon¬
672 2024 1454 2081 den der Mann erst als komische Figur hinstellt,
1517 2059 2312 2117 servatoristin, die sich nach einem sehr ernsten
671 2066 1463 2125 ehe er ihn als neuen Hausfreund mit seiner
1520 2106 2309 2162 Techtelmechtel plötzlich zu einer Vernunftheirat
675 2111 1457 2176 Frau allein läßt; zuletzt aber in ganz über¬
1514 2152 2311 2198 entschließt, werden im Handumdrehen ein Paar.
669 2162 1461 2218 raschender Weise die Frau, die sich von dem
1594 2197 2302 2238 Auernheimer besitzt zweifellos eine nicht ge¬
669 2196 1464 2253 neuen Anbeter einen Korb holt, weil er wohl
1517 2236 2312 2286 wöhnliche Begabung für die Erfindung komischer
663 2249 1460 2305 bereit war einen Mann zu betrügen, aber nicht
1520 2285 2311 2340 Situationen und Dialogwendungen, die er nicht
669 2287 1464 2343 mehrere. Es steckt nicht bloß Witz, sondern
1520 2325 2309 2382 mühsam erzwingen und zusammenbetteln muß,
672 2333 1458 2388 auch Geist und scharfe Satire in dem Dialog
1523 2368 2305 2427 sondern die aus ihm frei und leicht hervorspru¬
678 2382 1464 2436 und die drei Personen, die ihn führen, sind zwar
1511 2414 2311 2471 deln und die er bis auf die Neige auszunutzen
678 2421 1466 2472 keine neuen Erscheinungen auf den Brettern, am
1517 2459 2305 2510 versteht. Seine stärksten Wirkungen verdankter
672 2463 1460 2516 allerwenigsten der schüchterne und verlegene Un¬
1517 2501 2305 2561 dem Kontrast: wie das Urteil über den Bräuti¬
671 2507 1463 2570 verschämte, aber sie haben doch Gestalt und
1517 2548 2313 2606 gam bei der Familie auf einmal ins Gegenteil
672 2565 782 2621 Leben.
1523 2604 2312 2652 umschlägt und wie man endlich gar nicht mehr
750 2591 1460 2650 An Witz, besonders aber an Witzen fehlt
1517 2637 2305 2690 wissen will, daß die zertragenen Brautleute über¬
672 2640 1460 2694 es auch in dem Dreiakter nicht. „Die glücklichste
1517 2678 2308 2738 haupt jemals verlobt waren, das führt er ver¬
678 2686 1460 2745 Zeit", das ist, ironisch gemeint, die Zeit der Ver¬
1520 2719 2311 2782 gnüglich in parallelen Szenen durch. Wie uns
678 2731 1469 2785 lobung. Was ein junger Musiker in diesen
1526 2768 2311 2833 schon sein „Unverschämter“ gezeigt hat, liebt er
675 2781 1466 2838 Wochen von der gesamten Familie seiner Braut
1517 2812 2317 2864 vor allem die Retourkutsche: denn auch hier stellt
672 2823 1460 2879 auszustehen hat, von den wirklichen und den soge¬
1529 2868 2312 2915 sich heraus, daß die lose Molly, deren Abfindung
675 2867 1470 2917 nannten Tanten, von den Onkeln und den Vettern
1517 2910 2317 2956 dem Bräutigam so teuer zu stehen kommt
669 2909 1466 2959 bis zum Schoßhund hinunter; wie ihn das
1517 2947 2308 3007 und deren Schmerz über seine Untreue ihm so
669 2956 1460 3005 Wohnungsuchen und die Auswahl der Farben
1523 2994 2308 3040 tief zu Herzen geht, längst schon mit seinem zu¬
684 2999 1469 3057 für den Salon, der Verkehr mit dem Schneider
1517 3037 2312 3091 künftigen Schwager unter einer Decke steckt. Auf
669 3041 1466 3096 und Tischler gar nicht zur Arbeit kommen lassen;
1520 3078 2315 3134 dem Kontrast beruhen auch vor allem die dickeren
669 3086 1469 3146 wie ihn die drei stereotypen Fragen: Wann
1526 3125 2311 3177 Striche in der Charakteristik, die so ziemlich
669 3130 1464 3195 werden Sie heiraten, wohin geht Ihre Hochzeits¬
1523 3169 2314 3222 überall auf einen Zug beschränkt bleibt: die
669 3176 1464 3226 reise und wo werden Sie wohnen zur Ver¬
1523 3211 2318 3264 optimistische Mutter und der gar zu pessimistische
681 3218 1460 3277 zweiflung bringen; wie er mit seiner Geliebten
1529 3259 2317 3309 Vater, der seinem Schwiegersohn jede Krankheit
687 3263 1469 3317 seitdem sie seine Braut ist, kaum mehr allein ist
1523 3297 2305 3359 zutraut und nur an die Lebensversicherung denkt,
684 3307 1472 3360 und über die Fragen des künftigen Haushaltes
1522 3346 2311 3399 stehen als Gegensätze an den äußersten Grenzen.
681 3352 1472 3407 in Streit gerät — das ist hier zwar nicht ohne
1523 3391 2314 3443 Im Grunde sind ja alle diese Figuren nur dazu
678 3394 1475 3445 Übertreibung, aber mit gutem Humor dargestellt.
1520 3431 2311 3488 da, jeder nach seiner Art mit einem Witz¬
675 3446 1469 3498 Auch dieser Verfasser führt uns in ein so¬
1523 3478 2318 3523 wort in den Dialog einzugreifen. Denn
687 3482 1469 3541 genanntes „gutbürgerliches Haus, das zwar in
1520 3520 2315 3568 der witzige Dialog ist so sehr die Hauptsache
684 3528 1471 3578 Wien steht, sich aber von dem der Kleinstadt in
1523 3564 2318 3628 für unseren Verfasser, daß er sich über technische
684 3568 1472 3624 der „Tür ins Freie" nur wenig unterscheidet.
1517 3615 2320 3687 Anforderungen ganz ungeniert hinaussetzt: ein
687 3620 1478 3671 Auch hier das würdige Elternpaar, das nur an
