3392 4352
210 245 1020 348 13. Miscellanen
1262 244 1733 348 box 44/10
1709 1195 1821 1260 82 -
1149 1317 2341 1422 Färbung zieht von der vorrätigen Poesie an, und es
1143 1391 2338 1470 entsteht neben einer Frau Redegonda ein Dr. Weh-
1149 1433 2335 1513 wold, der durch ein umlautendes Wigelaweia auf einen
1152 1471 2336 1565 Wehwalt zu deuten scheint. Es ist wohl möglich, daß
1146 1523 2330 1616 die Reporter recht haben, wenn sie behaupten, die
1146 1569 2327 1665 Wiener Gesellschaftskreise hätten eine Zeitlang im
1146 1617 2323 1718 Tone der Schnitzlerischen Dialoge geplaudert, geflirtet,
1143 1674 2326 1766 verliebt, zärtlich und melancholisch getan, wie nach
1149 1718 2326 1815 Wildes Ausspruch die englische Natur die Präraffaeliten
1131 1773 2324 1868 nachgeahmt habe. Denn die Natur geht so gern mit
1134 1819 2326 1911 der Kunst wie die Unnatur mit der Unkunst. In der
1135 1876 2319 1956 empfänglichen Niederung jener Wiener Gesellschaft, die
1130 1919 2320 2005 für die lebensbildende Kraft Schnitzlerscher Dialoge
1124 1971 2316 2060 in Betracht kommt, dürften sich solche Verwandlungen
1131 2018 2316 2108 wohl zugetragen haben, und die Bedeutung Schnitzlers
1118 2064 1565 2131 als eines Befreiers
1623 2091 2319 2151 gebundener Unkraft, Dichters
1128 2115 2320 2213 eines bestimmten Lebenscottages, soll nicht geleugnet
1124 2167 2311 2252 werden. Merkwürdig in die Irre geht diese Intimität
1122 2220 2308 2310 nur, wenn sie höhere Anforderungen an ihren Dichter
1112 2265 2298 2356 stellt, und von ihm mehr will, als ihrer eigenen Ge¬
1113 2326 2304 2405 sundheit zuträglich wäre. »Vielleicht gibt er uns das
1113 2375 2298 2454 reine Lustspiel, vielleicht auch den großen Roman...
1112 2409 2295 2512 Sie spüren nicht, daß Kräfte, die sie vergebens reizen,
1118 2461 2295 2553 bestimmt wären, die Daseinsform jener unmöglich zu
1107 2524 2295 2596 machen, die ihren Geschmack zu solcher Begehrlich¬
1109 2561 2290 2644 keit steigern. Der tiefen Erkenntnis des Literarhistori¬
1109 2605 2295 2695 kers Weilen stimme ich zu: „Daß Schnitzler bisher
1109 2660 2286 2753 das Beste, was in ihm lag, noch nicht gegeben, ist die
1101 2717 2286 2790 sicherste Gewähr für seine weitere Entwicklung; so
1100 2760 2284 2843 weit gehe ich noch mit. Aber dann höre ich die nach¬
1101 2815 2284 2894 denkliche Frage: „Soll sie uns das ersehnte deutsche
1103 2848 2281 2941 Lustspiel schenken, das zu schaffen er wie kein an¬
1100 2907 2284 2986 derer berufen scheint? Wir wissen es nicht. Aber eines
1097 2949 2281 3050 scheint uns sicher: Wenn er erst klar und deutlich
1097 2999 2281 3097 den Ruf des Lebens vernimmt, dann hat er gefunden,
1101 3054 2277 3137 was er mit so unermüdlichem Eifer, so strenger Selbst¬
1089 3106 2277 3187 zucht sucht: den Weg ins Freie. Und indem ich
1089 3161 2274 3244 zweifle, ob der Weg zum deutschen Lustspiel führt, sucht
1085 3213 2272 3298 mich eine Plaudertasche zu überreden: »Wer weiß,
