3344 4352
512 47 1640 168 de
2400 62 2821 162 .
1811 135 2812 194 einem blassen Gesichte ging der Jüngling umber, erhob sich
501 118 1637 218 Umwegen auf Nietsche zurückgeht, unberücksichtigt bleiben müssen.
1679 168 2818 244 Tag für Tag und erlebte. Und er fand Sensationen, schuf sie
492 177 1634 253 Sie sehen im Leben anderes und anders. So wirken sie an
1670 215 2818 292 nun zum Leben, wie verher zu Versen. Es herrscht die Pose.
495 227 1637 294 andere und anders. Für die moderne Wiener Kultur bedeuten
1679 256 2818 327 Das klingt nun so häßlich. Ich wundere mich selbst, daß ich
498 262 1637 342 sie also schließlich so wenig wie die feinsten bildenden Künstler
1670 294 2818 377 leise lächelnd ohne das Gefühl, mit diesem Urteil zu vernichten“.
495 312 1632 377 der achtziger Jahre. Es sind mehr oder weniger Epigenen, und
1676 339 2812 415 diese Meinung herschreibe. Ja, Pose — das ist dem Dichter doch
489 345 1634 418 deshalb ist ihnen trotz allen Willens zur Moderne eine tiefe En¬
1670 389 2818 459 eigentlich nichts, als der Wille zu einer bestimmten, ihm idealen
483 392 1634 492 wirkung auf das neue Leben verschlossen. Litterarisch=östhetische
1673 424 2810 498 Schönheit. Sie ist der Schminkopf der Poetik (nicht der Poesie,
492 433 1210 501 Interessen mögen sie ja trotzdem erfüllen.
1676 465 2815 542 ich bitte). Eine Seite im eigenen Wesen ist dem Künstler die
554 468 1634 560 Hermann Bahr gilt als der Mann der tausend Wandlungen und
1667 512 2807 589 liebste; so möchte er diese allein erklingen lassen, übertönt so die
486 504 1629 610 Ueberwindungen. Er ist kein Wiener. In Oberösterreich, in Linz liegt
1667 554 2807 633 anderen, drängt diese Nüance in den Vordergrund, ist unduldsam,
486 568 1629 645 ihm die Heimat und sein Wesen, tritt es rein und klar zu Tage, zielt
1661 604 2804 669 einseitig. Ein monotones, verschobenes Menschen= und Daseinsbild
480 610 1629 692 zum Lande. Er hat das heftige Bestreben gehabt, diesen Zug
1661 639 2801 719 ist die Folge. Dem armen Autor zur Spitzmarke geworden sind
483 663 1623 733 auszumerzen, oder doch zu übertönen, zu betäuben. Es wollte
1661 677 2810 754 die Verse, in denen er sagte, daß er die Hektischen, Schlanken
477 701 1620 780 ein Europäer werden. Er sagte von sich, ihm sei nichts fremd
1658 727 2807 819 liebt, Narcissen mit blutrotem Mund, ... ich liebe, was niemand
483 739 1620 822 zwischen Wolga und Loire, oder zwei ähnlichen Flüssen; man hat
1655 772 2433 857 erlesen... Alles, was seltsam und krank."
477 780 1620 854 diese alten Geschichten allzu oft erwärmt. In der That, er
1726 819 2801 898 Der Vers steht in den „Sensationen", dem zweiten Bande
474 816 1614 904 gehört zu den besten Kennern gallischer Art, hat oft Pariserisches
1649 854 2804 937 des Dichters, der das Motto trägt pénétrance jusqu'à la
474 881 1614 942 an sich. Von dort hat er sich Feinheit der Nerven mitgenommen,
1655 910 2807 981 douleur“ und der nun acht Jahre alt ist. Aber während die
474 907 1623 987 dort hat er seine bewegliche Natur zu üben, ihr jede Freiheit
1661 939 2798 1031 Verse wirkten, hatte das Leben nicht immer mütterlich den Dichter
477 957 1608 1028 und Laune zu gestatten, gelernt. Dann kam er heim. Und
1655 984 2795 1066 in seine Arme genommen. Er hatte nun Neurotica und Sensationen
471 1001 1611 1066 man kann ihn sich heute mit allen seinen Bizarrerien von dieser
1649 1031 2798 1107 erlebt, und war müde geworden, nun wirklich müde. Und er
468 1034 1611 1107 Stadt nicht wegdenken. Nun, da er in der zweiten Hälfte
1655 1072 2798 1157 hatte nun ein schmerzliches, wehes Lächeln um die Lippen, nicht
468 1072 1617 1151 der dreißiger Jahre steht, kommt stärker und stärker sein
1646 1113 2792 1199 weil ihm diese Poe gefiel; er lachte, weil ihm nicht zum Lachen
477 1119 1611 1199 Oesterreichertum zum Vorschein. Den „frozzelnden“ Ton, das
1649 1157 2795 1240 war. Aber sie das so geht: Als er von Schmerzen sang, da
465 1160 1614 1246 heißt die leise spottende, etwas höhnische, aber doch nicht in die
1652 1199 2792 1284 war es Frühlität. Nun er Schmerzen litt, sang er nicht von
474 1205 1611 1287 Tiefen gehende Art des Raisonneurs — hat er immer gehabt.
1646 1243 2798 1331 ihnen; aus Scham, — lachte er. Und sein drittes Buch, das
459 1243 1611 1325 Aber die „Verruchtheit", die er früher gerne an sich hatte, ist
1649 1293 2798 1369 „Gelächter“ hieß und einen Fünfundzwanzigjährigen zum Dichter
468 1290 1602 1378 geschwunden, hat einer ruhigen, besonnenen Art Platz gemacht
1640 1322 2783 1414 hat, ist das erste durchaus ehrliche. Aus den Leiden ist die Ver¬
451 1328 1608 1419 Und mit Bewußtsein, wie ja Bahr überhaupt nicht ein naiver
1634 1366 2783 1461 achtung geboren, die doch nur halb ist. Denn stärker als Verstand
454 1378 1611 1455 Künstler genannt werden kann, hat er dementsprechend seinen
1646 1414 2780 1496 und Wille sind in diesem Menschen die Triebe. Deshalb ist er
462 1419 1605 1493 Stil gewandelt, ist von einem schillernden unruhigen grotesken
1643 1455 2777 1543 wohl ein Dichter. So klingt ein nicht überwundener Schmerz
454 1455 1605 1537 Ton zur Weise des alten Goethe gekommen. Und der Inhalt
1637 1496 2780 1581 der Wille zur Befreiung von der Erotik, die dieses Menschen
459 1505 1593 1587 seines litterarischen Thuns hat sich ebenso umgeformt. Sein
1637 1543 2786 1629 einziges Lebenscentrum ist, durch die Verse. Deshalb sagt er
454 1555 1593 1632 ethische Ader tritt hervor. Natürlich nennt man das die neu¬
1637 1587 2780 1658 Höhnisches. Wer durch den Wald geht und sich ängstigt, schreit.
451 1590 1520 1673 Pose. Aber ich glaube, die Leute nennen oft und oft eben
1640 1626 2774 1711 Der Sentimentale wird frivol. Cynismus ist Selbstflucht. Dies
456 1629 1593 1705 die Pose eines Menschen, was sein Tiefstes und Bestes ist, eben
1640 1667 2780 1749 ist das Schicksal des Dichters dieser Verse. Sie sollten eine Er¬
454 1676 1593 1764 was nicht nach Außen liegt, was einem nicht gleich in die
1640 1708 2780 1794 lösung sein. Aber von seiner eigenen Natur befreit keinen der
454 1711 1593 1799 Augen fällt, und Pose ist vielleicht wirklich nichts anderes, als
1634 1752 2777 1832 Wille. Die Jahre, die gehen, die Schmerzen, die man leidet,
454 1755 1590 1835 die Verstärkung jenes Wesenszuges, der einem in sich an
1626 1802 2780 1885 und jene, die man zufügt, reinigen. Und die Welt gewinnt ein
445 1794 1587 1894 teuersten ist. Wie immer aus den letzten Werken Bahrs, dem
1626 1849 2774 1926 anderes Gesicht. Die Naivität des Dichters, die glaubt, er könne
442 1841 1579 1932 „Franz!" so gut wie dem „Apostel", der letzthin im Burg
1632 1882 2774 1958 seine Natur durch den Verstand bezwingen, erweist sich. Naivität
436 1891 1584 1973 theater aufgeführt wurde, leuchtet eine ethische Idee. Der
1626 1932 2780 2011 nennen wir ja das Wesen jener Menschen, deren Verhältnis zum
442 1929 1584 2014 gute Mann wird gepriesen, der Glaube an die treffliche Ver¬
1626 1967 2777 2047 Leben — wie sich also in ihrer Kunst ausdrückt — durch ihre
412 1976 2777 2135 de Menschengeschlechtes betont aber eben wir nur binas re¬
1581 2079 2807 2206 Hauptmotiv der Dichtung: die Sinnlichkeit, die Erotik. Dies
1590 2141 2748 2232 zeigen auch seine Theaterstücke, die „Ledigen Leute“ so gut wie die
1581 2185 2751 2271 „Zimmerherren“, dieses frechste moderne Milienstück. In beiden
1576 2223 2742 2309 dreht sich der dramatische Witz um verirrte Liebe. Beides sind
1579 2256 2736 2353 „unmoralische Stücke und wirken durch ihre Unmoral moralisch.
1576 2300 2730 2397 Es sind groteske, schrille Phantasien über das Thema der ver¬
1576 2341 2730 2433 irrten Liebe. Ihm lag daran, das Groteske, herzbrechend und
1576 2388 2727 2480 verzweifelnd Komische darzustellen und zu verhöhnen, das in
1579 2427 2730 2518 solcher unzeitgemäßen und durch die Persönlichkeiten nicht berechtigten
1564 2474 2721 2562 Erotik liegt. Nun hat sich Dörmann von der Wirklichkeitsschilde¬
1570 2515 2718 2606 rung abgewandt. Und dennoch ist es in seinem neuen Werke,
1567 2559 2721 2653 dem Abenteuerstück „Der Herr von Abadena", wiederum das
1567 2600 2730 2692 Verhältnis des Mannes zum Weibe, das er anfaßt und an der
1567 2639 2718 2733 Natur eines Nietzschemenschen, eines freien Abenteurers und kräftigen
1558 2686 2721 2786 Ueberwinders darstellt. Der Sinn dieses Stückes ist der Abstand
1558 2721 2712 2815 des Weibes= von Männerschicksal, der Mann muß weitergehen
1564 2768 2715 2865 für ihn ist die Liebe ein Schicksal neben vielen, für die Frun ist
1552 2812 2721 2904 die Liebe die Erkenntnis des Lebens. Das wird man ungefähr
1555 2863 2715 2951 aus diesem Drama lesen dürfen, das sa in wenigen Wochen im
1546 2898 2712 2986 Königlichen Schauspielhaus gegeben werden wird und über dessen
1558 2942 2706 3039 Inhalt deshalb hier nichts mehr gesagt sein soll. Ich möchte es
1555 2992 2701 3080 nun vermeiden, kurz und deshalb flüchtig eine Reihe junger
1555 3027 2704 3119 Schriftsteller zu charakterisieren, die ihre größere oder geringere
1549 3066 2704 3154 Begabung in einigen Novellen oder kritisch-ästhetischen Büchern
1540 3110 2698 3195 erwiesen haben. Zu nennen wären etwa Anton Lindner), Paul
1546 3154 2698 3266 Wertheimer"), Paul Auernheimer"), Max Messer, Otto Stößl 3),
1546 3198 2391 3278 Siegfried Trebitsch), vielleicht auch ich selbst
1599 3240 2695 3322 Um die kulturbildende Bedeutung dieser jüngsten Jung=Wiener
1540 3278 2692 3375 festzustellen, muß man noch warten; man darf wohl auch sich selbst
1531 3334 2689 3419 nicht zu nahe rücken. Aber ich will nicht verschweigen, daß hinter
1540 3369 2689 3452 diesen Jung Wienern es bereits ein Jüngst Wien giebt, eine neue
1534 3413 2683 3502 Generation, Lyriker, Romanciers und Kritiker — wir leben ja so
1531 3454 2686 3546 rasch. Aber auch davon in Liebe und Haß zu sprechen, wär¬
1520 3496 1696 3561 verfrüht.
1623 3581 2465 3711 „Die Barrison," bei Schuster u. Löffler. Berlin.
1573 3643 2218 3734 Verse, bei G. H. Meyer in Leipzig.
1576 3672 2120 3746 Skizzen, im „Wiener Verlag.
1576 3717 2680 3820 *) Essays, ein Roman: Der Traum vom Weibe. Bei C. Reißner
1514 3728 1714 3814 in Dresden
1605 3775 1847 3852 „Leile“, Vita.
1632 3796 2091 3899 „Genesung", bei S. Fischer.
1614 3855 2662 3952 Die Praeraphaeliten, Modernes Kunstgewerbe, bei J. H. E. Heitz
1523 3899 2677 4002 Straßburg. Briefe an eine junge Frau, im Insel Verlag. Leipzig.
1531 3946 2165 4055 Giovanni Segantini, Wiener Verlag.
