3392 4320
239 216 1117 354 13. Miscellaneous
1299 239 1777 350 box 44/10
1512 949 1864 1041 Bühne und Welt.
2322 963 2404 1048 29
972 1071 2397 1156 Nach dem zweiten Akt kommen die Autoren heraus — der Vorhang
979 1115 2395 1195 fliegt dann so unheimlich schnell in die Höhe —, und Sie umarmen
977 1165 2395 1250 Bozenhard, und Bozenhad umarmt zurück, und dann umarmen Sie
965 1209 2386 1301 die Franck=Witt und die Bré, und die umarmen wieder zurück, und
972 1264 2388 1338 dann beschließen Sie alle zusammen, ein Freudenfest zu feiern, das
968 1310 2386 1395 ich selten mitmache.... Das ist das Typische Aber der Hinweis
965 1363 2381 1446 auf die wahre Resonanz des Erfolges wird immer erst mit dem Kassen¬
970 1420 2386 1490 rapport der zweiten Aufführung gegeben!“ Ich bin gewiß gern
972 1458 2384 1543 bereit, zu bekennen, daß auch diese Notiz aus der hamburgischen
970 1510 2382 1591 Dramaturgie des Realphilosophen Bachur Hand, Fuß und Rückgrat
963 1563 2377 1625 hat. Aber ich bin dennoch geneigt, das Potemkinsche Dorf des Dichter¬
965 1616 2386 1689 Hervorrufs mit bauen zu helfen, diese schöne Augenblickswelt bestehen
968 1658 2381 1740 zu lassen und dem Dramatiker (von abends 11 bis morgens 7 Uhr:
963 1717 2384 1777 dann sitzt er ja doch bei den Zeitungen) diese wärmende, vom Moment
965 1759 2377 1835 des Hervorrufs zuerst inspirierte Fata morgana zu gönnen. Wie
965 1811 2372 1892 gesagt: ich weiß, daß die Echtheit des Hervorrufs und seine Existenz¬
961 1855 2377 1940 berechtigung nicht immer (oder besser: in den meisten Fällen nicht)
966 1905 2381 1974 der mikroskopischen Untersuchung des Nachprüfenden standhält. Man
961 1951 2377 2027 kennt die gewissen „heiteren“ Premieren der deutschen Reichshaupt¬
970 2005 2372 2078 stadt, bei welchen das Haus künstlich mit Lachgas parfümiert ist, bei
958 2051 2377 2126 welchen Leben oder Tod des ganzen Unternehmens im Schoße dieses
961 2108 2365 2168 auf einem Vulkan tanzenden Abends ruhen und nach den „Schlagern
963 2147 2205 2225 die Applausfäuste so lange in Bewegung gesetzt werden, bis
2276 2170 2377 2230 auch
956 2212 2365 2271 entgegen jeder inneren Notwendigkeit — jeder Vers wiederholt wird
956 2244 2365 2322 nach den Aktschlüssen so lange, bis sich eine Reihe schwarzgekleidete
959 2289 2375 2372 Herren, in denen man mit Recht die Hausdichter, Hauskomponisten,
958 2345 2374 2413 Direktoren, Regisseure, Kapellmeister und andere Granden des be¬
954 2400 2370 2459 teiligten Theaterstaates vermutet, in der Pose größerer oder minderer
949 2432 2368 2513 Verlegenheit, auf der Bühne in Permanenz erklärt hat. Man weiß
949 2485 1048 2549 auch
1089 2505 2372 2556 — geliebte Brüder in Apoll, ihr verzeiht schon, wenn ich hier
949 2543 2368 2616 ein wenig aus der Schule schwätze —, daß gewisse Hervorrufe wirk¬
956 2590 2324 2657 lich nur dazu da sind, um in den Zeitungen festgestellt zu werden
956 2634 2363 2712 selbst die Klischeenotiz: „Der Autor durfte sich dem Publikum wieder¬
950 2690 2365 2756 holt zeigen“ tut da ihre bescheidenen Dienste —: um die Angel nach
947 2738 2368 2807 den Theaterdirektoren im Reiche auszuwerfen und dem Stück die
945 2790 2365 2855 Lebensreise von Provinzstadt zu Provinzstadt zu erleichtern. Man
943 2827 2356 2908 kennt auch die Akustik der Schauspiel= und Opernhäuser, die an Akt¬
949 2882 2359 2952 schlüssen noch trügerischer ist als das Weiberherz, die das Ohr des
945 2926 2361 2998 Autors gegen Zischlaute zu verstopfen, gegen Applausgewitter aber
949 2979 2363 3046 besonders empfindlich zu machen pflegt — der Ruf „Raus" kann ja
949 3025 2359 3094 ebensogut bedeuten, daß der Verfasser kommen, wie daß er gehen
954 3074 2358 3145 soll —, und die dem Dichter bei der Beobachtung eines Mißtrauens¬
947 3129 2356 3207 votums oder einer „geteilten Aufnahme" stets ein — Ueber=Höhr¬
949 3172 2356 3251 rohr in die Hand zu geben scheint. Und auch die Meistbetroffenen,
945 3230 2358 3292 die Dichter selbst, ob sie nun, wie Hermann Sudermann in chevale¬
949 3276 2356 3351 resker Stattlichkeit, wie Gerhart Hauptmann in feierlichem, von der
945 3322 2356 3397 Weihe des Augenblicks getragenem Ernst, wie Artur Schnitzler düster
940 3375 2359 3444 und kurz, aber immer in routinierter Gewandtheit der Geste danken,
940 3420 2359 3487 oder ob sie stolpernd, mit den Armen fuchtelnd, beengt lächelnd einen
942 3478 2359 3556 unfreiwillig heiteren Dilettantismus der Bewegung und der Mimik
