3344 4352
201 250 1061 332 13. Miscellaneous
1255 233 1725 339 box 44/10
1052 1051 1630 1162 VARIÉTÉS
974 1194 1709 1280 Arthur Schnitzler
885 1257 1846 1322 Il est regrettable que l'œuvre d'Arthur
837 1307 1837 1381 Schnitzler soit si peu connue en France; elle y
834 1355 1842 1425 serait assez vite comprise et goûtée. — Tandis
843 1406 1848 1467 que, vers 1894, le théâtre et le roman se trans¬
850 1452 1848 1513 formaient en Allemagne sous l'influence d'Ibsen,
848 1507 1844 1558 de Tolstoi et du naturalisme français, les jeunes
846 1553 1846 1619 littérateurs de Vienne s'efforçaient d'oublier à
846 1602 1847 1665 la fois les modèles allemands et les modèles
846 1652 1844 1704 étrangers. Ils voulaient créer une littérature
850 1702 1844 1758 qui fût vraiment autrichienne, ou, mieux en¬
844 1745 1847 1807 core, viennoise. Or, on a souvent remarqué l’é¬
850 1799 1849 1865 trange parenté de l’âme viennoise avec l’âme
859 1843 1844 1906 parisienne. L'analogie des tempéraments et des
852 1895 1847 1950 civilisations est telle qu'on peut s'attendre à
846 1935 1851 1995 l'analogie des productions littéraires: peu d'é¬
852 1983 1852 2046 crivains allemands ont moins imité les Français
859 2043 1851 2102 que Schnitzler, et pourtant aucun d’entre eux
859 2090 1853 2142 ne ressemble davantage à Maurice Donnay ou
855 2139 1155 2201 à Maupassant.
897 2176 1851 2237 Ses personnages n’ont ni la gravité, ni la rai¬
852 2234 1851 2291 deur des Allemands du Nord ; ils sont plus lé¬
853 2283 1849 2345 gers et plus artistes. Les grands problèmes mé¬
861 2332 1856 2393 taphysiques et moraux ne les préoccupent guère
897 2381 1857 2446 mais ils ont l'instinct de la vie heureuse. Ils
852 2426 1847 2488 recherchent le plaisir comme des êtres naïfs,
861 2490 1848 2540 prime-sautiers, tout proches encore de la na¬
859 2527 1851 2577 ture, — ils en jouissent avec des âmes com¬
861 2574 1849 2639 plexes, affinées par une culture excessive. L'idée
859 2620 1851 2675 de la mort ne les fait pas réfléchir, mais elle
870 2670 1856 2726 es trouble et les épouvante ; car ils aiment la
859 2719 1855 2802 vie avec sensualité et ils ne voient au delà que
873 2772 1043 2830 e néant.
894 2805 1848 2874 L'auteur de Liebelei, d'Anatol, de Lebendige
870 2867 1853 2927 Stunden ne semble pas avoir eu d’autre ambi¬
864 2916 1847 2981 tion que de faire l'analyse très subtile de ces
859 2964 1851 3021 sentiments très simples et vieux comme l'hu¬
859 3011 1847 3068 manité : le plaisir de vivre, la peur de mourir.
870 3066 1851 3125 M. Schnitzler est le fils d'un médecin — il a été
864 3104 1849 3167 médecin lui-même ; c'est sans doute ce qui lui
867 3154 1849 3217 permis de rajeunir des sujets aussi banals. Pour
857 3201 1847 3267 lui le vouloir vivre n’est pas une réminiscence
859 3262 1853 3321 philosophique; c'est une brutale réalité qu’il a
859 3296 1855 3354 chaque jour anxieusement observée : dans la
861 3353 1855 3416 nouvelle intitulée Sterben, Félix révèle à son
861 3398 1849 3462 amie qu’il est destiné à mourir phtisique.
859 3445 1857 3503 Elle l’aime, elle lui promet de se tuer quand
859 3495 1865 3552 l'heure sera venue ; mais il ne veut pas
861 3537 1884 3615 qu'elle meure avec lui. Félix est courage
861 3595 1857 3644 et généreux; Marie est gaie, naïve, sentimen¬
867 3634 1866 3703 tale. Ils continuent de s'aimer. Ils oublient la
859 3690 1866 3740 mort qui les guette. Mais la phtisie amaigrit et
864 3733 1858 3798 défigure l’insoucieux amant ; et voici que, dans
864 3780 1862 3843 son corps décharné, une âme nouvelle éclôt, une
861 3826 1865 3896 âme égoïste, dure et jalouse. Il souffre et il
870 3880 1865 3937 voudrait qu’on souffrit autour de lui ; il rappelle
864 3922 1865 3989 cruellement à Marie sa promesse ; il exige
870 3970 1869 4028 maintenant d'elle le sacrifice qu’il avait d'abord
867 4021 1871 4094 refusé. Il la hait parce qu'il se sent mourir et
873 4081 1863 4129 qu’elle a encore la force de vivre et, dans un ac¬
873 4114 1867 4172 cès de désespoir et de délire, il tente de l'assas¬
873 4172 1869 4216 sine. Cependant, chez elle, l'amour a fait place
1883 255 2871 335 peut-être une crasse, mais je meurs demain.
1876 316 2868 381 Si tu savais ce qu'on hésite peu à faire une
1876 378 2868 427 crasse quand on n'aura pas à en rougir le
1881 418 2865 476 lendemain ! — Oui, mon vieux, tu as peut¬
1876 474 2875 531 être fait illusion à bien des gens, mais pas
1867 516 2862 571 à tout le monde. Ta femme, par exemple, t's
1867 568 2866 625 bien connu. Je suis admirablement placé pour
1872 616 2867 665 le savoir, puisqu'elle a été ma maîtresse pen¬
1866 664 2866 729 dant deux années. Plus de cent fois, dégoûtée
1867 707 2867 767 de ta vanité et de ta sottise, elle a couru che¬
1870 759 2865 829 moi pour me supplier de l'enlever. Mais j'é¬
1876 806 2865 862 tais pauvre, elle était lâche. Elle est res¬
1866 846 2872 921 tée avec toi et nous l'avons trompé tout
1872 897 2874 962 tranquillement. C'était plus commode. Et si
1871 960 2880 1009 tu doutes de mes paroles, mon cher ami, voici
1876 1000 2875 1062 quelques lettres assez limpides pour servir de
1876 1047 2875 1108 preuves. » Voilà ce que Rademacher médite de
1876 1097 2881 1150 dire à son excellent camarade Weihgast. — Et
1879 1144 2880 1211 Weihgast arrive, et ils causent ensemble de
1872 1194 2871 1250 leurs souvenirs communs, de leurs rêves et de
1876 1248 2871 1297 leurs illusions. Et quand Weihgast demande à
1883 1290 2871 1345 Rademacher : « Pourquoi m'as-tu fait venir ?
1883 1337 2871 1405 Qu'avais-tu à me dire, mon ami ? » Rademacher¬
1879 1385 2871 1447 répond : « Rien, rien. J'ai seulement voulu, te
1876 1432 2865 1486 voir une dernière fois, mon vieux. C'est tout. »
1921 1478 2868 1536 Florian est surpris de ce que le joumaliste
1872 1530 2871 1595 ait épargné le poète. Rademacher se sent tout
1883 1574 2871 1642 près de la mort et lui dit : « Que m'importent
1884 1639 2874 1697 Weihgast et ses soucis et son bonheur ! Que
1879 1678 2782 1740 m'importent les gens qui vivront demain ! »
1914 1718 2872 1782 Comme on le voit, le talent de Schnitzler est
1885 1774 2872 1839 exquis, quoique borné. Par ses limites, comme
1885 1827 2872 1889 par ses qualités, il semble destiné à plaire au
1886 1866 2862 1934 public français. Ce qu'on reproche à Schnitzler,
1886 1920 2877 1972 en Allemagne, c’est de ne vivre ni dans le passé
1892 1967 2874 2024 ni dans l'avenir, c'est d'être le poète d'un tout
1888 2010 2877 2081 petit monde fermé qu'on embrasse d’un regard
1888 2074 2881 2127 et qui se confine dans les préoccupations mi¬
1885 2108 2886 2173 nuscules de l'heure présente. De l'amour, de la
1888 2155 2882 2225 joie, un peu de mélancolie, beaucoup d'égoïsme;
1888 2224 2871 2267 quelques viveurs, quelques grisettes, des ac¬
1885 2249 2884 2312 trices, des littérateurs et des officiers, voilà ce
1888 2309 2888 2367 qu'il décrit sans cesse. Et aucune de ces créa¬
1892 2350 2880 2415 tures frivoles et vibrantes de vie animale ne se
1894 2393 2886 2461 pose de questions troublantes sur la puissance
1888 2451 2893 2503 de la volonté, sur la destinée humaine, sur le
1884 2497 2890 2562 sens moral de l'univers. Ces gens ne s'efforcent
1903 2546 2889 2605 pas de réaliser un type, ils n'ont pas la préten¬
1892 2592 2886 2649 tion d'incarner quelque obscur symbole. Ar¬
1892 2640 2884 2698 thur Schnitzler ne pense pas, il se contente de
1885 2689 2884 2759 de peindre. En d'autres termes, comme les
1885 2737 2890 2804 classiques français, il fait de la psycholo¬
1892 2781 2888 2852 gie sans y mêler de la métaphysique, et
1885 2834 2877 2890 c'est chose assez rare et généralement peu
1890 2884 2886 2944 goûtée en Allemagne. Et, d'autre part, dans
1885 2923 2886 2989 toutes ses œuvres (dont plusieurs, il faut
1885 2979 2886 3039 bien le dire, sont assez médiocres), Arthur
1885 3020 2884 3085 Schnitzler donne une importance très grande à
1892 3076 2888 3130 la forme ; il veut avant tout qu’elle soit limpide
1890 3108 2891 3181 et bien équilibrée, et qu’il se rapproche aussi
1885 3161 2884 3214 des habitudes françaises au grand scandale des
1892 3212 2890 3281 amateurs d'esthétiques nébuleuses. N'est-il
1892 3263 2888 3319 donc pas permis de regretter que son nom soit
1939 3309 2886 3370 peine connu en France, alors que, depuis
1892 3355 2885 3443 Liebelei (1895), il est presque célèbre dans l'Eu¬
1888 3412 2188 3482 rope entière?
2344 3445 2853 3530 EDMOND FLEGENHEIMER.
