3344 4320
161 240 1029 379 13. Miscellaneous
1213 255 1697 376 box 44/10
135 1314 2148 1389 kunft und sein Metier zu täuschen vermöchte. Daß ein Felix Salten, der Ueberlegene, will aber, daß das Un¬
143 1359 1126 1434 blühender Kellner mehr Saft hat als ein verkümmerter
1153 1318 3150 1472 mögliche mit Ueberlegung und unter einem Regen von die auch ein Kind von ihm hat, trauen lassen. Zwöl¬
139 1427 2133 1491 am Stamme verdorrter Aristokrat, braucht nicht be= Aphorismen angedroht werde. Der Arzt rührt kei¬
2159 1453 3150 1517 Jahre hat er die Frau und das Kind nicht zu sehen
143 1468 1123 1536 wiesen zu werden. Der dramatisierten Anekdote und
1153 1483 3162 1573 Hand, um dem Schwächeren, der gewiß nicht schießen begehrt. Jetzt schnell die Heirat am Totenbett — ohne
143 1517 2137 1596 ihrer Wendung zum Verbrecherstück half Herr Kramer wird, die Schußwaffe zu entreißen. Alle anderen
2159 1551 3154 1618 zwingenden Grund. Um sieben Uhr, eine Stunde später,
135 1566 1130 1637 durch besonnene, nach keiner Richtung exzedierende oder
1157 1585 2133 1637 Möglichkeiten vernünftiger Lösung schneidet der Autor
2170 1607 3162 1663 st der Todeskandidat plötzlich genesen. Die Frau, die
139 1622 1123 1686 parodierende Darstellung. Sein Josef Wessely ging auf
1149 1641 3162 1716 der seinen Willen haben möchte, eigensinnig ab. Das ist nur eine Formehe für die letzte Lebensstunde des
139 1678 2137 1746 und wurde geknickt wie eine Blüte des Menschen nur ärgerlich und durchaus nicht dramatisch. Techn.
2159 1705 3150 1769 Mannes erwartete, ist sehr bestürzt, denn sie hat einen
139 1720 1119 1787 geschlechtes. Die Gräfin, deren Schicksal tragisch wäre
1145 1731 2084 1795 als Selbstzweck, also nicht mehr als Geschicklichkeit.
2155 1757 3150 1825 Geliebten, der sie nicht verlieren will. Das Kind mag
131 1761 3147 1866 wenn es in dem Stücke Logik und Konsequenz gäbe, ist Wenn nun die beiden Widersacher einander wohl von dem neuen Vater, den es nie kannte, nichts wissen
128 1832 1119 1896 zu einer öden Passivität mit zwei sachten Ausbrüchen
1142 1844 3147 1926 konservierte Worte des Hasses ins Gesicht speien, bleiben Eine andere Freundin des Genesenen, eine Geliebte
131 1881 1123 1941 verurteilt. Lili Marberg ließ in ihrer vornehmen
1142 1889 2133 1949 wir innerlich kühl. Manchen wird übel dabei. Der
2152 1908 3150 1971 jüngeren Datums, hat schon mit dem besten Freund¬
128 1923 1119 1994 Mäßigung nicht merken, wie schwer es einer Künstlerin
1145 1949 3154 2035 Zeiger der Uhr rückt vor — in zwei Minuten soll der des nun Wiedererstandenen ein Verhältnis angeknüpft,
128 1975 1111 2043 wird, ihre Schauspielerinstinkte zu Gunsten der Gesamt
1142 1994 2125 2054 tödliche Schuß knallen. Die Nerven sind gespannt. Eine
2148 2013 3150 2077 Allseits muß sich der Aermste, der schuldlos wieder dem
128 2024 1119 2110 wirkung zu unterdrücken. Sie wendete die zärtlichste
1142 2061 3135 2137 geladene Schußwaffe auf der Bühne bringt das Gemüt Leben zurückgegeben ist, entschuldigen, daß er nicht ge
124 2077 995 2185 Kunst an die Charakterisierung der Farblosigkeit.
1142 2092 2122 2163 stets in Unordnung. Man könnte den billigen Effekt doch
2152 2114 3135 2178 storben ist. Herr Kramer gibt den gutmütigen Ent
203 2137 1111 2204 Herr Kramer gab mit Herrn Weisse den
1142 2152 2125 2212 noch billiger haben. Ein Autor setze einen Mann auf
2144 2167 3139 2238 schuldigungen liebenswürdigsten, originellsten Ausdruck
120 2182 1111 2257 zweiten Einakter, welcher „Der Ernst des Lebens" heiß
1134 2197 2114 2264 einen Baum, und ein zweiter, der den Mann hat, säg¬
2140 2223 3150 2287 Ringsum enttäuschte, verblüffte, verlegene Gesichter,
116 2230 1111 2309 und nur ein Orpheumtrick ist, immerhin einige Wahr¬
1130 2253 2110 2321 unten langsam den Stamm durch. So könnte manche
2140 2268 3135 2336 und dazu noch der famose Klavierlehrer Schenk, der
124 2279 1100 2358 scheinlichkeit. In der sterilen Zeit des dramatische
1134 2306 2114 2362 an Dichtkunst, Regie und Studium erspart werden
2140 2324 3135 2381 „Beschützer“ der Frau, der dem Genesenen die bitterster
116 2339 1100 2399 Schaffens geschieht es immer häufiger, daß die Schau
1130 2354 2114 2414 Der Schuß fällt nicht oder der Baum stürzt nicht. Die
2140 2373 3139 2441 Vorwürfe macht, daß er ins Leben zurückgekehrt ist
116 2384 1108 2460 spieler den Schein der Wahrheit über die Unmöglich¬
1130 2411 2103 2493 Drohung geht großmütig durch die Mitte ab. Der Man
2140 2422 3132 2493 Hier wird der grausame Salten gütig, verschwenderisch
105 2437 1104 2516 keiten einer Dichtung breiten. Wer glaubt an den Arzt
1138 2463 1645 2538 hat seine Lektion. Nun also!
2133 2486 3135 2546 gütig; er schickt den unbequemen Mann, der inkorrek
116 2482 1096 2557 der seinem Schwager auf den Tag genau den nahen To=
1228 2482 2095 2576 Die tiefe Psychologie, die Arthur Schnitzler au
2129 2527 3135 2595 genug gewesen ist, am Leben zu bleiben, in die Fremde
113 2542 1104 2606 voraussagt, einzig, weil ihn dessen optimistische Welt¬
1130 2531 2088 2625 Menschen holt, welche vor dem sicheren Tode stehe
2137 2583 3135 2670 und verteilt unter die fröhlich Hinterbliebenen dessen
109 2606 1100 2662 anschauung und dessen quietistische Lebensführung mit
1126 2613 2099 2677 hat Felix Salten zusammengerafft — das Beste gin
2137 2613 2508 2692 hebes Vermögen.
109 2644 1100 2711 Mißgunst erfüllen? Weder auf Aerzte im allgemeinen
1126 2670 2084 2734 dabei verloren — und in den Lauf eines Revolve
2223 2647 3132 2760 Dieser Schwank ist reich an guten, freien Spässen
105 2696 1100 2756 noch auf Aerzte, die einmal verknöcherte Hofmeister
1126 2726 2084 2779 geschoben. Was Schnitzler, der Denker, sein
2140 2719 3135 2797 flott und geschickt durchgeführt, mit Lachstoff bis in
105 2745 1100 2809 waren, noch weniger auf das allgemein Menschliche läß¬
1126 2767 2084 2843 Melancholie, seinem innersten Wesen entringt, führt
2137 2782 3135 2843 die kleinsten Fugen gefüllt. Das ist der fröhliche
116 2786 1096 2865 sich dieser höllische Vorgang anwenden. Wer glaub¬
1126 2824 2084 2891 gesunde, robuste Salten einfach rings um den T.
2133 2828 3132 2903 Beobachter und Spötter Salten, von schwer aus¬
105 2854 1100 2914 auch, daß der zum Tode bestimmte Optimist sofort alle
1134 2876 2088 2959 spazieren — mit der immer schönen Aussicht an
2133 2884 3124 2955 geladenen Ideen befreit. Wohl sagte ein Naturforscher,
98 2895 1100 2963 Lebenshoffnung ausgibt, dem Urteil des Hassers, das
1126 2918 2073 2993 Sudermann ... Weit besser gelang ihm die A¬
2133 2936 3120 3004 daß eine Blume stärkeren Duft ausströme, wenn eine
101 2944 1096 3015 auch ein Fehlurteil sein könnte, voll vertraut? Wer
1123 2981 2077 3060 häufung und Verdickung älterer Schwankideen, die
2129 2981 3128 3068 Zwiebel daneben steht — und vor der Komödie „Auf¬
98 3000 1093 3064 glaubt, daß der Todgeweihte gleich alle Brücken des
1111 3027 2077 3094 dem Einakter „Auferstehung" aufleben. Der To
2129 3038 3120 3105 erstehung stehen zwei Zwiebeln — aber es scheint
94 3057 1096 3117 Lebens hinter sich abreißen und wirklich den Arzt, den
1126 3083 2084 3135 geglaubte und Totgewünschte platzt wieder fröhlich in
2125 3083 3124 3154 fraglos, daß die Komödie auch gut gewirkt hätte, wenn
94 3105 1100 3184 Mann seiner geliebten Schwester, wie einen Hund nieder¬
1119 3132 2084 3188 Leben hinein. Um sechs Uhr, an der Pforte des Tode
2122 3135 3120 3233 ihr keine Dissonanzenkette vorangeschickt worden wäre.
68 3147 2088 3271 schießen werde? Irrwahn könnte das möglich machen, hatte er sich noch rasch mit einer ehemaligen Geliebter
2873 3199 3075 3271 Rob.H.
