3392 4352
242 169 1107 312 sans
1283 191 1774 312 b 44/10
1550 1488 2760 1605 eld wandte sich der junge Dichter einer mehr romantisserenden
2796 1525 3298 1620 die, Schöners Landsleute
392 1514 1462 1657 Der Staats=Schillerpreis.
1550 1572 2767 1671 Richtung zu, die sich in seinen letzten Werken immer mehr durchsetzte.
2789 1605 3302 1664 bringen. Ueber sein krasse
1550 1624 2668 1704 Unter den jüngeren Talenten ist er sicher eines der begabtesten.
377 1616 1521 1712 Der stantliche Schiller-Preis ist, wie die „Neu¬
2789 1649 3280 1701 in seinem jüngsten Werke
1598 1671 2756 1752 Aus seinen Gedichten („Aus den Tagen des Knaben, geben wir
304 1664 1528 1759 Gesellschaftliche Korrespondenz" erfährt, soeben verliehen
2789 1690 3306 1756 bald im Berliner Hebbel=
1550 1712 1840 1800 folgende Probe:
308 1726 1532 1796 worden und zwar an Ernst Hardt. Er erhielt ihn
2774 1734 3306 1800 alten Bauern, der in zäher
2016 1737 2291 1851 Die Nacht.
315 1770 1506 1847 für sein fünfaktiges Trauerspiel „Tantris der Narr
2789 1789 3309 1862 enttäuscht, ist bereits mit den
312 1822 1521 1891 Der Kaiser hat die Verleihung bereits be¬
1763 1785 2419 1895 Die Nacht spannt eine goldene Harfe
1763 1854 2496 1961 Verschwiegen durch den Traum der Welt
301 1869 1517 1946 stätigt. Wiener Mitteilungen zufolge ist der Preis
2848 1880 3306 1972 fe. Es wird gemel
1763 1920 2375 2005 All ihre zarten Saiten schwingen,
308 1920 1514 2027 geteilt worden; die zweite Hälfte soll Karl Schönherr
2785 1935 3302 2005 offiziellen Schill
1759 1957 2291 2027 Wenn ein Träne niederfällt.
304 1957 612 2038 zugefallen sein.
2782 1986 3298 2049 König von Preußen die
1756 1983 2441 2082 Wer einsam geht und schon um vieles
366 2005 1517 2089 Das Werk des jungen Hardt hat bei seinen
2782 2038 3295 2104 Schriftsteller Ernst
1767 2060 2386 2118 Erfahren hat, den sucht und wirbt
297 2034 1510 2151 bisherigen Aufführungen im Wiener Burgtheater
2782 2078 3313 2137 verfügt habe. Wenn die
1759 2104 2357 2159 Der Harfenklang, der Weihelosen
297 2104 1521 2170 im Kölner Schauspielhaus und im Deutschen Schau¬
2782 2115 3291 2173 10. November, dem ei¬
1767 2122 2448 2225 Im Druck des Dunkels klanglos stirbt.
301 2144 1510 2239 spielhaus in Hamburg einen starken Eindruck gemacht und
2782 2155 3302 2228 wird, sich bestätigen sollte
1767 2192 2294 2250 Es klagen erdenfremde Leiden
297 2192 1514 2283 überall einen bedeutenden Erfolg gefunden. In Berlin ist
2778 2203 3295 2269 Deutschlands sich nach la
1759 2199 2401 2294 Mit schweren Tropfen in der Nacht,
301 2232 1345 2305 das Stück bisher noch nicht zur Aufführung gelangt
2778 2247 3295 2320 Entschließung des Kaisers
1759 2283 2470 2349 Nachts weinen heimlich bleiche Männer,
2837 2291 3280 2342 Es bleibt ja immer
348 2269 1517 2357 „Tantris der Narr, ein hochpoetisches Werk in Versen, be¬
1759 2327 2404 2390 Da Stolz am Tag sie lächeln macht.
2771 2305 3255 2415 Hauptmann dieser
293 2316 1517 2404 handelt ein Motiv der Tristan Sage. (Der Name „Tantris" ist
2892 2371 3266 2430 Als die relativ
1759 2371 2547 2467 Es deckt die Nacht mit ihrem Fürstenmantel
290 2375 1517 2452 eine Silbenumstellung von „Tristan".) Es ist das jüngste
2771 2412 3288 2478 Dramatiker hätten dann
1759 2426 2324 2503 Die gold'ne Harfe morgens zu.
290 2423 1510 2511 Werk seines Verfassers, der bei uns zuerst im Frühjahr 1896
2774 2463 3291 2525 und Hugo v. Hofman
282 2467 1514 2547 durch sein Drama „Tote Zeit bekannt geworden ist. Die „Freie
2774 2503 3288 2580 wäre gewiß groß gewest
286 2518 1514 2595 Bühne hob ihn damit aus der Tause. Schon aus diesem Werke lernte
1587 2500 2738 2609 Wie uns weiter aus Wien mitgeteilt wird, hat Karl Schönher
2774 2544 3291 2617 diese seinen Köpfe oder
282 2569 1510 2642 man ein seines Talent kennen, das Hoffnungen erweckte. Seitdem ha¬
2771 2584 2888 2646 hätte
2939 2587 3291 2653 Immerhin aber
1536 2566 2738 2657 den Preis für sein Drama „Erde erhalten. Die Entscheidung der
286 2613 1503 2694 Ernst Hardts dichterische Weiterentwickelung schöne Resultate gebracht
2771 2620 3288 2694 den Preis auf die He
1536 2635 2745 2705 Kaisers und die Zuerteilung der Hälfte des Schiller-Preises an Schön¬
282 2661 1506 2727 In seinem vieraktigen Schauspiel „Der Kampf ums Rosenrote be¬
2782 2664 3291 2749 fallen ließ, eine gew
1539 2683 2741 2752 herr wurde dadurch aufgehalten, daß die statutenmäßige Aufforderung
282 2701 1510 2782 handelte er den Kampf der jugendlichen Ideale. Auch sein
2774 2708 3222 2782 bestrebungen unserer
1539 2727 2745 2793 seine Personalien einzureichen, von Schönherr nicht erfüllt wurde. Er
2855 2767 3200 2826 entgegen seiner
279 2745 1506 2829 Drama „Ninon von Lenclos, das im Gegensatz zu dem gleich,
1536 2778 2745 2840 hielt sich zur kritischen Zeit im Gebirge auf und beantwortete die
2763 2774 3229 2877 Meinung im Sinne
279 2804 1503 2873 namigen Barockspiel Freksas den bekannten Stoff auf einen Akt zusammen.
1532 2822 2738 2917 Briefe nicht. Der Kaiser soll trotzdem in die Erteilung des Preise
2771 2840 2939 2914 gegeben.
279 2844 1506 2925 drängt, fand bei den Aufführungen in Köln und München großen Erfolg.
1532 2870 1822 2939 gewilligt haben.
2848 2855 3269 2947 Wenn diese beiden
282 2892 1499 2965 Eine tiefe dichterische Empfindung eint sich hier mit einer vor¬
1580 2888 2738 2980 Karl Schönherr, ein Tiroler Kind, ist von den Wienern als ein neuer
2763 2906 3262 2983 Fall sein mußte, sich
279 2939 1503 3035 nehmen Sprache, wie die Kunst des schönen Wortes immer eine der
1525 2947 2734 3027 Anzengruber begrüßt worden, da er seine herbe Kraft der Menschen
2767 2965 3280 3024 höhe von 18,600 Mark
271 2983 894 3046 besten Gaben dieses Talentes war
2760 3005 3273 3064 das junge deutsche Schr
1521 3005 2734 3079 darstellung mit Vorliebe den Motiven bäuerlichen Lebens zuwendet. Sei¬
334 3024 1495 3101 Ernst Hardt, ein geborener Westpreuße, steht im 82. Lebensjahre
2760 3049 3273 3112 in zwei bemerkenswerten
1525 3057 2734 3123 Drama „Sonnwendtag spiegelt den Kampf der Weltanschauungen
2763 3086 3277 3181 ziele Förderung erfahren
275 3071 2738 3170 Er ging zunächst wohl von den letzten Wirkungen der naturalistischen im neuen Oesterreich: ein abtrünniger Priesterzögling gehorcht dem
268 3123 1495 3196 Richtung aus, hat aber nie deren radikale Mittel benutzt
1528 3148 2730 3222 Rufe „Los von Rom und wird von seinem eigener
264 3178 1492 3255 vielmehr mit einem gemäßigten Realismus begonnen. Diese
1517 3192 2734 3266 Bruder erschlagen. Die Szene, da seine alte Mutter den
2815 3163 3218 3277 .
275 3225 1492 3291 gab namentlich seinen novellistischen Arbeiten eine frische
2760 3225 3258 3302 am Scheidewege, die
1521 3240 2972 3317 Altar, das Symbol ihrer Hoffnungen, in stiller Verzweiflung um, bereitung
3005 3288 3262 3357 wird im
257 3277 3200 3390 Lebensarbe. (Priester des Todes, „Bunt ist das Leben", läßt in ihrer eindrucksvollen Simplizität die Hoffnungen beyden, und Süd abgedruckt
