<?xml version="1.0" encoding="UTF-8" standalone="yes"?>
<PcGts xmlns="http://schema.primaresearch.org/PAGE/gts/pagecontent/2013-07-15" xmlns:xsi="http://www.w3.org/2001/XMLSchema-instance" xsi:schemaLocation="http://schema.primaresearch.org/PAGE/gts/pagecontent/2013-07-15 http://schema.primaresearch.org/PAGE/gts/pagecontent/2013-07-15/pagecontent.xsd">
    <Metadata>
        <Creator>prov=READ-COOP:name=PyLaia@TranskribusPlatform:version=2.12.1:model_id=39995:lm=provided:date=29_03_2024_17:55</Creator>
        <Created>2019-10-07T20:39:43.623+02:00</Created>
        <LastChange>2024-03-29T17:55:57.818+01:00</LastChange>
        <TranskribusMetadata docId="224465" pageId="9580522" pageNr="108" tsid="156506566" status="IN_PROGRESS" userId="40391" imgUrl="https://files.transkribus.eu/Get?id=BPOCMYGYBSJEXXKBXMJUQCUZ&amp;fileType=view" xmlUrl="https://files.transkribus.eu/Get?id=FEMXAFVXEYZFTXSTZWZTFULA" imageId="6208676"/>
    </Metadata>
    <Page imageFilename="224465_0108.jpeg" imageWidth="3344" imageHeight="4352">
        <ReadingOrder>
            <OrderedGroup id="ro_1712662342814" caption="Regions reading order">
                <RegionRefIndexed index="0" regionRef="tr_1"/>
            </OrderedGroup>
        </ReadingOrder>
        <TextRegion orientation="0.0" id="tr_1" custom="readingOrder {index:0;}">
            <Coords points="220,169 220,4185 3298,4185 3298,169"/>
            <TextLine id="tr_1_tl_1" custom="readingOrder {index:0;}">
                <Coords points="1844,203 1992,215 2038,196 2062,215 2243,206 2243,169 2203,157 2065,160 2053,147 1998,166 1844,157"/>
                <Baseline points="1862,194 1887,194 1913,194 1939,196 1965,196 1991,194 2017,193 2043,191 2068,193 2094,195 2120,196 2146,197 2172,197 2198,194 2224,191 2250,194"/>
                <TextEquiv>
                    <Unicode></Unicode>
                </TextEquiv>
            </TextLine>
            <TextLine id="tr_1_tl_2" custom="readingOrder {index:1;}">
                <Coords points="1844,252 2946,261 2921,203 1844,203"/>
                <Baseline points="1862,244 1916,245 1971,247 2025,247 2080,247 2134,247 2189,247 2243,245 2298,244 2352,244 2407,244 2461,244 2516,244 2570,244 2625,247 2679,244 2734,244 2788,244 2843,244 2897,244 2952,247"/>
                <TextEquiv>
                    <Unicode>sucht, getastet hat. Aber er vertritt das nur so beiläufig</Unicode>
                </TextEquiv>
            </TextLine>
            <TextLine id="tr_1_tl_3" custom="readingOrder {index:2;}">
                <Coords points="1844,307 3056,301 3053,252 2964,239 2424,276 1844,255"/>
                <Baseline points="1862,289 1922,293 1982,295 2042,295 2102,294 2162,292 2222,295 2283,296 2343,296 2403,298 2463,295 2523,293 2583,295 2643,294 2704,292 2764,292 2824,294 2884,292 2944,292 3004,289 3065,289"/>
                <TextEquiv>
                    <Unicode>so fand ich keinen Feuergeist, ahnte nur sein Temperament und</Unicode>
                </TextEquiv>
            </TextLine>
            <TextLine id="tr_1_tl_4" custom="readingOrder {index:3;}">
                <Coords points="1264,341 1341,362 1427,331 1507,353 1602,344 1633,362 1669,344 1697,368 1737,359 1737,270 1651,261 1630,279 1608,258 1568,258 1464,285 1409,282 1356,252 1326,279 1264,273"/>
                <Baseline points="1280,331 1305,328 1331,328 1356,328 1382,328 1407,328 1433,328 1458,328 1484,328 1510,328 1535,328 1561,328 1586,328 1612,328 1637,328 1663,327 1688,325 1714,325 1740,325"/>
                <TextEquiv>
                    <Unicode>box 44/10</Unicode>
                </TextEquiv>
            </TextLine>
            <TextLine id="tr_1_tl_5" custom="readingOrder {index:4;}">
                <Coords points="203,347 893,368 893,270 856,261 813,292 721,258 577,292 448,261 344,292 273,264 203,282"/>
                <Baseline points="220,328 254,328 288,330 322,332 356,334 390,334 424,334 458,332 492,328 526,328 560,328 594,328 628,329 662,337 696,336 730,330 764,328 798,330 832,331 866,332 901,334"/>
                <TextEquiv>
                    <Unicode>13. Miscellan¬</Unicode>
                </TextEquiv>
            </TextLine>
            <TextLine id="tr_1_tl_6" custom="readingOrder {index:5;}">
                <Coords points="918,371 961,371 967,365 979,374 997,365 1000,371 1016,371 1022,276 1000,276 982,288 948,285 942,292 924,288"/>
                <Baseline points="934,343 965,340 996,337 1028,336"/>
                <TextEquiv>
                    <Unicode>u</Unicode>
                </TextEquiv>
            </TextLine>
            <TextLine id="tr_1_tl_7" custom="readingOrder {index:6;}">
                <Coords points="1841,350 3250,341 3176,264 2820,319 1841,304"/>
                <Baseline points="1859,340 1928,340 1998,343 2068,343 2137,343 2207,343 2277,343 2346,343 2416,340 2486,343 2556,340 2625,340 2695,341 2765,340 2834,340 2904,340 2974,337 3043,337 3113,334 3183,333 3253,331"/>
                <TextEquiv>
                    <Unicode>war am meisten enttäuscht, als ich die Bahr=Locke verschwunden leuchten,</Unicode>
                </TextEquiv>
            </TextLine>
            <TextLine id="tr_1_tl_8" custom="readingOrder {index:7;}">
                <Coords points="3087,387 3112,387 3121,396 3155,387 3216,396 3271,390 3271,338 3222,338 3210,347 3087,341"/>
                <Baseline points="3104,379 3129,381 3154,382 3179,380 3204,379 3229,379 3254,379 3280,379"/>
                <TextEquiv>
                    <Unicode>seiner W.</Unicode>
                </TextEquiv>
            </TextLine>
            <TextLine id="tr_1_tl_9" custom="readingOrder {index:8;}">
                <Coords points="1844,399 3063,408 3063,350 2986,344 1844,350"/>
                <Baseline points="1862,391 1922,389 1982,389 2043,391 2103,391 2164,391 2224,391 2285,391 2345,391 2406,391 2466,393 2526,391 2587,391 2647,391 2708,391 2768,391 2829,389 2889,388 2950,390 3010,388 3071,388"/>
                <TextEquiv>
                    <Unicode>fand, die so lange richtunggebend für das Aeußere jungen</Unicode>
                </TextEquiv>
            </TextLine>
            <TextLine id="tr_1_tl_10" custom="readingOrder {index:9;}">
                <Coords points="3084,436 3115,436 3124,445 3145,433 3161,442 3179,436 3192,448 3219,439 3241,451 3259,439 3280,439 3280,393 3207,396 3170,387 3118,396 3109,387 3084,387"/>
                <Baseline points="3101,429 3127,429 3153,429 3180,429 3206,429 3233,429 3259,429 3286,429"/>
                <TextEquiv>
                    <Unicode>da komme</Unicode>
                </TextEquiv>
            </TextLine>
            <TextLine id="tr_1_tl_11" custom="readingOrder {index:10;}">
                <Coords points="1847,457 1881,460 1912,445 1943,466 1995,442 2019,451 2093,448 2093,399 1995,402 1982,390 1946,402 1918,393 1847,399"/>
                <Baseline points="1865,438 1891,436 1917,435 1943,437 1969,437 1996,435 2022,437 2048,438 2074,440 2101,438"/>
                <TextEquiv>
                    <Unicode>Talente war.</Unicode>
                </TextEquiv>
            </TextLine>
            <TextLine id="tr_1_tl_12" custom="readingOrder {index:11;}">
                <Coords points="770,476 951,460 1025,497 1148,457 1366,497 1522,470 1522,408 1224,430 1050,402 770,408"/>
                <Baseline points="788,459 825,459 862,459 899,462 936,460 973,461 1010,462 1048,462 1085,462 1122,459 1159,461 1196,460 1233,459 1270,459 1308,459 1345,459 1382,459 1419,459 1456,459 1493,458 1531,453"/>
                <TextEquiv>
                    <Unicode>Arthur Schnitzler zum Sonnenthal¬</Unicode>
                </TextEquiv>
            </TextLine>
            <TextLine id="tr_1_tl_13" custom="readingOrder {index:12;}">
                <Coords points="1964,509 3280,485 3280,439 3072,445 3004,405 2829,448 2642,405 1964,445"/>
                <Baseline points="1981,480 2046,483 2111,486 2177,487 2242,489 2308,489 2373,489 2438,489 2504,489 2569,486 2635,489 2700,486 2765,486 2831,486 2896,486 2962,483 3027,482 3092,478 3158,477 3223,477 3289,477"/>
                <TextEquiv>
                    <Unicode>Ein Gast kam, da wir eben sprachen, und ich muß ihn ein- bei der er</Unicode>
                </TextEquiv>
            </TextLine>
            <TextLine id="tr_1_tl_14" custom="readingOrder {index:13;}">
                <Coords points="1043,519 1126,525 1151,512 1175,525 1188,516 1212,522 1258,512 1258,473 1191,479 1151,457 1132,470 1123,463 1089,479 1074,466 1043,466"/>
                <Baseline points="1059,507 1084,507 1110,505 1136,504 1162,504 1187,505 1213,507 1239,506 1265,504"/>
                <TextEquiv>
                    <Unicode>Jubiläum.</Unicode>
                </TextEquiv>
            </TextLine>
            <TextLine id="tr_1_tl_15" custom="readingOrder {index:14;}">
                <Coords points="862,509 881,509 893,522 918,522 936,512 945,516 951,509 964,522 982,522 982,473 964,473 951,460 933,473 896,470 884,482 862,482"/>
                <Baseline points="880,507 907,507 934,507 961,507 988,507"/>
                <TextEquiv>
                    <Unicode></Unicode>
                </TextEquiv>
            </TextLine>
            <TextLine id="tr_1_tl_16" custom="readingOrder {index:15;}">
                <Coords points="3090,540 3130,549 3158,534 3179,546 3198,537 3277,534 3277,485 3262,485 3253,494 3228,485 3167,488 3152,482 3142,491 3118,482 3090,485"/>
                <Baseline points="3107,528 3132,526 3158,525 3183,525 3209,525 3234,525 3260,525 3286,525"/>
                <TextEquiv>
                    <Unicode>Radfahren</Unicode>
                </TextEquiv>
            </TextLine>
            <TextLine id="tr_1_tl_17" custom="readingOrder {index:16;}">
                <Coords points="1850,546 3063,540 3063,497 2992,488 1989,506 1850,457"/>
                <Baseline points="1868,531 1928,531 1988,531 2048,534 2108,534 2168,536 2228,535 2289,537 2349,537 2409,537 2469,537 2529,537 2589,535 2649,537 2710,534 2770,534 2830,534 2890,534 2950,533 3010,531 3071,528"/>
                <TextEquiv>
                    <Unicode>führen, denn es ist Dr. Arthur Schnitzler. Der machte sich nun</Unicode>
                </TextEquiv>
            </TextLine>
            <TextLine id="tr_1_tl_18" custom="readingOrder {index:17;}">
                <Coords points="776,559 1577,555 1577,494 1393,479 1203,522 776,509"/>
                <Baseline points="793,552 832,550 872,552 911,549 951,549 990,551 1030,550 1069,549 1109,549 1148,549 1188,549 1228,549 1267,549 1307,549 1346,547 1386,546 1425,547 1465,549 1504,548 1544,546 1584,546"/>
                <TextEquiv>
                    <Unicode>Donnerstag wird im Wiener Burgtheater</Unicode>
                </TextEquiv>
            </TextLine>
            <TextLine id="tr_1_tl_19" custom="readingOrder {index:18;}">
                <Coords points="1838,598 3063,589 3063,540 1838,543"/>
                <Baseline points="1856,585 1916,580 1977,582 2038,582 2099,584 2159,584 2220,582 2281,585 2342,585 2402,585 2463,583 2524,585 2585,586 2645,586 2706,585 2767,585 2828,583 2888,582 2949,581 3010,579 3071,582"/>
                <TextEquiv>
                    <Unicode>gleich bequem, und es schien ihm ein Vergnügen, zu sehen, wie</Unicode>
                </TextEquiv>
            </TextLine>
            <TextLine id="tr_1_tl_20" custom="readingOrder {index:19;}">
                <Coords points="721,601 1580,605 1580,555 985,574 721,546"/>
                <Baseline points="737,599 779,596 822,593 864,596 907,596 949,596 992,594 1034,593 1077,593 1119,593 1162,593 1204,593 1247,593 1289,593 1332,593 1374,593 1417,591 1459,591 1502,591 1544,591 1587,591"/>
                <TextEquiv>
                    <Unicode>das 50jährige Künstlerjubiläum Adolf Son¬</Unicode>
                </TextEquiv>
            </TextLine>
            <TextLine id="tr_1_tl_21" custom="readingOrder {index:20;}">
                <Coords points="1838,644 3262,632 3262,586 3152,562 3035,595 1838,592"/>
                <Baseline points="1856,629 1926,626 1997,629 2067,631 2138,632 2209,632 2279,632 2350,632 2420,634 2491,632 2562,632 2632,631 2703,629 2773,629 2844,629 2915,629 2985,625 3056,626 3126,621 3197,623 3268,623"/>
                <TextEquiv>
                    <Unicode>ein Anderer porträtirt wird. Bahr ist sehr leicht zu treffen, und mich. Da</Unicode>
                </TextEquiv>
            </TextLine>
            <TextLine id="tr_1_tl_22" custom="readingOrder {index:21;}">
                <Coords points="718,648 1593,644 1593,611 1455,589 1218,614 718,601"/>
                <Baseline points="734,641 777,639 820,638 863,640 907,641 950,641 993,640 1036,637 1080,636 1123,638 1166,638 1209,638 1253,638 1296,638 1339,638 1382,638 1426,635 1469,635 1512,632 1555,632 1599,632"/>
                <TextEquiv>
                    <Unicode>nenthals gefeiert. Aus diesem Anlasse ver¬</Unicode>
                </TextEquiv>
            </TextLine>
            <TextLine id="tr_1_tl_23" custom="readingOrder {index:22;}">
                <Coords points="3087,678 3130,675 3142,681 3161,675 3173,684 3192,687 3222,681 3222,635 3195,638 3155,629 3136,632 3127,626 3087,629"/>
                <Baseline points="3104,668 3129,668 3154,668 3179,670 3204,671 3229,671"/>
                <TextEquiv>
                    <Unicode>Reflexe</Unicode>
                </TextEquiv>
            </TextLine>
            <TextLine id="tr_1_tl_24" custom="readingOrder {index:23;}">
                <Coords points="1841,684 3060,684 3060,635 3001,629 2519,660 1841,629"/>
                <Baseline points="1859,677 1919,677 1979,677 2040,677 2100,677 2161,679 2221,680 2282,680 2342,680 2403,680 2463,680 2523,680 2584,682 2644,678 2705,677 2765,677 2826,677 2886,677 2947,674 3007,674 3068,677"/>
                <TextEquiv>
                    <Unicode>er macht Einem die Arbeit auch angenehm. Kennt er doch</Unicode>
                </TextEquiv>
            </TextLine>
            <TextLine id="tr_1_tl_25" custom="readingOrder {index:24;}">
                <Coords points="718,694 1577,690 1577,644 1510,638 718,644"/>
                <Baseline points="734,683 776,683 819,683 861,683 904,683 946,683 989,683 1031,681 1074,682 1116,681 1159,681 1201,683 1244,683 1286,683 1329,683 1371,682 1414,680 1456,680 1499,680 1541,680 1584,677"/>
                <TextEquiv>
                    <Unicode>öffentlicht das Extrablatt einige Dichtergrüße,</Unicode>
                </TextEquiv>
            </TextLine>
            <TextLine id="tr_1_tl_26" custom="readingOrder {index:25;}">
                <Coords points="3090,736 3142,724 3188,733 3219,724 3231,733 3274,727 3274,678 3231,678 3204,687 3164,675 3145,681 3130,675 3090,678"/>
                <Baseline points="3107,716 3132,718 3157,719 3182,719 3207,719 3232,719 3257,720 3283,722"/>
                <TextEquiv>
                    <Unicode>diesem Re</Unicode>
                </TextEquiv>
            </TextLine>
            <TextLine id="tr_1_tl_27" custom="readingOrder {index:26;}">
                <Coords points="721,736 1583,733 1583,694 1534,687 721,694"/>
                <Baseline points="737,725 779,728 822,728 864,728 907,728 950,728 992,728 1035,726 1078,727 1120,728 1163,728 1206,728 1248,727 1291,725 1334,725 1376,726 1419,727 1462,725 1504,725 1547,722 1590,722"/>
                <TextEquiv>
                    <Unicode>von denen wir hier nachfolgende Verse Arthur</Unicode>
                </TextEquiv>
            </TextLine>
            <TextLine id="tr_1_tl_28" custom="readingOrder {index:27;}">
                <Coords points="1847,736 3063,733 3041,684 1847,684"/>
                <Baseline points="1865,728 1925,725 1985,725 2045,727 2106,728 2166,728 2226,728 2287,728 2347,731 2407,729 2468,731 2528,728 2588,728 2648,728 2709,725 2769,725 2829,725 2890,725 2950,725 3010,726 3071,725"/>
                <TextEquiv>
                    <Unicode>selbst das Metier und weiß, daß es nichts Angenehmeres gibt</Unicode>
                </TextEquiv>
            </TextLine>
            <TextLine id="tr_1_tl_29" custom="readingOrder {index:28;}">
                <Coords points="727,779 1583,792 1565,730 727,736"/>
                <Baseline points="743,773 785,773 827,773 869,773 911,770 954,770 996,770 1038,770 1080,772 1122,773 1165,773 1207,773 1249,773 1291,772 1333,771 1376,772 1418,770 1460,770 1502,770 1544,767 1587,767"/>
                <TextEquiv>
                    <Unicode>Schnitzlers wiedergeben, welche den Jubi¬</Unicode>
                </TextEquiv>
            </TextLine>
            <TextLine id="tr_1_tl_30" custom="readingOrder {index:29;}">
                <Coords points="1838,786 2480,816 3293,779 3293,730 3087,709 3007,749 1838,736"/>
                <Baseline points="1856,773 1928,772 2000,776 2072,776 2144,776 2216,776 2288,778 2360,779 2432,779 2504,778 2577,776 2649,776 2721,776 2793,776 2865,776 2937,773 3009,774 3081,773 3153,768 3225,767 3298,767"/>
                <TextEquiv>
                    <Unicode>als auf ein Modell zu stoßen, das Kanten und Ecken hat, an gethan mit</Unicode>
                </TextEquiv>
            </TextLine>
            <TextLine id="tr_1_tl_31" custom="readingOrder {index:30;}">
                <Coords points="727,841 1510,822 1504,783 1396,767 1347,792 1258,770 1102,795 727,783"/>
                <Baseline points="743,820 781,817 820,817 858,817 897,817 936,817 974,817 1013,815 1052,814 1090,814 1129,814 1168,815 1206,817 1245,814 1284,814 1322,814 1361,814 1400,814 1438,813 1477,811 1516,814"/>
                <TextEquiv>
                    <Unicode>lar als Interpreten des Dichters rühmen.</Unicode>
                </TextEquiv>
            </TextLine>
            <TextLine id="tr_1_tl_32" custom="readingOrder {index:31;}">
                <Coords points="3198,825 3213,825 3219,832 3231,829 3234,832 3244,825 3247,829 3253,825 3268,835 3287,832 3284,786 3253,783 3244,773 3234,776 3225,767 3213,776 3195,776"/>
                <Baseline points="3214,814 3240,816 3266,817 3292,817"/>
                <TextEquiv>
                    <Unicode>Noch</Unicode>
                </TextEquiv>
            </TextLine>
            <TextLine id="tr_1_tl_33" custom="readingOrder {index:32;}">
                <Coords points="1838,856 1890,859 1927,829 2053,832 2068,847 2096,832 2341,832 2338,786 1835,789"/>
                <Baseline points="1856,820 1881,820 1907,820 1933,822 1959,823 1984,823 2010,823 2036,823 2062,823 2088,823 2113,823 2139,823 2165,823 2191,824 2217,826 2242,826 2268,825 2294,824 2320,824 2346,826"/>
                <TextEquiv>
                    <Unicode>die man den Meißel setzt.</Unicode>
                </TextEquiv>
            </TextLine>
            <TextLine id="tr_1_tl_34" custom="readingOrder {index:33;}">
                <Coords points="758,896 930,878 1019,908 1050,881 1335,872 1580,905 1583,822 758,832"/>
                <Baseline points="776,868 816,868 857,870 898,871 938,871 979,871 1020,871 1060,870 1101,868 1142,868 1183,868 1223,868 1264,868 1305,868 1345,868 1386,868 1427,866 1467,865 1508,866 1549,868 1590,868"/>
                <TextEquiv>
                    <Unicode>Seht mir den endlosen Zug von vielfach bedeutenden</Unicode>
                </TextEquiv>
            </TextLine>
            <TextLine id="tr_1_tl_35" custom="readingOrder {index:34;}">
                <Coords points="1961,884 3238,875 3179,801 2885,832 2829,798 2759,847 2639,801 1961,838"/>
                <Baseline points="1978,877 2041,871 2104,871 2167,873 2231,872 2294,874 2357,874 2421,873 2484,871 2547,871 2611,871 2674,871 2737,871 2800,871 2864,869 2927,869 2990,871 3054,871 3117,867 3180,865 3244,868"/>
                <TextEquiv>
                    <Unicode>„Ob er seinen Einfluß auf die Auswüchse der Modernen gangene</Unicode>
                </TextEquiv>
            </TextLine>
            <TextLine id="tr_1_tl_36" custom="readingOrder {index:35;}">
                <Coords points="1178,918 1215,921 1224,914 1243,924 1258,914 1270,914 1295,921 1335,921 1335,875 1313,875 1307,881 1292,881 1277,872 1261,881 1243,875 1218,878 1209,872 1200,878 1178,878"/>
                <Baseline points="1196,907 1225,907 1254,907 1284,907 1313,907 1343,907"/>
                <TextEquiv>
                    <Unicode>Schatten!</Unicode>
                </TextEquiv>
            </TextLine>
            <TextLine id="tr_1_tl_37" custom="readingOrder {index:36;}">
                <Coords points="3087,921 3127,921 3155,930 3182,914 3195,921 3222,914 3238,927 3268,924 3268,875 3241,872 3219,890 3207,878 3185,878 3167,887 3155,875 3087,881"/>
                <Baseline points="3104,913 3132,913 3160,913 3189,913 3217,913 3245,913 3274,913"/>
                <TextEquiv>
                    <Unicode>wiran</Unicode>
                </TextEquiv>
            </TextLine>
            <TextLine id="tr_1_tl_38" custom="readingOrder {index:37;}">
                <Coords points="1838,930 3063,951 3063,878 1838,872"/>
                <Baseline points="1856,919 1916,919 1977,919 2037,919 2098,919 2159,919 2219,919 2280,922 2340,922 2401,921 2462,921 2522,919 2583,919 2643,919 2704,922 2765,922 2825,922 2886,922 2946,923 3007,921 3068,919"/>
                <TextEquiv>
                    <Unicode>in Literatur und Kunst zugesteht oder ob es Legenden sind, die</Unicode>
                </TextEquiv>
            </TextLine>
            <TextLine id="tr_1_tl_39" custom="readingOrder {index:38;}">
                <Coords points="758,957 1071,982 1117,954 1605,957 1605,896 1528,875 1366,918 1203,921 1154,887 1040,911 961,881 758,918"/>
                <Baseline points="776,946 817,946 859,946 901,946 943,948 985,947 1027,948 1069,949 1111,948 1153,946 1195,946 1236,947 1278,948 1320,946 1362,946 1404,946 1446,943 1488,946 1530,946 1572,948 1614,949"/>
                <TextEquiv>
                    <Unicode>Manchen, den längst ich vergaß; manchen, der nie</Unicode>
                </TextEquiv>
            </TextLine>
            <TextLine id="tr_1_tl_40" custom="readingOrder {index:39;}">
                <Coords points="3087,976 3109,979 3161,970 3170,979 3179,973 3256,982 3256,927 3213,924 3192,911 3155,930 3127,921 3087,921"/>
                <Baseline points="3104,964 3130,964 3157,964 3184,964 3211,964 3238,964 3265,964"/>
                <TextEquiv>
                    <Unicode>Bierhaus</Unicode>
                </TextEquiv>
            </TextLine>
            <TextLine id="tr_1_tl_41" custom="readingOrder {index:40;}">
                <Coords points="1832,1000 1946,1000 2004,970 2289,994 2612,970 2612,930 2578,921 1832,933"/>
                <Baseline points="1850,967 1888,967 1927,967 1965,967 2004,967 2042,967 2081,967 2119,967 2158,969 2196,968 2235,968 2273,970 2312,970 2350,970 2389,973 2427,969 2466,969 2504,969 2543,965 2581,960 2620,952"/>
                <TextEquiv>
                    <Unicode>ihm die vielen Vaterschaften zusprechen?"</Unicode>
                </TextEquiv>
            </TextLine>
            <TextLine id="tr_1_tl_42" custom="readingOrder {index:41;}">
                <Coords points="1178,991 1243,997 1264,988 1283,1003 1295,994 1323,1000 1405,988 1442,1000 1442,954 1304,951 1267,964 1178,954"/>
                <Baseline points="1196,988 1221,986 1246,985 1272,985 1297,985 1323,985 1348,985 1373,984 1399,982 1424,982 1450,982"/>
                <TextEquiv>
                    <Unicode>mir entschwand.</Unicode>
                </TextEquiv>
            </TextLine>
            <TextLine id="tr_1_tl_43" custom="readingOrder {index:42;}">
                <Coords points="3087,1031 3130,1025 3149,1034 3167,1016 3201,1028 3256,1016 3262,1022 3284,1019 3284,961 3241,982 3225,976 3176,976 3170,982 3158,970 3087,976"/>
                <Baseline points="3104,1011 3130,1011 3156,1011 3183,1011 3209,1011 3236,1011 3262,1013 3289,1014"/>
                <TextEquiv>
                    <Unicode>auf den A</Unicode>
                </TextEquiv>
            </TextLine>
            <TextLine id="tr_1_tl_44" custom="readingOrder {index:43;}">
                <Coords points="1952,1025 3056,1025 3056,961 2925,942 2295,994 1952,976"/>
                <Baseline points="1970,1011 2024,1014 2079,1014 2134,1014 2189,1014 2243,1017 2298,1017 2353,1017 2408,1015 2462,1014 2517,1014 2572,1014 2627,1016 2681,1014 2736,1017 2791,1017 2846,1017 2900,1017 2955,1017 3010,1014 3065,1014"/>
                <TextEquiv>
                    <Unicode>Bahr lächelt und zögert mit der Antwort, und Schnitzle</Unicode>
                </TextEquiv>
            </TextLine>
            <TextLine id="tr_1_tl_45" custom="readingOrder {index:44;}">
                <Coords points="761,1037 1086,1056 1580,1031 1580,985 1473,964 1427,997 1320,1000 761,976"/>
                <Baseline points="779,1026 819,1026 859,1026 900,1024 940,1025 981,1026 1021,1026 1061,1025 1102,1023 1142,1020 1183,1023 1223,1023 1263,1023 1304,1023 1344,1023 1385,1023 1425,1022 1465,1021 1506,1023 1546,1023 1587,1023"/>
                <TextEquiv>
                    <Unicode>Niemals so bunte Gesellschaft vereint auf dem</Unicode>
                </TextEquiv>
            </TextLine>
            <TextLine id="tr_1_tl_46" custom="readingOrder {index:45;}">
                <Coords points="3145,1065 3167,1065 3176,1074 3207,1071 3213,1077 3222,1071 3238,1077 3259,1065 3280,1068 3280,1022 3265,1022 3256,1016 3234,1025 3216,1022 3210,1028 3198,1019 3145,1019"/>
                <Baseline points="3161,1059 3186,1059 3211,1060 3236,1062 3261,1059 3286,1056"/>
                <TextEquiv>
                    <Unicode>Und</Unicode>
                </TextEquiv>
            </TextLine>
            <TextLine id="tr_1_tl_47" custom="readingOrder {index:46;}">
                <Coords points="1185,1074 1384,1074 1402,1062 1430,1077 1445,1062 1464,1065 1464,1031 1436,1022 1396,1037 1384,1028 1316,1037 1301,1028 1258,1040 1185,1031"/>
                <Baseline points="1202,1062 1228,1062 1255,1062 1282,1062 1309,1062 1336,1062 1363,1062 1390,1061 1417,1060 1444,1059 1471,1059"/>
                <TextEquiv>
                    <Unicode>Wege betraf ich:</Unicode>
                </TextEquiv>
            </TextLine>
            <TextLine id="tr_1_tl_48" custom="readingOrder {index:47;}">
                <Coords points="1838,1065 2308,1102 3069,1077 3069,1025 1838,1000"/>
                <Baseline points="1856,1062 1917,1062 1978,1062 2039,1062 2100,1062 2161,1062 2222,1063 2283,1065 2344,1065 2405,1065 2466,1065 2527,1065 2588,1063 2649,1065 2710,1065 2771,1066 2832,1066 2893,1065 2954,1065 3015,1065 3077,1062"/>
                <TextEquiv>
                    <Unicode>meint mit seiner feinen, gut abgetönten Stimme: „Ist das nicht ein</Unicode>
                </TextEquiv>
            </TextLine>
            <TextLine id="tr_1_tl_49" custom="readingOrder {index:48;}">
                <Coords points="1206,1111 1274,1111 1295,1126 1329,1111 1359,1139 1421,1114 1491,1132 1580,1120 1580,1062 1547,1046 1448,1062 1433,1077 1402,1062 1347,1080 1206,1074"/>
                <Baseline points="1223,1095 1249,1098 1275,1101 1301,1103 1327,1103 1353,1101 1379,1101 1405,1101 1431,1101 1457,1101 1483,1101 1509,1101 1535,1101 1561,1103 1587,1104"/>
                <TextEquiv>
                    <Unicode>Bürger und Sträfling</Unicode>
                </TextEquiv>
            </TextLine>
            <TextLine id="tr_1_tl_50" custom="readingOrder {index:49;}">
                <Coords points="761,1117 822,1139 884,1111 1043,1129 1178,1120 1178,1062 1135,1050 1111,1065 1056,1037 982,1065 899,1037 862,1050 761,1037"/>
                <Baseline points="779,1101 804,1103 829,1104 855,1104 880,1104 905,1104 931,1104 956,1104 982,1104 1007,1104 1032,1104 1058,1104 1083,1104 1108,1103 1134,1101 1159,1102 1185,1104"/>
                <TextEquiv>
                    <Unicode>König wandelt und Hel¬</Unicode>
                </TextEquiv>
            </TextLine>
            <TextLine id="tr_1_tl_51" custom="readingOrder {index:50;}">
                <Coords points="1844,1145 1893,1145 1949,1123 1961,1135 1989,1114 2007,1126 2053,1114 2068,1129 2096,1117 2179,1120 2179,1071 2099,1080 1844,1071"/>
                <Baseline points="1862,1110 1887,1111 1912,1113 1937,1112 1962,1110 1987,1112 2012,1113 2037,1113 2062,1112 2087,1111 2112,1109 2137,1107 2162,1102 2187,1095"/>
                <TextEquiv>
                    <Unicode>bißchen zu grobe</Unicode>
                </TextEquiv>
            </TextLine>
            <TextLine id="tr_1_tl_52" custom="readingOrder {index:51;}">
                <Coords points="3084,1126 3103,1126 3118,1139 3133,1132 3164,1142 3185,1123 3195,1126 3207,1117 3241,1117 3250,1126 3280,1120 3284,1071 3176,1074 3158,1059 3145,1065 3130,1059 3118,1071 3103,1056 3087,1056"/>
                <Baseline points="3101,1110 3127,1110 3153,1110 3180,1110 3206,1110 3233,1110 3259,1109 3286,1107"/>
                <TextEquiv>
                    <Unicode>es war ja</Unicode>
                </TextEquiv>
            </TextLine>
            <TextLine id="tr_1_tl_53" custom="readingOrder {index:52;}">
                <Coords points="1169,1154 1206,1151 1212,1157 1221,1154 1237,1160 1249,1145 1289,1145 1289,1108 1258,1111 1246,1105 1234,1117 1212,1105 1185,1077 1169,1077"/>
                <Baseline points="1187,1140 1213,1140 1239,1140 1265,1140 1292,1143"/>
                <TextEquiv>
                    <Unicode>vorbei,</Unicode>
                </TextEquiv>
            </TextLine>
            <TextLine id="tr_1_tl_54" custom="readingOrder {index:53;}">
                <Coords points="1958,1166 3063,1169 3063,1111 2986,1096 2836,1129 2400,1086 1958,1123"/>
                <Baseline points="1976,1158 2030,1158 2085,1158 2140,1158 2195,1158 2249,1158 2304,1158 2359,1160 2414,1161 2468,1158 2523,1160 2578,1158 2633,1158 2687,1158 2742,1161 2797,1159 2852,1161 2906,1161 2961,1161 3016,1161 3071,1161"/>
                <TextEquiv>
                    <Unicode>Herr Bahr verwahrt sich dagegen, so vieles Unfruchtbar¬</Unicode>
                </TextEquiv>
            </TextLine>
            <TextLine id="tr_1_tl_55" custom="readingOrder {index:54;}">
                <Coords points="3198,1169 3219,1169 3222,1172 3228,1169 3234,1175 3256,1166 3277,1166 3277,1120 3262,1120 3253,1126 3241,1114 3234,1117 3198,1117"/>
                <Baseline points="3214,1161 3250,1159 3286,1161"/>
                <TextEquiv>
                    <Unicode>Auf</Unicode>
                </TextEquiv>
            </TextLine>
            <TextLine id="tr_1_tl_56" custom="readingOrder {index:55;}">
                <Coords points="761,1212 1099,1191 1148,1212 1228,1181 1528,1185 1587,1212 1587,1126 1237,1157 1157,1126 1111,1157 994,1114 856,1148 761,1126"/>
                <Baseline points="779,1182 819,1181 860,1182 900,1182 941,1182 981,1182 1022,1182 1062,1182 1103,1182 1143,1182 1184,1182 1225,1179 1265,1179 1306,1179 1346,1179 1387,1178 1427,1177 1468,1179 1508,1179 1549,1179 1590,1179"/>
                <TextEquiv>
                    <Unicode>Auch den Verführer gewahr ich, den Narren, den</Unicode>
                </TextEquiv>
            </TextLine>
            <TextLine id="tr_1_tl_57" custom="readingOrder {index:56;}">
                <Coords points="3096,1212 3161,1224 3182,1215 3219,1221 3238,1209 3250,1221 3277,1221 3277,1166 3213,1169 3176,1135 3155,1145 3139,1132 3130,1139 3096,1132"/>
                <Baseline points="3113,1202 3141,1204 3170,1205 3199,1205 3228,1205 3257,1205 3286,1205"/>
                <TextEquiv>
                    <Unicode>Bahres</Unicode>
                </TextEquiv>
            </TextLine>
            <TextLine id="tr_1_tl_58" custom="readingOrder {index:57;}">
                <Coords points="1838,1231 3066,1228 3066,1169 1992,1181 1838,1139"/>
                <Baseline points="1856,1214 1916,1211 1977,1211 2038,1206 2099,1208 2160,1208 2221,1208 2282,1208 2343,1208 2404,1208 2465,1208 2525,1208 2586,1208 2647,1208 2708,1210 2769,1208 2830,1208 2891,1208 2952,1209 3013,1211 3074,1208"/>
                <TextEquiv>
                    <Unicode>gezeugt zu haben. Es sind also Legenden. „Denken Sie," sag</Unicode>
                </TextEquiv>
            </TextLine>
            <TextLine id="tr_1_tl_59" custom="readingOrder {index:58;}">
                <Coords points="1178,1224 1249,1234 1307,1224 1320,1237 1353,1224 1544,1228 1544,1191 1491,1181 1424,1181 1412,1194 1347,1185 1335,1197 1234,1181 1178,1188"/>
                <Baseline points="1196,1217 1221,1219 1246,1220 1271,1220 1296,1220 1322,1220 1347,1219 1372,1217 1397,1215 1422,1214 1448,1214 1473,1214 1498,1214 1523,1214 1549,1214"/>
                <TextEquiv>
                    <Unicode>Künstler, den Weisen:</Unicode>
                </TextEquiv>
            </TextLine>
            <TextLine id="tr_1_tl_60" custom="readingOrder {index:59;}">
                <Coords points="1838,1274 3293,1264 3293,1215 3238,1209 1838,1234"/>
                <Baseline points="1856,1256 1928,1259 2000,1258 2072,1256 2144,1256 2216,1256 2288,1256 2360,1256 2432,1256 2504,1256 2577,1256 2649,1256 2721,1256 2793,1256 2865,1258 2937,1259 3009,1259 3081,1258 3153,1253 3225,1253 3298,1256"/>
                <TextEquiv>
                    <Unicode>er, „Mirbeau entdeckt Maeterlinck in Paris und ich führe den Haus war</Unicode>
                </TextEquiv>
            </TextLine>
            <TextLine id="tr_1_tl_61" custom="readingOrder {index:60;}">
                <Coords points="758,1292 1590,1267 1590,1209 1525,1234 957,1212 905,1237 758,1212"/>
                <Baseline points="776,1262 817,1260 858,1259 899,1259 940,1260 981,1261 1022,1259 1063,1259 1104,1262 1145,1262 1186,1259 1227,1257 1268,1256 1309,1258 1350,1258 1391,1257 1432,1258 1473,1256 1514,1256 1555,1256 1596,1259"/>
                <TextEquiv>
                    <Unicode>Purpur und Panzer ergänzt hell unter Frack und</Unicode>
                </TextEquiv>
            </TextLine>
            <TextLine id="tr_1_tl_62" custom="readingOrder {index:61;}">
                <Coords points="1181,1307 1218,1310 1231,1301 1267,1307 1286,1304 1286,1267 1264,1270 1249,1255 1224,1274 1206,1264 1181,1264"/>
                <Baseline points="1199,1295 1230,1295 1261,1296 1292,1298"/>
                <TextEquiv>
                    <Unicode>Talar.</Unicode>
                </TextEquiv>
            </TextLine>
            <TextLine id="tr_1_tl_63" custom="readingOrder {index:62;}">
                <Coords points="1838,1320 3195,1310 3195,1264 3106,1261 1838,1270"/>
                <Baseline points="1856,1304 1923,1305 1990,1307 2057,1307 2125,1307 2192,1307 2259,1304 2327,1307 2394,1307 2461,1308 2529,1304 2596,1306 2663,1307 2730,1307 2798,1307 2865,1307 2932,1307 3000,1307 3067,1306 3134,1301 3202,1304"/>
                <TextEquiv>
                    <Unicode>Dichter, durch den Artikel im „Figaro" angeregt, in Wien als blau.</Unicode>
                </TextEquiv>
            </TextLine>
            <TextLine id="tr_1_tl_64" custom="readingOrder {index:63;}">
                <Coords points="758,1347 933,1369 1010,1344 1068,1372 1212,1338 1448,1372 1587,1353 1565,1277 1418,1307 1313,1283 1283,1313 1117,1280 902,1283 859,1310 758,1292"/>
                <Baseline points="776,1337 816,1337 857,1337 898,1337 939,1337 980,1338 1021,1339 1061,1337 1102,1337 1143,1337 1184,1337 1225,1335 1266,1336 1307,1335 1347,1334 1388,1334 1429,1334 1470,1334 1511,1334 1552,1334 1593,1334"/>
                <TextEquiv>
                    <Unicode>Schweben die einen dahin im Schimmer unsterb¬</Unicode>
                </TextEquiv>
            </TextLine>
            <TextLine id="tr_1_tl_65" custom="readingOrder {index:64;}">
                <Coords points="1844,1356 3069,1363 3069,1313 1844,1316"/>
                <Baseline points="1862,1349 1922,1352 1983,1352 2044,1352 2105,1352 2165,1354 2226,1355 2287,1354 2348,1355 2408,1352 2469,1352 2530,1352 2591,1352 2651,1352 2712,1349 2773,1352 2834,1352 2894,1354 2955,1352 3016,1355 3077,1358"/>
                <TextEquiv>
                    <Unicode>Conferencier ein. Bin ich da der Vater? — Oder denken Sie</Unicode>
                </TextEquiv>
            </TextLine>
            <TextLine id="tr_1_tl_66" custom="readingOrder {index:65;}">
                <Coords points="3106,1381 3124,1381 3130,1372 3145,1375 3152,1381 3164,1372 3173,1375 3179,1369 3198,1372 3195,1307 3176,1307 3170,1313 3158,1310 3145,1313 3136,1307 3136,1310 3127,1307 3103,1310"/>
                <Baseline points="3119,1352 3147,1352 3176,1354 3205,1358"/>
                <TextEquiv>
                    <Unicode>sieht,</Unicode>
                </TextEquiv>
            </TextLine>
            <TextLine id="tr_1_tl_67" custom="readingOrder {index:66;}">
                <Coords points="1185,1384 1221,1381 1237,1390 1252,1381 1292,1381 1316,1402 1329,1390 1399,1381 1399,1341 1369,1347 1320,1341 1286,1353 1270,1344 1243,1347 1215,1338 1185,1344"/>
                <Baseline points="1202,1376 1227,1376 1253,1376 1279,1374 1305,1374 1330,1376 1356,1375 1382,1373 1408,1376"/>
                <TextEquiv>
                    <Unicode>licher Hoheit</Unicode>
                </TextEquiv>
            </TextLine>
            <TextLine id="tr_1_tl_68" custom="readingOrder {index:67;}">
                <Coords points="1838,1396 3072,1418 3072,1369 3001,1350 1838,1353"/>
                <Baseline points="1856,1396 1917,1399 1978,1399 2039,1399 2100,1401 2162,1401 2223,1402 2284,1402 2345,1402 2406,1402 2468,1400 2529,1399 2590,1399 2651,1399 2712,1402 2774,1402 2835,1402 2896,1403 2957,1403 3018,1405 3080,1405"/>
                <TextEquiv>
                    <Unicode>vielleicht, daß ich die Secession erfunden habe, oder daß ich an</Unicode>
                </TextEquiv>
            </TextLine>
            <TextLine id="tr_1_tl_69" custom="readingOrder {index:68;}">
                <Coords points="758,1439 1427,1415 1587,1445 1587,1350 1323,1396 758,1350"/>
                <Baseline points="776,1414 816,1417 857,1417 898,1417 939,1415 980,1414 1021,1415 1061,1417 1102,1417 1143,1416 1184,1414 1225,1414 1266,1414 1307,1416 1347,1415 1388,1414 1429,1412 1470,1411 1511,1411 1552,1411 1593,1414"/>
                <TextEquiv>
                    <Unicode>Schleichen die andern bedrückt, wie aus den</Unicode>
                </TextEquiv>
            </TextLine>
            <TextLine id="tr_1_tl_70" custom="readingOrder {index:69;}">
                <Coords points="1838,1470 2648,1458 2648,1405 2430,1399 2366,1424 1838,1396"/>
                <Baseline points="1856,1447 1895,1447 1935,1447 1975,1445 2015,1446 2055,1447 2095,1448 2134,1449 2174,1447 2214,1450 2254,1447 2294,1449 2334,1450 2374,1448 2413,1448 2453,1450 2493,1449 2533,1447 2573,1447 2613,1447 2653,1447"/>
                <TextEquiv>
                    <Unicode>den Versen Hoffmannsthals Schuld trage?</Unicode>
                </TextEquiv>
            </TextLine>
            <TextLine id="tr_1_tl_71" custom="readingOrder {index:70;}">
                <Coords points="1185,1464 1329,1458 1344,1470 1378,1461 1433,1467 1433,1415 1412,1415 1399,1427 1338,1421 1313,1430 1280,1421 1185,1421"/>
                <Baseline points="1202,1450 1228,1452 1255,1454 1281,1455 1308,1456 1334,1456 1361,1455 1387,1454 1414,1453 1441,1453"/>
                <TextEquiv>
                    <Unicode>Grüften gelockt</Unicode>
                </TextEquiv>
            </TextLine>
            <TextLine id="tr_1_tl_72" custom="readingOrder {index:71;}">
                <Coords points="767,1513 1587,1510 1587,1448 1335,1473 1099,1461 964,1421 890,1461 767,1439"/>
                <Baseline points="785,1495 825,1495 865,1493 906,1492 946,1492 987,1494 1027,1495 1067,1495 1108,1495 1148,1495 1189,1495 1229,1495 1269,1493 1310,1492 1350,1494 1391,1495 1431,1494 1471,1492 1512,1492 1552,1492 1593,1495"/>
                <TextEquiv>
                    <Unicode>Doch wer schwankt aus der Reih und grüßt mich</Unicode>
                </TextEquiv>
            </TextLine>
            <TextLine id="tr_1_tl_73" custom="readingOrder {index:72;}">
                <Coords points="1961,1510 3069,1522 3069,1442 3032,1439 1961,1455"/>
                <Baseline points="1978,1498 2035,1495 2093,1498 2151,1496 2209,1498 2267,1498 2325,1499 2382,1500 2440,1498 2498,1498 2556,1498 2614,1498 2672,1498 2729,1498 2787,1498 2845,1498 2903,1498 2961,1498 3019,1498 3077,1495"/>
                <TextEquiv>
                    <Unicode>Und das Café Griensteidl? Die legendarische Kaffeehaus¬</Unicode>
                </TextEquiv>
            </TextLine>
            <TextLine id="tr_1_tl_74" custom="readingOrder {index:73;}">
                <Coords points="1181,1553 1212,1568 1249,1537 1537,1537 1537,1498 1510,1491 1436,1507 1412,1494 1344,1507 1326,1491 1304,1507 1283,1498 1249,1507 1231,1494 1215,1510 1181,1504"/>
                <Baseline points="1199,1531 1225,1529 1252,1529 1279,1530 1305,1531 1332,1531 1359,1529 1385,1529 1412,1531 1439,1531 1465,1531 1492,1531 1519,1531 1546,1531"/>
                <TextEquiv>
                    <Unicode>besonders vertraulich?</Unicode>
                </TextEquiv>
            </TextLine>
            <TextLine id="tr_1_tl_75" custom="readingOrder {index:74;}">
                <Coords points="1838,1550 1854,1550 1866,1562 1890,1556 1912,1562 1936,1553 1967,1559 2019,1547 2019,1510 1970,1510 1946,1485 1927,1488 1918,1498 1884,1494 1854,1470 1838,1470"/>
                <Baseline points="1856,1543 1883,1543 1911,1544 1939,1546 1967,1544 1995,1542 2023,1540"/>
                <TextEquiv>
                    <Unicode>literatur</Unicode>
                </TextEquiv>
            </TextLine>
            <TextLine id="tr_1_tl_76" custom="readingOrder {index:75;}">
                <Coords points="1224,1577 1301,1583 1347,1571 1378,1593 1415,1580 1430,1596 1448,1577 1488,1577 1522,1599 1547,1590 1547,1547 1519,1537 1224,1541"/>
                <Baseline points="1241,1570 1267,1570 1293,1570 1319,1570 1345,1570 1371,1570 1398,1572 1424,1573 1450,1571 1476,1570 1502,1570 1528,1569 1555,1567"/>
                <TextEquiv>
                    <Unicode>Vater Christinens</Unicode>
                </TextEquiv>
            </TextLine>
            <TextLine id="tr_1_tl_77" custom="readingOrder {index:76;}">
                <Coords points="764,1583 881,1599 918,1580 970,1605 1010,1602 1034,1580 1059,1602 1074,1587 1191,1593 1191,1525 1172,1522 1117,1525 1092,1544 1043,1519 1013,1534 964,1513 942,1528 875,1510 838,1537 764,1531"/>
                <Baseline points="782,1567 808,1569 834,1570 860,1570 886,1571 912,1573 938,1573 964,1573 990,1573 1016,1573 1042,1573 1068,1573 1094,1573 1120,1573 1146,1573 1172,1573 1199,1573"/>
                <TextEquiv>
                    <Unicode>Gütig verzeih'nder Cellist</Unicode>
                </TextEquiv>
            </TextLine>
            <TextLine id="tr_1_tl_78" custom="readingOrder {index:77;}">
                <Coords points="1952,1599 3072,1605 3072,1541 2826,1516 2765,1553 2283,1525 1952,1556"/>
                <Baseline points="1970,1590 2025,1593 2081,1594 2136,1594 2192,1593 2247,1593 2303,1594 2358,1596 2414,1596 2469,1593 2525,1596 2580,1596 2636,1596 2691,1596 2747,1593 2802,1593 2858,1596 2913,1596 2969,1596 3024,1596 3080,1596"/>
                <TextEquiv>
                    <Unicode>Bahr lächelt und Schnitzler greift in die Debatte ein.</Unicode>
                </TextEquiv>
            </TextLine>
            <TextLine id="tr_1_tl_79" custom="readingOrder {index:78;}">
                <Coords points="1185,1617 1246,1623 1264,1611 1283,1626 1310,1614 1326,1620 1335,1611 1350,1611 1350,1571 1335,1571 1320,1580 1307,1577 1292,1587 1267,1577 1255,1583 1215,1565 1185,1568"/>
                <Baseline points="1202,1611 1228,1611 1254,1611 1280,1610 1306,1608 1332,1608 1358,1608"/>
                <TextEquiv>
                    <Unicode>bist du's</Unicode>
                </TextEquiv>
            </TextLine>
            <TextLine id="tr_1_tl_80" custom="readingOrder {index:79;}">
                <Coords points="1841,1648 3072,1654 3072,1605 2995,1599 2041,1620 1841,1583"/>
                <Baseline points="1859,1644 1920,1641 1981,1643 2042,1641 2103,1644 2164,1644 2225,1644 2286,1644 2347,1644 2408,1644 2469,1644 2530,1644 2591,1644 2652,1644 2713,1644 2774,1644 2835,1644 2896,1647 2957,1644 3018,1644 3080,1644"/>
                <TextEquiv>
                    <Unicode>Der Eine erklärt, in seinem Leben nur zweimal mit Schnitzler</Unicode>
                </TextEquiv>
            </TextLine>
            <TextLine id="tr_1_tl_81" custom="readingOrder {index:80;}">
                <Coords points="767,1676 1583,1663 1583,1596 1550,1590 1224,1623 1111,1590 838,1617 767,1583"/>
                <Baseline points="785,1647 825,1647 865,1649 905,1650 946,1650 986,1650 1026,1650 1066,1650 1107,1650 1147,1650 1187,1649 1227,1650 1268,1650 1308,1650 1348,1647 1388,1649 1429,1647 1469,1648 1509,1649 1549,1647 1590,1644"/>
                <TextEquiv>
                    <Unicode>Und ein Zweiter! Ich kenn' dich, o weiser, be¬</Unicode>
                </TextEquiv>
            </TextLine>
            <TextLine id="tr_1_tl_82" custom="readingOrder {index:81;}">
                <Coords points="1188,1697 1252,1703 1264,1691 1310,1706 1347,1694 1412,1703 1445,1691 1479,1697 1482,1660 1412,1648 1393,1660 1366,1648 1341,1669 1270,1648 1258,1657 1191,1660"/>
                <Baseline points="1208,1689 1233,1689 1259,1689 1284,1689 1310,1689 1335,1688 1361,1686 1386,1686 1412,1686 1437,1686 1463,1686 1489,1686"/>
                <TextEquiv>
                    <Unicode>trogener Professor</Unicode>
                </TextEquiv>
            </TextLine>
            <TextLine id="tr_1_tl_83" custom="readingOrder {index:82;}">
                <Coords points="1838,1697 3066,1706 3032,1654 1838,1654"/>
                <Baseline points="1856,1692 1916,1690 1977,1692 2038,1692 2099,1692 2160,1692 2221,1695 2282,1695 2343,1695 2404,1693 2465,1695 2525,1692 2586,1697 2647,1693 2708,1692 2769,1692 2830,1692 2891,1692 2952,1694 3013,1692 3074,1692"/>
                <TextEquiv>
                    <Unicode>und Hofmannsthal zusammen in dem genannten Café gewesen</Unicode>
                </TextEquiv>
            </TextLine>
            <TextLine id="tr_1_tl_84" custom="readingOrder {index:83;}">
                <Coords points="764,1752 1590,1746 1568,1666 1320,1709 1092,1651 1043,1694 961,1703 764,1685"/>
                <Baseline points="782,1728 822,1728 863,1728 903,1728 944,1728 984,1728 1025,1728 1065,1728 1106,1729 1146,1731 1187,1728 1228,1728 1268,1728 1309,1728 1349,1728 1390,1728 1430,1726 1471,1725 1511,1725 1552,1725 1593,1728"/>
                <TextEquiv>
                    <Unicode>Dem so verspätet als milo eine Gefährtin</Unicode>
                </TextEquiv>
            </TextLine>
            <TextLine id="tr_1_tl_85" custom="readingOrder {index:84;}">
                <Coords points="1838,1746 3066,1755 3066,1703 2912,1694 1838,1703"/>
                <Baseline points="1856,1743 1916,1740 1977,1740 2038,1740 2099,1740 2160,1740 2221,1740 2282,1743 2343,1743 2404,1742 2465,1740 2525,1740 2586,1741 2647,1743 2708,1743 2769,1742 2830,1742 2891,1740 2952,1741 3013,1743 3074,1743"/>
                <TextEquiv>
                    <Unicode>zu sein, der Zweite ist geärgert darüber, daß man noch immer</Unicode>
                </TextEquiv>
            </TextLine>
            <TextLine id="tr_1_tl_86" custom="readingOrder {index:85;}">
                <Coords points="1181,1774 1197,1774 1203,1780 1209,1774 1237,1774 1255,1786 1274,1774 1301,1771 1304,1740 1280,1740 1274,1734 1243,1740 1231,1734 1185,1737"/>
                <Baseline points="1202,1770 1229,1770 1257,1769 1285,1767 1313,1770"/>
                <TextEquiv>
                    <Unicode>erschien</Unicode>
                </TextEquiv>
            </TextLine>
            <TextLine id="tr_1_tl_87" custom="readingOrder {index:86;}">
                <Coords points="1841,1795 3066,1801 3066,1758 2958,1746 1841,1749"/>
                <Baseline points="1859,1787 1919,1787 1980,1787 2040,1787 2101,1787 2162,1787 2222,1787 2283,1788 2343,1790 2404,1790 2465,1790 2525,1790 2586,1788 2646,1790 2707,1790 2768,1790 2828,1790 2889,1790 2949,1790 3010,1790 3071,1790"/>
                <TextEquiv>
                    <Unicode>in „trefflich" informirten Zeitschriften von ihm als Kaffeehausdichter</Unicode>
                </TextEquiv>
            </TextLine>
            <TextLine id="tr_1_tl_88" custom="readingOrder {index:87;}">
                <Coords points="764,1811 1120,1844 1261,1807 1583,1823 1583,1771 1467,1737 1261,1786 1114,1740 1034,1768 764,1752"/>
                <Baseline points="782,1802 822,1805 862,1805 903,1805 943,1805 984,1807 1024,1808 1064,1808 1105,1808 1145,1808 1186,1805 1226,1808 1266,1806 1307,1805 1347,1805 1388,1805 1428,1804 1468,1802 1509,1802 1549,1802 1590,1802"/>
                <TextEquiv>
                    <Unicode>Und auch du bist zur Stell, Komödiant aus ver¬</Unicode>
                </TextEquiv>
            </TextLine>
            <TextLine id="tr_1_tl_89" custom="readingOrder {index:88;}">
                <Coords points="1847,1847 3072,1847 3072,1795 1847,1795"/>
                <Baseline points="1865,1835 1925,1835 1986,1835 2046,1835 2107,1836 2168,1838 2228,1838 2289,1838 2349,1838 2410,1838 2471,1838 2531,1838 2592,1838 2652,1838 2713,1838 2774,1839 2834,1839 2895,1838 2955,1838 3016,1838 3077,1838"/>
                <TextEquiv>
                    <Unicode>spricht. Und ich entnehme den Ausführungen Folgendes: Das</Unicode>
                </TextEquiv>
            </TextLine>
            <TextLine id="tr_1_tl_90" custom="readingOrder {index:89;}">
                <Coords points="1185,1857 1218,1854 1246,1869 1270,1850 1286,1860 1479,1850 1479,1811 1448,1804 1436,1814 1372,1811 1344,1823 1283,1811 1185,1814"/>
                <Baseline points="1202,1847 1227,1845 1253,1844 1279,1844 1305,1845 1331,1847 1356,1846 1382,1844 1408,1844 1434,1844 1460,1844 1486,1847"/>
                <TextEquiv>
                    <Unicode>dächtiger Schänke</Unicode>
                </TextEquiv>
            </TextLine>
            <TextLine id="tr_1_tl_91" custom="readingOrder {index:90;}">
                <Coords points="764,1912 1596,1896 1596,1835 1565,1829 1252,1866 1166,1826 1102,1850 945,1814 764,1860"/>
                <Baseline points="782,1883 823,1883 864,1883 905,1883 946,1883 987,1884 1028,1886 1069,1886 1110,1886 1151,1886 1192,1886 1233,1886 1274,1886 1315,1886 1356,1885 1397,1883 1438,1882 1479,1881 1520,1883 1561,1883 1602,1880"/>
                <TextEquiv>
                    <Unicode>Dem aus pathetischem Trug ahnungsvoll Wahrheit</Unicode>
                </TextEquiv>
            </TextLine>
            <TextLine id="tr_1_tl_92" custom="readingOrder {index:91;}">
                <Coords points="1838,1890 3069,1893 3050,1844 1838,1854"/>
                <Baseline points="1856,1883 1917,1883 1978,1883 2039,1883 2100,1886 2161,1886 2222,1886 2283,1886 2344,1889 2405,1886 2466,1888 2527,1889 2588,1889 2649,1887 2710,1886 2771,1886 2832,1886 2893,1886 2954,1888 3015,1886 3077,1889"/>
                <TextEquiv>
                    <Unicode>mit dem Café Griensteidl und den großen Schlagworten, die</Unicode>
                </TextEquiv>
            </TextLine>
            <TextLine id="tr_1_tl_93" custom="readingOrder {index:92;}">
                <Coords points="1191,1939 1212,1939 1228,1930 1246,1930 1255,1936 1280,1933 1289,1927 1316,1930 1316,1896 1301,1896 1295,1890 1264,1900 1258,1893 1255,1896 1240,1887 1218,1903 1191,1900"/>
                <Baseline points="1208,1925 1237,1922 1266,1922 1295,1922 1325,1922"/>
                <TextEquiv>
                    <Unicode>erstund</Unicode>
                </TextEquiv>
            </TextLine>
            <TextLine id="tr_1_tl_94" custom="readingOrder {index:93;}">
                <Coords points="1844,1946 3069,1946 3066,1896 1841,1893"/>
                <Baseline points="1862,1931 1922,1932 1983,1934 2044,1934 2105,1934 2165,1934 2226,1937 2287,1934 2348,1934 2408,1935 2469,1935 2530,1934 2591,1935 2651,1937 2712,1934 2773,1934 2834,1934 2894,1937 2955,1936 3016,1936 3077,1937"/>
                <TextEquiv>
                    <Unicode>dort von Bahr ausgegeben worden sein sollen, ist Erfindung und</Unicode>
                </TextEquiv>
            </TextLine>
            <TextLine id="tr_1_tl_95" custom="readingOrder {index:94;}">
                <Coords points="770,1998 881,1970 1142,1995 1218,1964 1596,1998 1596,1921 1528,1893 1209,1939 1169,1903 1065,1927 770,1906"/>
                <Baseline points="788,1961 828,1961 869,1963 909,1962 950,1963 990,1964 1031,1964 1071,1964 1112,1964 1152,1964 1193,1961 1234,1958 1274,1961 1315,1961 1355,1961 1396,1961 1436,1961 1477,1961 1517,1961 1558,1961 1599,1961"/>
                <TextEquiv>
                    <Unicode>Dank euch Drein für den Gruß! Und nun gesellt</Unicode>
                </TextEquiv>
            </TextLine>
            <TextLine id="tr_1_tl_96" custom="readingOrder {index:95;}">
                <Coords points="1844,1989 3063,1992 3063,1943 1844,1943"/>
                <Baseline points="1862,1978 1922,1981 1982,1981 2043,1981 2103,1981 2164,1983 2224,1984 2285,1984 2345,1984 2406,1984 2466,1985 2526,1985 2587,1984 2647,1982 2708,1981 2768,1984 2829,1984 2889,1984 2950,1984 3010,1984 3071,1984"/>
                <TextEquiv>
                    <Unicode>Eselei. Aber Bahr amüsirt sich darüber, daß die Legende noch</Unicode>
                </TextEquiv>
            </TextLine>
            <TextLine id="tr_1_tl_97" custom="readingOrder {index:96;}">
                <Coords points="1188,2010 1237,2019 1274,2007 1338,2016 1353,2001 1378,2013 1467,2007 1467,1970 1350,1970 1338,1979 1295,1970 1264,1976 1249,1967 1234,1979 1221,1967 1188,1976"/>
                <Baseline points="1205,1999 1231,2001 1258,2001 1285,2000 1312,1999 1339,1999 1366,1999 1393,1999 1420,1999 1447,2000 1474,2002"/>
                <TextEquiv>
                    <Unicode>euch den andern,</Unicode>
                </TextEquiv>
            </TextLine>
            <TextLine id="tr_1_tl_98" custom="readingOrder {index:97;}">
                <Coords points="1847,2038 3066,2044 3066,1992 2983,1982 2780,2013 1847,1989"/>
                <Baseline points="1865,2032 1925,2029 1985,2029 2046,2032 2106,2032 2167,2030 2227,2029 2288,2030 2348,2032 2409,2032 2469,2033 2529,2033 2590,2032 2650,2032 2711,2032 2771,2032 2832,2032 2892,2032 2953,2032 3013,2032 3074,2029"/>
                <TextEquiv>
                    <Unicode>heute erhalten ist. Er will Mode gemacht haben vor Jahren in</Unicode>
                </TextEquiv>
            </TextLine>
            <TextLine id="tr_1_tl_99" custom="readingOrder {index:98;}">
                <Coords points="764,2053 1599,2056 1599,1979 1234,2022 1163,1992 764,1989"/>
                <Baseline points="782,2038 823,2041 864,2041 905,2041 946,2041 987,2041 1028,2041 1070,2041 1111,2041 1152,2041 1193,2041 1234,2041 1275,2041 1316,2041 1358,2038 1399,2038 1440,2038 1481,2038 1522,2038 1563,2038 1605,2038"/>
                <TextEquiv>
                    <Unicode>Die sich in festlichem Gang nah'n dem begnadeten</Unicode>
                </TextEquiv>
            </TextLine>
            <TextLine id="tr_1_tl_100" custom="readingOrder {index:99;}">
                <Coords points="1181,2084 1200,2084 1224,2096 1237,2090 1252,2093 1264,2102 1277,2090 1292,2090 1289,2047 1270,2050 1243,2047 1237,2053 1218,2050 1212,2056 1200,2053 1178,2056"/>
                <Baseline points="1199,2077 1224,2079 1250,2080 1275,2080 1301,2080"/>
                <TextEquiv>
                    <Unicode>Haus</Unicode>
                </TextEquiv>
            </TextLine>
            <TextLine id="tr_1_tl_101" custom="readingOrder {index:100;}">
                <Coords points="1838,2084 3056,2090 3014,2038 1838,2044"/>
                <Baseline points="1856,2077 1916,2078 1976,2080 2037,2080 2097,2080 2158,2080 2218,2080 2279,2082 2339,2080 2400,2080 2460,2083 2520,2083 2581,2082 2641,2080 2702,2080 2762,2079 2823,2079 2883,2080 2944,2080 3004,2080 3065,2080"/>
                <TextEquiv>
                    <Unicode>Berlin, als er, Tovote und Holz einen neuen Stil creirten</Unicode>
                </TextEquiv>
            </TextLine>
            <TextLine id="tr_1_tl_102" custom="readingOrder {index:101;}">
                <Coords points="767,2151 1593,2124 1593,2068 1556,2053 1418,2047 1267,2096 1099,2062 767,2065"/>
                <Baseline points="785,2116 825,2119 866,2119 907,2121 947,2120 988,2119 1029,2119 1069,2119 1110,2119 1151,2117 1192,2117 1232,2119 1273,2119 1314,2116 1354,2116 1395,2119 1436,2117 1476,2116 1517,2116 1558,2117 1599,2116"/>
                <TextEquiv>
                    <Unicode>Oeffnet sich aber das Tor, so neiget euch tief</Unicode>
                </TextEquiv>
            </TextLine>
            <TextLine id="tr_1_tl_103" custom="readingOrder {index:102;}">
                <Coords points="1838,2148 3069,2139 3069,2093 2915,2081 1838,2084"/>
                <Baseline points="1856,2128 1917,2128 1978,2128 2039,2128 2100,2128 2161,2128 2222,2128 2283,2130 2344,2128 2405,2128 2466,2130 2527,2128 2588,2128 2649,2128 2710,2131 2771,2128 2832,2130 2893,2131 2954,2131 3015,2131 3077,2128"/>
                <TextEquiv>
                    <Unicode>Damals liebte er die kurzen Sätze, die Gedanken mußten knapper</Unicode>
                </TextEquiv>
            </TextLine>
            <TextLine id="tr_1_tl_104" custom="readingOrder {index:103;}">
                <Coords points="1188,2163 1270,2173 1313,2163 1332,2170 1347,2157 1369,2167 1479,2167 1479,2127 1445,2127 1436,2117 1399,2130 1289,2130 1274,2121 1258,2133 1188,2127"/>
                <Baseline points="1205,2158 1230,2158 1256,2158 1281,2158 1307,2157 1332,2156 1358,2155 1383,2155 1409,2157 1434,2158 1460,2160 1486,2158"/>
                <TextEquiv>
                    <Unicode>vor dem Meister,</Unicode>
                </TextEquiv>
            </TextLine>
            <TextLine id="tr_1_tl_105" custom="readingOrder {index:104;}">
                <Coords points="1838,2182 3050,2188 3050,2139 2925,2133 1838,2145"/>
                <Baseline points="1856,2181 1916,2178 1976,2176 2036,2176 2096,2177 2156,2176 2216,2178 2277,2177 2337,2178 2397,2178 2457,2178 2517,2176 2577,2176 2637,2178 2698,2178 2758,2178 2818,2178 2878,2178 2938,2178 2998,2178 3059,2178"/>
                <TextEquiv>
                    <Unicode>präcisirt sein, die durchwachten Nächte trugen auch Schuld daran</Unicode>
                </TextEquiv>
            </TextLine>
            <TextLine id="tr_1_tl_106" custom="readingOrder {index:105;}">
                <Coords points="767,2203 1593,2213 1593,2145 1559,2127 1479,2170 1270,2176 1028,2130 767,2157"/>
                <Baseline points="785,2196 825,2196 866,2196 907,2196 947,2196 988,2196 1029,2196 1069,2196 1110,2196 1151,2196 1192,2196 1232,2196 1273,2196 1314,2194 1354,2193 1395,2195 1436,2196 1476,2196 1517,2195 1558,2194 1599,2196"/>
                <TextEquiv>
                    <Unicode>Der in euch alle zuerst Atem des Lebens gehaucht.</Unicode>
                </TextEquiv>
            </TextLine>
            <TextLine id="tr_1_tl_107" custom="readingOrder {index:106;}">
                <Coords points="1832,2228 3060,2240 3060,2188 1832,2197"/>
                <Baseline points="1850,2223 1910,2224 1971,2226 2032,2223 2093,2226 2154,2226 2215,2226 2276,2226 2337,2226 2398,2226 2459,2226 2519,2226 2580,2224 2641,2224 2702,2226 2763,2226 2824,2226 2885,2226 2946,2226 3007,2226 3068,2223"/>
                <TextEquiv>
                    <Unicode>And Andere machtens ihm nach. Heute ist das anders, er ertappt</Unicode>
                </TextEquiv>
            </TextLine>
            <TextLine id="tr_1_tl_108" custom="readingOrder {index:107;}">
                <Coords points="1844,2283 3056,2292 3056,2240 2885,2228 2440,2256 1844,2225"/>
                <Baseline points="1862,2274 1922,2274 1982,2276 2042,2274 2102,2274 2162,2274 2222,2274 2283,2274 2343,2276 2403,2274 2463,2274 2523,2274 2583,2274 2643,2274 2704,2274 2764,2274 2824,2275 2884,2275 2944,2274 3004,2274 3065,2274"/>
                <TextEquiv>
                    <Unicode>sich auf langwierigen Perioden und bringt das mit seiner ver¬</Unicode>
                </TextEquiv>
            </TextLine>
            <TextLine id="tr_1_tl_109" custom="readingOrder {index:108;}">
                <Coords points="1847,2332 3063,2354 3032,2286 1847,2286"/>
                <Baseline points="1865,2325 1925,2322 1985,2322 2045,2322 2106,2323 2166,2323 2226,2322 2287,2325 2347,2325 2407,2325 2468,2322 2528,2322 2588,2322 2648,2324 2709,2325 2769,2324 2829,2324 2890,2325 2950,2326 3010,2326 3071,2325"/>
                <TextEquiv>
                    <Unicode>änderten Herzthätigkeit, mit Vielschreiberei und Lectüre zu¬</Unicode>
                </TextEquiv>
            </TextLine>
            <TextLine id="tr_1_tl_110" custom="readingOrder {index:109;}">
                <Coords points="666,2363 687,2360 700,2372 733,2351 755,2360 801,2351 798,2277 783,2277 767,2292 730,2271 721,2283 706,2277 684,2298 660,2298"/>
                <Baseline points="680,2331 705,2335 731,2338 756,2339 782,2340 808,2340"/>
                <TextEquiv>
                    <Unicode></Unicode>
                </TextEquiv>
            </TextLine>
            <TextLine id="tr_1_tl_111" custom="readingOrder {index:110;}">
                <Coords points="1847,2400 1881,2391 1903,2409 1915,2403 1936,2406 1967,2381 2013,2378 2013,2338 1995,2341 1936,2329 1915,2341 1893,2341 1881,2332 1847,2329"/>
                <Baseline points="1865,2375 1890,2373 1915,2373 1941,2372 1966,2370 1991,2370 2017,2370"/>
                <TextEquiv>
                    <Unicode>sammen.</Unicode>
                </TextEquiv>
            </TextLine>
            <TextLine id="tr_1_tl_112" custom="readingOrder {index:111;}">
                <Coords points="832,2415 884,2391 1228,2406 1264,2384 1344,2409 1415,2381 1565,2384 1565,2302 1531,2286 1347,2289 1323,2311 1142,2289 1086,2314 832,2292"/>
                <Baseline points="850,2364 886,2369 922,2370 958,2371 994,2373 1030,2373 1066,2373 1103,2373 1139,2373 1175,2373 1211,2373 1247,2373 1283,2373 1319,2374 1356,2374 1392,2373 1428,2375 1464,2374 1500,2371 1536,2372 1573,2375"/>
                <TextEquiv>
                    <Unicode>Wiener Portrats.</Unicode>
                </TextEquiv>
            </TextLine>
            <TextLine id="tr_1_tl_113" custom="readingOrder {index:112;}">
                <Coords points="1961,2430 2154,2464 2464,2424 2516,2458 2581,2424 3066,2455 3063,2357 1961,2381"/>
                <Baseline points="1978,2417 2032,2418 2087,2420 2142,2420 2197,2420 2252,2420 2306,2420 2361,2420 2416,2420 2471,2420 2526,2420 2580,2420 2635,2420 2690,2420 2745,2420 2800,2422 2854,2420 2909,2420 2964,2423 3019,2423 3074,2426"/>
                <TextEquiv>
                    <Unicode>Wir kommen auf Kritik und ihren Einfluß auf den schaffenden</Unicode>
                </TextEquiv>
            </TextLine>
            <TextLine id="tr_1_tl_114" custom="readingOrder {index:113;}">
                <Coords points="1139,2467 1240,2464 1249,2455 1267,2458 1274,2452 1292,2452 1292,2394 1277,2394 1267,2384 1228,2406 1203,2400 1188,2387 1181,2394 1160,2391 1139,2397"/>
                <Baseline points="1155,2438 1184,2440 1213,2441 1242,2441 1271,2441 1301,2441"/>
                <TextEquiv>
                    <Unicode>XLVI.</Unicode>
                </TextEquiv>
            </TextLine>
            <TextLine id="tr_1_tl_115" custom="readingOrder {index:114;}">
                <Coords points="1838,2498 1936,2504 1973,2476 2019,2476 2022,2427 2001,2434 1961,2418 1918,2427 1878,2400 1841,2400"/>
                <Baseline points="1856,2471 1883,2471 1911,2470 1939,2468 1967,2468 1995,2468 2023,2471"/>
                <TextEquiv>
                    <Unicode>Künstler.</Unicode>
                </TextEquiv>
            </TextLine>
            <TextLine id="tr_1_tl_116" custom="readingOrder {index:115;}">
                <Coords points="1455,2516 1482,2516 1494,2504 1504,2510 1541,2489 1593,2519 1617,2519 1636,2504 1669,2504 1672,2406 1611,2403 1590,2415 1571,2403 1547,2424 1531,2424 1501,2397 1461,2400"/>
                <Baseline points="1474,2480 1499,2483 1524,2480 1550,2477 1575,2479 1600,2479 1626,2477 1651,2476 1677,2474"/>
                <TextEquiv>
                    <Unicode></Unicode>
                </TextEquiv>
            </TextLine>
            <TextLine id="tr_1_tl_117" custom="readingOrder {index:116;}">
                <Coords points="1003,2501 1053,2523 1065,2510 1086,2523 1243,2516 1261,2501 1295,2523 1316,2510 1375,2526 1421,2516 1421,2427 1393,2440 1366,2427 1335,2455 1301,2446 1197,2467 1062,2449 1003,2470"/>
                <Baseline points="1020,2495 1045,2497 1071,2498 1096,2500 1122,2501 1147,2501 1173,2501 1198,2501 1224,2501 1250,2501 1275,2501 1301,2501 1326,2501 1352,2501 1377,2501 1403,2501 1429,2501"/>
                <TextEquiv>
                    <Unicode>Hermann Bahr.</Unicode>
                </TextEquiv>
            </TextLine>
            <TextLine id="tr_1_tl_118" custom="readingOrder {index:117;}">
                <Coords points="1952,2529 3069,2535 3069,2470 2909,2449 2753,2489 2679,2452 2492,2476 2280,2443 1952,2486"/>
                <Baseline points="1970,2516 2025,2517 2080,2519 2135,2519 2190,2519 2246,2519 2301,2519 2356,2519 2411,2519 2466,2519 2522,2518 2577,2518 2632,2519 2687,2519 2742,2520 2798,2520 2853,2521 2908,2522 2963,2522 3018,2522 3074,2522"/>
                <TextEquiv>
                    <Unicode>Bahr gibt seine Ansicht kund, die dahin geht, daß der</Unicode>
                </TextEquiv>
            </TextLine>
            <TextLine id="tr_1_tl_119" custom="readingOrder {index:118;}">
                <Coords points="724,2572 3063,2581 3063,2535 2980,2519 724,2510"/>
                <Baseline points="740,2555 856,2558 973,2560 1089,2561 1206,2561 1322,2558 1439,2561 1555,2561 1672,2561 1788,2564 1905,2567 2022,2567 2138,2567 2255,2567 2371,2568 2488,2569 2604,2567 2721,2568 2837,2567 2954,2568 3071,2567"/>
                <TextEquiv>
                    <Unicode>Schleierumhüllt liegt die Stadt noch im halben Winter= Kritiker lediglich fürs Publi um sein Amt ausübt. Belehrung der</Unicode>
                </TextEquiv>
            </TextLine>
            <TextLine id="tr_1_tl_120" custom="readingOrder {index:119;}">
                <Coords points="605,2618 3066,2627 3066,2581 2799,2565 2280,2596 605,2553"/>
                <Baseline points="620,2605 742,2606 865,2606 988,2608 1110,2608 1233,2609 1356,2608 1478,2611 1601,2611 1724,2611 1847,2616 1969,2614 2092,2616 2215,2615 2337,2617 2460,2614 2583,2614 2705,2614 2828,2617 2951,2617 3074,2620"/>
                <TextEquiv>
                    <Unicode>schlaf, und draußen auf den freieren Höhen pocht der Frühling Leute ist seine Mission, für den Künstler ist sie bedeutungslos.</Unicode>
                </TextEquiv>
            </TextLine>
            <TextLine id="tr_1_tl_121" custom="readingOrder {index:120;}">
                <Coords points="608,2667 3066,2676 3066,2624 2728,2615 608,2621"/>
                <Baseline points="626,2653 748,2656 870,2654 993,2657 1115,2659 1238,2656 1360,2656 1482,2656 1605,2659 1727,2659 1850,2661 1972,2663 2094,2667 2217,2665 2339,2665 2462,2665 2584,2665 2706,2665 2829,2665 2951,2666 3074,2668"/>
                <TextEquiv>
                    <Unicode>schon an die Thore. Da liegt der Garten in der jungfräulichen Denn Bahr glaubt nicht, daß der Künstler durch das Wort des</Unicode>
                </TextEquiv>
            </TextLine>
            <TextLine id="tr_1_tl_122" custom="readingOrder {index:121;}">
                <Coords points="608,2713 1817,2725 1817,2676 1771,2667 608,2667"/>
                <Baseline points="623,2704 683,2703 743,2704 803,2703 863,2703 923,2704 983,2704 1043,2704 1103,2704 1163,2706 1223,2704 1283,2704 1343,2707 1403,2705 1463,2707 1523,2707 1583,2709 1643,2710 1703,2708 1763,2710 1823,2701"/>
                <TextEquiv>
                    <Unicode>Pracht des Werdens, die Stöcke noch vom Reif umfangen, de</Unicode>
                </TextEquiv>
            </TextLine>
            <TextLine id="tr_1_tl_123" custom="readingOrder {index:122;}">
                <Coords points="1838,2731 3063,2737 3063,2676 2986,2670 1838,2673"/>
                <Baseline points="1856,2713 1916,2713 1977,2711 2038,2713 2099,2713 2159,2713 2220,2713 2281,2716 2342,2716 2402,2713 2463,2713 2524,2713 2585,2713 2645,2715 2706,2716 2767,2716 2828,2716 2888,2719 2949,2716 3010,2716 3071,2713"/>
                <TextEquiv>
                    <Unicode>Tadels oder des Lobes ein Anderer werden kann, und gerade so</Unicode>
                </TextEquiv>
            </TextLine>
            <TextLine id="tr_1_tl_124" custom="readingOrder {index:123;}">
                <Coords points="605,2762 2191,2771 2188,2725 2093,2716 605,2713"/>
                <Baseline points="620,2749 698,2752 777,2752 856,2752 935,2752 1014,2752 1092,2755 1171,2753 1250,2755 1329,2753 1408,2757 1486,2755 1565,2755 1644,2755 1723,2757 1802,2758 1880,2761 1959,2761 2038,2761 2117,2761 2196,2761"/>
                <TextEquiv>
                    <Unicode>Rasen aber schon fett und locker und erdig duftend. Ein letzter wenig der Dichter.</Unicode>
                </TextEquiv>
            </TextLine>
            <TextLine id="tr_1_tl_125" custom="readingOrder {index:124;}">
                <Coords points="611,2817 1823,2826 1823,2765 611,2762"/>
                <Baseline points="629,2799 689,2799 749,2799 809,2799 869,2799 929,2799 989,2802 1050,2802 1110,2802 1170,2802 1230,2802 1290,2802 1350,2802 1410,2802 1471,2804 1531,2802 1591,2805 1651,2807 1711,2805 1771,2805 1832,2802"/>
                <TextEquiv>
                    <Unicode>Sonnentag und die Keime tauchen empor ans Licht zur Auf¬</Unicode>
                </TextEquiv>
            </TextLine>
            <TextLine id="tr_1_tl_126" custom="readingOrder {index:125;}">
                <Coords points="1949,2842 1992,2817 2421,2817 2480,2851 2526,2820 2654,2848 2811,2823 2811,2756 2728,2747 1949,2774"/>
                <Baseline points="1964,2817 2006,2812 2049,2811 2092,2811 2135,2811 2178,2811 2220,2811 2263,2811 2306,2811 2349,2811 2392,2811 2434,2812 2477,2813 2520,2811 2563,2811 2606,2811 2648,2811 2691,2811 2734,2811 2777,2811 2820,2811"/>
                <TextEquiv>
                    <Unicode>„Die schlechte Kritik hat also keinen Einfluß?</Unicode>
                </TextEquiv>
            </TextLine>
            <TextLine id="tr_1_tl_127" custom="readingOrder {index:126;}">
                <Coords points="608,2857 1626,2875 1826,2863 1823,2817 605,2817"/>
                <Baseline points="626,2850 686,2848 746,2850 807,2847 867,2845 928,2849 988,2850 1049,2851 1109,2851 1170,2853 1230,2853 1290,2851 1351,2853 1411,2853 1472,2853 1532,2853 1593,2855 1653,2856 1714,2856 1774,2856 1835,2856"/>
                <TextEquiv>
                    <Unicode>erstehung. — Ein Haus, eigenartig und sonderbar, paßt mit der</Unicode>
                </TextEquiv>
            </TextLine>
            <TextLine id="tr_1_tl_128" custom="readingOrder {index:127;}">
                <Coords points="1949,2872 2421,2869 2421,2817 2102,2829 1998,2814 1949,2839"/>
                <Baseline points="1964,2865 1989,2861 2015,2860 2041,2858 2067,2856 2093,2857 2119,2859 2144,2859 2170,2859 2196,2859 2222,2859 2248,2859 2274,2859 2299,2859 2325,2861 2351,2861 2377,2859 2403,2855 2429,2850"/>
                <TextEquiv>
                    <Unicode>„Auf den Künstler nicht!</Unicode>
                </TextEquiv>
            </TextLine>
            <TextLine id="tr_1_tl_129" custom="readingOrder {index:128;}">
                <Coords points="605,2906 1829,2918 1829,2866 1761,2857 605,2857"/>
                <Baseline points="620,2898 680,2898 741,2898 802,2898 863,2898 923,2898 984,2898 1045,2899 1106,2898 1166,2901 1227,2899 1288,2901 1349,2901 1409,2901 1470,2898 1531,2901 1592,2903 1652,2904 1713,2904 1774,2904 1835,2904"/>
                <TextEquiv>
                    <Unicode>Nüchternheit der Mauern, mit den Fenstern, die wie aufgerissene</Unicode>
                </TextEquiv>
            </TextLine>
            <TextLine id="tr_1_tl_130" custom="readingOrder {index:129;}">
                <Coords points="1949,2918 2335,2909 2492,2946 2572,2915 2823,2915 2823,2854 2734,2842 2544,2860 2513,2832 2378,2878 1949,2872"/>
                <Baseline points="1964,2913 2007,2908 2050,2907 2094,2907 2137,2907 2181,2907 2224,2907 2267,2907 2311,2908 2354,2910 2398,2910 2441,2911 2484,2913 2528,2913 2571,2913 2615,2913 2658,2910 2701,2910 2745,2910 2788,2907 2832,2901"/>
                <TextEquiv>
                    <Unicode>„Doch," unterbricht Schnitzler, „er giftet sich."</Unicode>
                </TextEquiv>
            </TextLine>
            <TextLine id="tr_1_tl_131" custom="readingOrder {index:130;}">
                <Coords points="605,2961 1593,2964 1593,2909 1528,2903 605,2909"/>
                <Baseline points="620,2946 671,2946 723,2945 774,2944 826,2944 877,2945 929,2946 980,2946 1032,2947 1083,2949 1135,2949 1186,2949 1238,2949 1289,2949 1341,2949 1392,2949 1444,2949 1495,2949 1547,2949 1599,2952"/>
                <TextEquiv>
                    <Unicode>Mäuler aussehen, nicht recht in die herbe Landschaft.</Unicode>
                </TextEquiv>
            </TextLine>
            <TextLine id="tr_1_tl_132" custom="readingOrder {index:131;}">
                <Coords points="1949,2964 3060,2992 3060,2897 2535,2937 1949,2918"/>
                <Baseline points="1964,2955 2019,2955 2074,2955 2129,2955 2184,2955 2240,2958 2295,2958 2350,2958 2405,2958 2460,2958 2516,2958 2571,2958 2626,2958 2681,2958 2736,2961 2792,2961 2847,2961 2902,2961 2957,2961 3012,2961 3068,2961"/>
                <TextEquiv>
                    <Unicode>Und wir sind nun mitten im Thema: Ungerechte, persönliche</Unicode>
                </TextEquiv>
            </TextLine>
            <TextLine id="tr_1_tl_133" custom="readingOrder {index:132;}">
                <Coords points="721,3007 2593,3023 2593,2967 1976,2974 1857,2918 1599,2971 721,2955"/>
                <Baseline points="737,2996 830,2996 923,2996 1016,2996 1110,2996 1203,2999 1296,2998 1389,2999 1483,2999 1576,2999 1669,2999 1762,3002 1856,3002 1949,3002 2042,3005 2135,3005 2229,3006 2322,3006 2415,3008 2508,3005 2602,3002"/>
                <TextEquiv>
                    <Unicode>Nur ein Marillenbaum hat seine Blüthenpracht entfaltet und Beurtheilung, Verrohung der Theaterkritik.</Unicode>
                </TextEquiv>
            </TextLine>
            <TextLine id="tr_1_tl_134" custom="readingOrder {index:133;}">
                <Coords points="601,3056 1820,3063 1820,3010 1749,3004 733,3017 601,2977"/>
                <Baseline points="617,3047 677,3044 737,3044 798,3041 858,3044 919,3044 979,3044 1040,3045 1100,3045 1161,3044 1221,3044 1281,3044 1342,3045 1402,3047 1463,3044 1523,3047 1584,3049 1644,3050 1705,3050 1765,3052 1826,3056"/>
                <TextEquiv>
                    <Unicode>grüßt mit den bestreuten Zweigen. Es ist schier unangenehm, daß</Unicode>
                </TextEquiv>
            </TextLine>
            <TextLine id="tr_1_tl_135" custom="readingOrder {index:134;}">
                <Coords points="1949,3056 3066,3066 3066,2995 2949,2983 2842,3017 1949,3017"/>
                <Baseline points="1967,3053 2022,3050 2077,3051 2132,3053 2187,3053 2243,3053 2298,3054 2353,3056 2408,3056 2463,3056 2519,3055 2574,3055 2629,3054 2684,3053 2739,3056 2795,3056 2850,3056 2905,3056 2960,3056 3015,3056 3071,3053"/>
                <TextEquiv>
                    <Unicode>Bahr mag die Kritik nicht, die persönlich wird und hat den</Unicode>
                </TextEquiv>
            </TextLine>
            <TextLine id="tr_1_tl_136" custom="readingOrder {index:135;}">
                <Coords points="605,3103 1820,3109 1820,3063 1746,3050 605,3060"/>
                <Baseline points="620,3092 680,3092 740,3092 800,3092 861,3092 921,3092 981,3092 1042,3093 1102,3095 1162,3095 1223,3095 1283,3095 1343,3095 1403,3095 1464,3095 1524,3096 1584,3098 1645,3098 1705,3098 1765,3098 1826,3101"/>
                <TextEquiv>
                    <Unicode>die Natur sich nicht dazu verstehen will, einem modernen Haus</Unicode>
                </TextEquiv>
            </TextLine>
            <TextLine id="tr_1_tl_137" custom="readingOrder {index:136;}">
                <Coords points="1844,3109 3056,3112 3056,3069 2992,3056 1844,3053"/>
                <Baseline points="1862,3098 1922,3101 1982,3101 2042,3099 2102,3101 2162,3102 2222,3102 2283,3101 2343,3104 2403,3102 2463,3104 2523,3103 2583,3104 2643,3103 2704,3103 2764,3104 2824,3106 2884,3104 2944,3107 3004,3106 3065,3104"/>
                <TextEquiv>
                    <Unicode>Stachel selbst empfunden, als man beispielsweise nach seinem</Unicode>
                </TextEquiv>
            </TextLine>
            <TextLine id="tr_1_tl_138" custom="readingOrder {index:137;}">
                <Coords points="605,3149 2001,3179 2001,3109 605,3103"/>
                <Baseline points="620,3137 689,3140 758,3140 828,3140 897,3140 967,3142 1036,3146 1105,3144 1175,3143 1244,3143 1314,3143 1383,3143 1452,3146 1522,3146 1591,3148 1661,3149 1730,3149 1799,3148 1869,3151 1938,3151 2008,3152"/>
                <TextEquiv>
                    <Unicode>die richtige Stimmung zu geben, die Blüthen sollten größer, die „Apostel</Unicode>
                </TextEquiv>
            </TextLine>
            <TextLine id="tr_1_tl_139" custom="readingOrder {index:138;}">
                <Coords points="2038,3176 3063,3161 3063,3115 2940,3106 2038,3109"/>
                <Baseline points="2056,3152 2106,3149 2157,3150 2207,3151 2258,3149 2309,3151 2359,3152 2410,3149 2460,3152 2511,3152 2562,3150 2612,3152 2663,3150 2713,3151 2764,3152 2815,3152 2865,3152 2916,3152 2966,3152 3017,3152 3068,3155"/>
                <TextEquiv>
                    <Unicode>schrieb: „Der Dichter, der eine Villa in Ober=St. Veit</Unicode>
                </TextEquiv>
            </TextLine>
            <TextLine id="tr_1_tl_140" custom="readingOrder {index:139;}">
                <Coords points="608,3219 697,3225 749,3198 776,3210 1065,3204 1065,3158 1031,3145 1013,3161 841,3149 752,3164 608,3149"/>
                <Baseline points="626,3193 652,3191 678,3190 704,3190 730,3189 756,3187 783,3187 809,3187 835,3189 861,3190 887,3190 913,3189 940,3187 966,3187 992,3188 1018,3189 1044,3190 1071,3190"/>
                <TextEquiv>
                    <Unicode>Zweige geradliniger sein.</Unicode>
                </TextEquiv>
            </TextLine>
            <TextLine id="tr_1_tl_141" custom="readingOrder {index:140;}">
                <Coords points="1838,3207 1881,3207 1906,3219 1933,3204 1961,3207 1979,3201 1979,3170 1955,3173 1943,3161 1927,3164 1903,3155 1872,3164 1838,3164"/>
                <Baseline points="1856,3193 1882,3195 1908,3196 1934,3196 1960,3197 1987,3199"/>
                <TextEquiv>
                    <Unicode>besitzt</Unicode>
                </TextEquiv>
            </TextLine>
            <TextLine id="tr_1_tl_142" custom="readingOrder {index:141;}">
                <Coords points="2133,3204 2228,3231 2369,3204 3053,3216 3053,3158 2133,3158"/>
                <Baseline points="2149,3199 2194,3196 2240,3199 2285,3199 2331,3199 2377,3199 2422,3199 2468,3199 2514,3199 2559,3199 2605,3198 2651,3197 2696,3199 2742,3199 2788,3199 2833,3199 2879,3199 2925,3199 2970,3200 3016,3203 3062,3202"/>
                <TextEquiv>
                    <Unicode>"Schnitzler denkt milder, er will nur nicht, daß</Unicode>
                </TextEquiv>
            </TextLine>
            <TextLine id="tr_1_tl_143" custom="readingOrder {index:142;}">
                <Coords points="718,3253 2971,3268 2971,3207 2240,3225 2032,3170 1838,3222 1648,3164 1436,3207 1384,3164 718,3201"/>
                <Baseline points="734,3238 846,3238 958,3238 1070,3240 1182,3241 1294,3241 1406,3241 1518,3243 1630,3244 1742,3244 1854,3244 1966,3244 2078,3244 2190,3247 2302,3249 2414,3247 2526,3247 2638,3244 2750,3247 2862,3247 2975,3250"/>
                <TextEquiv>
                    <Unicode>Und vollends stört der Hausherr. Da kommt ein Mann, die Kritik böswillig sei; schließlich ist er der Ansicht, daß</Unicode>
                </TextEquiv>
            </TextLine>
            <TextLine id="tr_1_tl_144" custom="readingOrder {index:143;}">
                <Coords points="598,3296 3053,3305 3053,3259 2995,3247 942,3265 598,3231"/>
                <Baseline points="614,3286 736,3286 858,3286 981,3287 1103,3289 1226,3291 1348,3291 1470,3292 1593,3292 1715,3294 1838,3293 1960,3295 2082,3295 2205,3295 2327,3295 2450,3295 2572,3295 2694,3295 2817,3296 2939,3298 3062,3298"/>
                <TextEquiv>
                    <Unicode>der bisher in der Sonne gesessen, groß und kräftig mit durchaus Sudermann'sche Rummel nicht sehr begründet war, denn das</Unicode>
                </TextEquiv>
            </TextLine>
            <TextLine id="tr_1_tl_145" custom="readingOrder {index:144;}">
                <Coords points="598,3345 1814,3354 1789,3302 598,3296"/>
                <Baseline points="614,3337 674,3337 734,3337 794,3337 855,3336 915,3334 975,3337 1036,3337 1096,3337 1156,3337 1217,3340 1277,3340 1337,3340 1397,3340 1458,3340 1518,3340 1578,3342 1639,3343 1699,3343 1759,3343 1820,3343"/>
                <TextEquiv>
                    <Unicode>unregelmäßigem Gang, von Antlitz finster und noch furchtbare</Unicode>
                </TextEquiv>
            </TextLine>
            <TextLine id="tr_1_tl_146" custom="readingOrder {index:145;}">
                <Coords points="1841,3357 3053,3357 3053,3305 1841,3305"/>
                <Baseline points="1859,3346 1919,3343 1979,3343 2039,3343 2099,3343 2159,3343 2219,3343 2280,3343 2340,3343 2400,3343 2460,3343 2520,3343 2580,3346 2640,3345 2701,3343 2761,3343 2821,3345 2881,3345 2941,3346 3001,3346 3062,3346"/>
                <TextEquiv>
                    <Unicode>persönliche Moment bei der Beurtheilung hätten schon Goethe und</Unicode>
                </TextEquiv>
            </TextLine>
            <TextLine id="tr_1_tl_147" custom="readingOrder {index:146;}">
                <Coords points="601,3394 1817,3406 1817,3354 1777,3348 601,3345"/>
                <Baseline points="617,3381 677,3384 737,3384 797,3384 858,3384 918,3384 978,3384 1039,3384 1099,3384 1159,3384 1220,3387 1280,3387 1340,3387 1400,3387 1461,3390 1521,3387 1581,3387 1642,3390 1702,3391 1762,3391 1823,3390"/>
                <TextEquiv>
                    <Unicode>durch Kleidung und Begleitschaft. Jägermäßig ist seine Tracht, der</Unicode>
                </TextEquiv>
            </TextLine>
            <TextLine id="tr_1_tl_148" custom="readingOrder {index:147;}">
                <Coords points="1841,3397 3053,3403 3053,3357 2986,3348 1841,3357"/>
                <Baseline points="1859,3390 1919,3390 1979,3390 2039,3390 2099,3390 2159,3390 2219,3390 2280,3390 2340,3390 2400,3390 2460,3393 2520,3394 2580,3393 2640,3392 2701,3390 2761,3393 2821,3393 2881,3393 2941,3393 3001,3394 3062,3393"/>
                <TextEquiv>
                    <Unicode>Schiller empfinden müssen. Ein gesuchter Witz in einem Referat</Unicode>
                </TextEquiv>
            </TextLine>
            <TextLine id="tr_1_tl_149" custom="readingOrder {index:148;}">
                <Coords points="605,3443 3056,3480 3056,3403 2992,3400 605,3394"/>
                <Baseline points="620,3432 742,3435 864,3434 986,3432 1108,3435 1230,3435 1352,3436 1474,3435 1596,3438 1718,3441 1841,3441 1963,3438 2085,3441 2207,3438 2329,3440 2451,3441 2573,3441 2695,3443 2817,3444 2939,3444 3062,3447"/>
                <TextEquiv>
                    <Unicode>aufgestülpte Hul, die Wadenstrümpfe und zwei böse Hunde an der sei aber keine so himmelschreiende Sache, denn ein guter Spaß</Unicode>
                </TextEquiv>
            </TextLine>
            <TextLine id="tr_1_tl_150" custom="readingOrder {index:149;}">
                <Coords points="608,3492 1817,3501 1817,3455 1765,3446 608,3449"/>
                <Baseline points="623,3480 683,3483 743,3483 803,3483 863,3482 923,3482 983,3483 1043,3481 1103,3481 1163,3483 1223,3483 1283,3483 1343,3483 1403,3486 1463,3486 1523,3486 1583,3486 1643,3488 1703,3492 1763,3489 1823,3492"/>
                <TextEquiv>
                    <Unicode>Koppel vervollständigen den Eindruck: Kaspar, der wilde Jäger</Unicode>
                </TextEquiv>
            </TextLine>
            <TextLine id="tr_1_tl_151" custom="readingOrder {index:150;}">
                <Coords points="1844,3523 1976,3489 2369,3514 2581,3486 2581,3449 2476,3440 2259,3462 1844,3452"/>
                <Baseline points="1862,3489 1898,3489 1934,3489 1970,3488 2007,3486 2043,3486 2079,3489 2115,3487 2152,3486 2188,3487 2224,3489 2260,3489 2297,3489 2333,3489 2369,3488 2405,3486 2442,3486 2478,3488 2514,3487 2550,3486 2587,3489"/>
                <TextEquiv>
                    <Unicode>ist mir lieber, als ein schlechtes Stück“</Unicode>
                </TextEquiv>
            </TextLine>
            <TextLine id="tr_1_tl_152" custom="readingOrder {index:151;}">
                <Coords points="598,3538 1817,3551 1817,3501 1691,3492 598,3489"/>
                <Baseline points="614,3528 674,3530 734,3530 795,3534 855,3531 916,3529 976,3531 1037,3531 1097,3531 1158,3531 1218,3531 1278,3533 1339,3534 1399,3532 1460,3534 1520,3534 1581,3536 1641,3534 1702,3537 1762,3537 1823,3534"/>
                <TextEquiv>
                    <Unicode>Aber es ist nur Hermann Bahr in seiner Behausung in Ober¬</Unicode>
                </TextEquiv>
            </TextLine>
            <TextLine id="tr_1_tl_153" custom="readingOrder {index:152;}">
                <Coords points="1949,3572 2028,3538 3050,3547 3050,3477 3001,3474 2372,3517 1949,3498"/>
                <Baseline points="1967,3531 2021,3535 2076,3536 2130,3534 2185,3534 2240,3537 2294,3537 2349,3537 2403,3537 2458,3537 2513,3537 2567,3537 2622,3537 2676,3537 2731,3537 2786,3538 2840,3542 2895,3541 2949,3540 3004,3542 3059,3543"/>
                <TextEquiv>
                    <Unicode>Ein schlechter Kritiker kann mich nicht ändern, sagt Herr</Unicode>
                </TextEquiv>
            </TextLine>
            <TextLine id="tr_1_tl_154" custom="readingOrder {index:153;}">
                <Coords points="608,3587 3044,3606 3044,3551 2854,3538 608,3544"/>
                <Baseline points="623,3578 744,3578 866,3576 987,3578 1109,3578 1230,3581 1352,3581 1473,3584 1595,3584 1716,3586 1838,3584 1959,3586 2081,3584 2202,3584 2324,3584 2445,3584 2567,3584 2688,3587 2810,3587 2931,3590 3053,3587"/>
                <TextEquiv>
                    <Unicode>St. Veit. Wir treten in das Haus und der grün=blaue Zauber Bahr, aber ein weiser Kritiker kann es wohl dazu bringen, das</Unicode>
                </TextEquiv>
            </TextLine>
            <TextLine id="tr_1_tl_155" custom="readingOrder {index:154;}">
                <Coords points="605,3640 3047,3649 3047,3600 2977,3590 605,3587"/>
                <Baseline points="620,3626 741,3627 863,3626 985,3626 1107,3629 1229,3629 1350,3629 1472,3629 1594,3632 1716,3635 1838,3637 1959,3634 2081,3632 2203,3633 2325,3632 2447,3632 2568,3632 2690,3634 2812,3635 2934,3635 3056,3635"/>
                <TextEquiv>
                    <Unicode>umfängt mich bald. Da gibt es Räumlichkeiten, klein und zierlich ich in Erkennung meiner Mängel mein Werk aufgebe. Und dazu</Unicode>
                </TextEquiv>
            </TextLine>
            <TextLine id="tr_1_tl_156" custom="readingOrder {index:155;}">
                <Coords points="608,3689 3047,3701 3047,3649 2961,3636 608,3640"/>
                <Baseline points="623,3674 744,3677 866,3677 987,3677 1109,3677 1231,3677 1352,3677 1474,3680 1596,3680 1717,3683 1839,3685 1961,3683 2082,3683 2204,3680 2326,3680 2447,3681 2569,3683 2691,3683 2812,3683 2934,3686 3056,3686"/>
                <TextEquiv>
                    <Unicode>und größer, bauernmäßig, aber es ist Alles luftig und licht und kann den Dichter der Kritiker bewegen; das zeigt sich trefflich be¬</Unicode>
                </TextEquiv>
            </TextLine>
            <TextLine id="tr_1_tl_157" custom="readingOrder {index:156;}">
                <Coords points="608,3741 3044,3744 3044,3698 2992,3689 608,3689"/>
                <Baseline points="626,3725 747,3726 868,3725 990,3725 1111,3730 1232,3728 1354,3725 1475,3728 1596,3730 1718,3731 1839,3734 1960,3731 2082,3731 2203,3729 2324,3730 2446,3731 2567,3728 2688,3730 2810,3731 2931,3731 3053,3734"/>
                <TextEquiv>
                    <Unicode>man sieht sich so was riesig gerr an und freut sich noch mehr, Grillparzer, den die Kritik verbittert hat und nicht die Censur¬</Unicode>
                </TextEquiv>
            </TextLine>
            <TextLine id="tr_1_tl_158" custom="readingOrder {index:157;}">
                <Coords points="611,3787 1820,3793 1820,3744 1706,3732 611,3741"/>
                <Baseline points="629,3775 688,3774 748,3774 808,3772 867,3773 927,3775 987,3772 1046,3774 1106,3772 1166,3772 1226,3773 1285,3775 1345,3775 1405,3775 1464,3775 1524,3775 1584,3776 1643,3778 1703,3778 1763,3781 1823,3784"/>
                <TextEquiv>
                    <Unicode>wenn man draußen ist. Aber das muß wohl Gewohnheit sein.</Unicode>
                </TextEquiv>
            </TextLine>
            <TextLine id="tr_1_tl_159" custom="readingOrder {index:158;}">
                <Coords points="1841,3790 3050,3799 3050,3744 2909,3732 1841,3741"/>
                <Baseline points="1859,3778 1919,3778 1979,3778 2039,3778 2099,3777 2159,3777 2219,3778 2279,3780 2339,3778 2399,3775 2459,3778 2519,3776 2579,3778 2639,3776 2699,3778 2759,3778 2819,3778 2879,3778 2939,3778 2999,3782 3059,3781"/>
                <TextEquiv>
                    <Unicode>Es ist höchst überflüssig, wenn ich von Schnitzler beispielsweise</Unicode>
                </TextEquiv>
            </TextLine>
            <TextLine id="tr_1_tl_160" custom="readingOrder {index:159;}">
                <Coords points="605,3833 3050,3839 3017,3790 2612,3778 605,3787"/>
                <Baseline points="620,3826 748,3823 876,3823 1005,3821 1133,3820 1261,3825 1390,3824 1518,3823 1646,3829 1775,3831 1903,3829 2032,3829 2160,3829 2288,3826 2417,3826 2545,3826 2673,3826 2802,3826 2930,3829 3059,3832"/>
                <TextEquiv>
                    <Unicode>Ich habe mich in der Villa Bahr gründlich unmöglich gemacht, schreibe, daß ihm zum Shakespeare etwas fehlt. Das kann ihn</Unicode>
                </TextEquiv>
            </TextLine>
            <TextLine id="tr_1_tl_161" custom="readingOrder {index:160;}">
                <Coords points="605,3882 3056,3897 3056,3839 2863,3824 605,3833"/>
                <Baseline points="620,3871 742,3871 864,3869 986,3871 1108,3871 1230,3873 1352,3871 1474,3874 1596,3876 1718,3876 1841,3877 1963,3877 2085,3876 2207,3877 2329,3874 2451,3875 2573,3874 2695,3874 2817,3876 2939,3878 3062,3883"/>
                <TextEquiv>
                    <Unicode>denn ich hielt mir die Augen zu, als wir über einen grellblauen nicht besser machen, denn er weiß, daß ihm nur Eines dazu</Unicode>
                </TextEquiv>
            </TextLine>
            <TextLine id="tr_1_tl_162" custom="readingOrder {index:161;}">
                <Coords points="611,3934 1795,3943 1814,3891 608,3882"/>
                <Baseline points="629,3922 688,3922 748,3922 807,3919 867,3919 926,3921 986,3919 1045,3920 1105,3922 1164,3919 1224,3919 1284,3919 1343,3919 1403,3919 1462,3921 1522,3922 1581,3922 1641,3924 1700,3925 1760,3928 1820,3931"/>
                <TextEquiv>
                    <Unicode>Teppich schritten; das soll nicht die richtige Auffassung</Unicode>
                </TextEquiv>
            </TextLine>
            <TextLine id="tr_1_tl_163" custom="readingOrder {index:162;}">
                <Coords points="1844,3937 3053,3940 3053,3894 2967,3879 1844,3885"/>
                <Baseline points="1862,3928 1921,3925 1981,3925 2041,3925 2101,3925 2161,3925 2221,3925 2280,3925 2340,3925 2400,3925 2460,3925 2520,3925 2580,3925 2640,3925 2699,3925 2759,3922 2819,3925 2879,3925 2939,3928 2999,3929 3059,3931"/>
                <TextEquiv>
                    <Unicode>fehlt: das Talent. Nicht wahr, das stimmt doch! Und Schnitzler</Unicode>
                </TextEquiv>
            </TextLine>
            <TextLine id="tr_1_tl_164" custom="readingOrder {index:163;}">
                <Coords points="608,3986 1961,3999 1961,3928 608,3931"/>
                <Baseline points="623,3972 690,3969 757,3969 825,3966 892,3966 959,3967 1027,3966 1094,3963 1161,3963 1229,3966 1296,3969 1363,3969 1431,3969 1498,3969 1565,3972 1633,3972 1700,3972 1767,3975 1835,3973 1902,3975 1970,3972"/>
                <TextEquiv>
                    <Unicode>Olbrich'scher Kunst sein. — Aber es gibt hier schöne Bilder bejaht.</Unicode>
                </TextEquiv>
            </TextLine>
            <TextLine id="tr_1_tl_165" custom="readingOrder {index:164;}">
                <Coords points="605,4026 1807,4038 1807,3983 605,3986"/>
                <Baseline points="620,4017 679,4020 739,4018 799,4017 858,4017 918,4017 978,4014 1037,4015 1097,4017 1157,4014 1217,4017 1276,4017 1336,4017 1396,4017 1455,4017 1515,4017 1575,4020 1634,4022 1694,4023 1754,4023 1814,4023"/>
                <TextEquiv>
                    <Unicode>von den Größen der neuen Kunst, und man sieht deutlich</Unicode>
                </TextEquiv>
            </TextLine>
            <TextLine id="tr_1_tl_166" custom="readingOrder {index:165;}">
                <Coords points="1943,4029 3053,4038 3053,3965 2707,3986 2599,3943 2354,3989 2302,3946 2240,3983 1943,3946"/>
                <Baseline points="1958,4017 2013,4020 2068,4020 2123,4020 2178,4020 2234,4018 2289,4020 2344,4020 2399,4020 2454,4020 2510,4020 2565,4020 2620,4020 2675,4020 2730,4020 2786,4020 2841,4020 2896,4023 2951,4026 3006,4025 3062,4026"/>
                <TextEquiv>
                    <Unicode>Bahr fuhr mit Sudermann nach der Première der „Drei</Unicode>
                </TextEquiv>
            </TextLine>
            <TextLine id="tr_1_tl_167" custom="readingOrder {index:166;}">
                <Coords points="611,4078 1807,4088 1807,4042 1761,4032 611,4032"/>
                <Baseline points="629,4068 688,4068 747,4066 806,4065 866,4065 925,4065 984,4065 1043,4065 1103,4065 1162,4065 1221,4066 1280,4066 1340,4065 1399,4066 1458,4068 1517,4066 1577,4068 1636,4069 1695,4071 1754,4071 1814,4074"/>
                <TextEquiv>
                    <Unicode>wie sie den Nahmen heben. Niemals schienen mir auch</Unicode>
                </TextEquiv>
            </TextLine>
            <TextLine id="tr_1_tl_168" custom="readingOrder {index:167;}">
                <Coords points="1832,4085 3050,4081 3017,4032 1832,4014"/>
                <Baseline points="1850,4074 1910,4071 1970,4071 2031,4071 2091,4068 2152,4068 2212,4068 2273,4068 2333,4070 2394,4071 2454,4068 2514,4068 2575,4069 2635,4071 2696,4071 2756,4070 2817,4068 2877,4074 2938,4072 2998,4074 3059,4074"/>
                <TextEquiv>
                    <Unicode>Reiherfedern" nach Berlin und merkte dem Dichter schon im</Unicode>
                </TextEquiv>
            </TextLine>
            <TextLine id="tr_1_tl_169" custom="readingOrder {index:168;}">
                <Coords points="611,4124 1820,4131 1820,4088 1712,4069 611,4078"/>
                <Baseline points="629,4116 688,4116 748,4116 808,4113 867,4115 927,4113 987,4113 1046,4115 1106,4115 1166,4113 1226,4115 1285,4113 1345,4113 1405,4116 1464,4116 1524,4116 1584,4119 1643,4119 1703,4119 1763,4120 1823,4122"/>
                <TextEquiv>
                    <Unicode>Tulpen so wunderbar farbig und sein als in dem blauen Zimmer,</Unicode>
                </TextEquiv>
            </TextLine>
            <TextLine id="tr_1_tl_170" custom="readingOrder {index:169;}">
                <Coords points="1838,4134 2826,4127 2826,4078 2765,4075 1841,4081"/>
                <Baseline points="1859,4122 1907,4122 1956,4121 2005,4119 2054,4119 2103,4119 2151,4119 2200,4117 2249,4119 2298,4116 2347,4122 2395,4118 2444,4117 2493,4119 2542,4119 2591,4119 2639,4119 2688,4119 2737,4119 2786,4116 2835,4113"/>
                <TextEquiv>
                    <Unicode>Coupé an, daß er mit der „Verrohung in der Kritik"</Unicode>
                </TextEquiv>
            </TextLine>
            <TextLine id="tr_1_tl_171" custom="readingOrder {index:170;}">
                <Coords points="2875,4137 2900,4134 2915,4140 2928,4131 2961,4134 2967,4127 2983,4127 2998,4140 3020,4131 3056,4134 3056,4085 3023,4085 3014,4091 3007,4085 2977,4088 2971,4081 2958,4088 2943,4081 2903,4085 2875,4078"/>
                <Baseline points="2892,4122 2920,4122 2948,4122 2977,4122 3005,4122 3033,4122 3062,4122"/>
                <TextEquiv>
                    <Unicode>schwanger</Unicode>
                </TextEquiv>
            </TextLine>
            <TextLine id="tr_1_tl_172" custom="readingOrder {index:171;}">
                <Coords points="605,4201 3056,4198 3056,4140 2826,4121 605,4127"/>
                <Baseline points="620,4163 742,4165 864,4166 986,4166 1108,4166 1230,4167 1352,4166 1474,4166 1596,4168 1718,4169 1841,4174 1963,4169 2085,4169 2207,4166 2329,4168 2451,4166 2573,4166 2695,4169 2817,4169 2939,4172 3062,4172"/>
                <TextEquiv>
                    <Unicode>da sie ihre Köpfe hochauf, fast duftvoll zur Decke strecken, ging. Sudermann war beispielsweise von einem Referat gekränkt,</Unicode>
                </TextEquiv>
            </TextLine>
            <TextEquiv>
                <Unicode></Unicode>
            </TextEquiv>
        </TextRegion>
    </Page>
</PcGts>
