3344 4320
141 1379 279 1472 Pastor
126 3182 283 3387 .
134 3327 249 3394 .
1271 242 1751 338 box 44/10
219 238 1089 346 13. Miscellaneous
1755 1375 2327 1468 nen Freien Presse
309 1401 1390 1487 während einer liebung der Gibraltar durch den
1431 1416 3290 1502 Liebesgeschichte von zwei jungen Leuten, deren Eltern die keine andere Meinung neben
316 1468 1401 1550 plosion 18 Mann der Besatzung schwer verletzt
1431 1487 3290 1550 Montechi und Capuletti spielen. Der eine Vater ist jahrzehntelang jeden einen Dummo
1420 1539 3297 1613 liberal, natürlich ein Muster der Wohlanständigkeit, anderer Ansicht war, und die zum Sch
1067 1558 1361 1710 Ruhe von
1431 1632 3305 1703 Füßen schütteln wollte, auf eine Anfrage in Berlin die trotzdem sie hier eine der stärksten Fremde
1431 1691 3297 1744 Antwort, man hätte gegen seine Uebersiedlung nach Deutsch in der Oeffentlichkeit besonders hervortret¬
476 1680 1260 1788 Oesterreich in Deutschland.
1431 1740 3297 1788 land nur dann nichts einzuwenden, wenn er jede politische schleift sich ab, wenn sie längere Zeit
323 1770 3297 1840 (Von unserem Berliner Korrespondenten.) Tätigkeit unterlasse. Die deutschen Behörden sind sonst wohnen und behält nur die süddeutsche
1431 1822 3294 1877 gegen die Oesterreicher recht zuvorkommend, und diejenigen, so daß man den Oesterreicher meist nicht
1435 1862 3297 1922 die über die Grenze nach Hause geschickt werden, haben sich unterscheiden kann. Auch die österreichische
405 1833 1413 1941 Man müßte über dieses Thema eigentlich zwei Ab¬
323 1874 3242 1970 handlungen schreiben, die eine über und die andere unter ihr Schicksal fast immer selbst zuzuschreiben, denn aus keinem Vereine spielen keine Rolle, sie geben
323 1952 3238 2019 dem Striche, denn ohne wenigstens ein paar politische anderen Staate kommen so viel zweifelhafte Elemente nach nur durch Festessen am Geburtstage
323 1993 3297 2063 Schlaglichter aufzusetzen, läßt sich die Stellung des Oester=Deutschland, als gerade aus Oesterreich=Ungarn, weil zwischen Josef Kunde und stechen im Adreßbuche un
320 2037 3297 2104 reichers in Deutschland nicht richtig charakterisieren. Jeder den beiden verbündeten Monarchien die geringsten Paß= anderer Vereine höchstens durch die ko-
1439 2074 3260 2138 schwierigkeiten bestehen. Rußland stellt zwar einen noch setzung des Vorstandes hervor. Ferner
320 2089 1413 2149 Oesterreicher haftet nämlich, ob er sich nun draußen im
320 2119 3309 2182 Reiche nur vorübergehend aufhält oder ob er sich dort bedeutend höheren Fremdenzuzug, aber bekanntlich kann heit, daß es ein Oesterreicher, abgesehe
1431 2171 3305 2234 kein Russe ohne entsprechende Paßlegitimation die Heimat künstlern und Schriftstellern, zu einer
320 2167 1413 2234 dauernd ansiedelt, sest an seinen heimatpolitischen Interessen
320 2212 3283 2271 und nur wenigen gelingt es, die Welt rein vom reichs verlassen und der Aufenthalt im Auslande wird ihm stets sozialen Stellung in Deutschland bringt.
312 2257 3264 2320 deutschen Standpunkte aus zu betrachten, das heißt, sich nur für einen bestimmten Zeitraum gestattet. Die hier kommen, daß das Deutsche Reich in
1431 2297 3297 2357 lebenden Moskowiter stehen also unter strenger, doppelter Wissenschaften, dem Handel und der Indu
320 2305 1413 2364 als deutscher Staatsbürger zu fühlen und Oesterreich in
1431 2342 3297 2409 polizeilichen Kontrolle, unter deutscher und russischer, aller kontinentalen Staaten marschiert u
323 2349 1405 2413 politischer Beziehung nur so viel Beachtung zu schenken
320 2387 3309 2450 als es im Rahmen der Berliner Politik beanspruchen kann! während sich um die in Deutschland angesiedelten bieten über so viele einheimische Kräfte ve¬
2539 2428 3290 2483 ausländischen Zuzug nur herzlich wenig
1431 2424 2517 2483 Oesterreicher, sobald sie ihrer Militärpflicht Genüge getan
327 2439 1405 2491 Welcher Partei und Nation der Oesterreicher auch angehört
327 2468 3301 2535 stets bleibt sein Sinn im Bannkreise seines Vaterlandes haben, die österreichischen Behörden nicht mehr kümmern, dem absorbierte die habsburgische Monar
312 2517 3301 2584 befangen, und die hier lebenden österreichischen Alldeutschen In früheren Zeiten brauchte der Oesterreicher, wenn er sich unaufhörlichen innerpolitischen Bänkereien
335 2561 3297 2628 sind sogar die allerärgsten Partikularisten, die es nicht be¬ im Deutschen Reiche niederließ und nicht gerade den Ein geistigen Volkskraft, daß ihr kaum für die
327 2599 3297 2673 greifen, daß Deutschland seine Soldaten zwar nach China und druck eines Zuchthauskandidaten machte, nicht einmal einen einheimischen wissenschaftlichen und wir
327 2639 3290 2706 Südwestafrika schickt, aber von einer Lösung der österreichischen Paß; Geburts= und Heimatsschein genügten in den meisten gaben genügend Leutematerial zur Ver
327 2680 3283 2758 Frage im Sinne Schönerers und Genossen augenscheinlich nichts Fällen. Da aber infolge der Leutenot, an der die deutsche ist sogar oft gezwungen, aus Deutschland
323 2732 3305 2799 wissen will. Diesbezügliche Anzapfungen sind übrigens der Landwirtschaft zu leiden hat, große Massen von lichkeiten heranzuziehen, und wie viel Rei¬
323 2777 3294 2844 deutschen Regierung höchst unangenehm und wenn sie auch galizischen, tschechischen und ungarischen Landarbeitern nach der Spitze industrieller und technischer U
327 2814 3297 2888 die hier lebenden Oesterreicher großdeutscher Gesinnung, so Deutschland strömten und sich mit diesen auch panslawistische Oesterreich=Ungarn befinden, weiß man
331 2862 3283 2929 lange sie zu anderen Beschwerden keinen Anlaß bieten, in der und andere politische Agitatoren einschmuggelten, wurde Oester= besten. Dagegen scheint Oesterreich einen
327 2900 3305 2974 Regel ungeschoren läßt, gibt sie diesen Herren doch öfters recht reich=Ungarn gegenüber ein schärferer Paßzwang eingeführt. an journalistischen und künstlerischen Ta
331 2944 3301 3019 deutliche Winke. So wurde beispielsweise das Naturali¬ Auch machte man in Deutschland die Erfahrung, daß infolge der denn hievon wimmelt es geradezu in Den
2539 2989 3301 3041 liegt auch eine jener Ursachen, die viel
331 2993 2513 3071 sationsgesuch ein Deutschösterreichers, der vor Jahren als Chef= ungünstigen wirtschaftlichen Verhältnisse in der habs
327 3026 3301 3112 redakteur eines süddeutschen Blattes eine Rolle spielte und burgischen Monarchie viele Oesterreicher auf gut Glück sich die Reichsdeutschen von dem Charakte
2539 3082 3290 3126 ihrer österreichischen Stammesgenossen ei
327 3074 2517 3160 ziemlich wohlhabend ist, abschlägig beschieden mit dem Hin- herüberkommen, um sich hier eine Existenz zu gründen
327 3119 3305 3197 weise auf seine alldeutsche Propaganda. Auch der bekannte ohne ein genügendes finanzielles Rückgrat, ja selbst ohne Bild machen. Es ist nämlich eine ausfall
335 3156 3294 3238 Hauptführer der österreichischen Alldeutschen, der lange Zeit Beziehungen und Verbindungen zu besitzen und daher nur daß speziell jene Oesterreicher, die auf
2535 3197 3305 3257 Bühnen spielen oder für die reichsdeutsch¬
335 3208 2301 3279 in seinem Schlosse grollend saß, erhielt vor ungefähr zwölf zu oft den deutschen Behörden zur Last fallen.
1520 3231 3290 3327 Man kann nicht gerade sagen, daß die Oesterreicher, so ostentatio den Oesterreicher in seiner M
331 3260 1442 3346 Jahren, als er den Staub seines Vaterlandes von den
