3344 4320
1157 727 1752 860 2. Bulewarner.
1016 937 3102 1098 Diese sind aus der gleichen wolle wie die Schnechauben anzufer¬
872 1064 2952 1220 tigen, doch kann das Ende, das vom Aermeldeckt wird, auch aus
860 1163 3028 1299 bunter Wolle gestrickt werden, Wan stricke Strumpfartig insgesamt
860 1259 3138 1412 76 Maschen, die erste Reihe mit doppelten Faden und immer abwechselnd
855 1378 2952 1542 zwei glatte und zwei verkehrte Maschen. Die ganze Länge betrage
852 1517 1336 1661 20 Zentimeter.
1418 1641 1953 1794 3. Bauchbinden.
1090 1783 3037 1944 Man fertige sie aus gutem, warmen Flanell, möglichst Schaf¬
857 1893 2855 2040 wolflanell, im Notfall ach aus Baumwollflanell an. Die Farbe
857 2001 3110 2159 ist nebensächlich, nur fürbe sie nicht ab. Man schneidet ein Viereck
863 2108 2887 2253 von einem Meter Länge und 35 Zentierter Breite, näht an beide
863 2185 3071 2369 oberen Ecken je ein siebzig Zentimeter langes Band, links von eben-
855 2312 2889 2490 so an die obere Karte, je fünfzig Zentimeter rechts und links
852 2420 3054 2609 von der Längsmitte. Die Länge des einen Sandes betrage zwanzig, die
843 2524 1888 2688 des anderen hundert Zentimeter.
1491 2657 1981 2805 4. nieschützen.
1010 2773 2867 2898 Man stricke diese möglicht aus gleicher Wolle wie obige
857 2872 2870 3008 im Notfall doch auch aus anderfarbiger, da die Knieschützer
852 2988 2994 3155 auch unter dem Beinkleid getragen werden können. Die Form ist die
849 3096 2983 3254 gleiche wie bei den Pulswärmern nur grösser; men stricke also mit
849 3187 1726 3371 112 Maschen 30 Zentimeter.
1384 3305 1854 3464 Tulpen.
1010 3450 2921 3540 Man verfertige sie aus Schafwoll- oder Baumwollflanell im
843 3529 2963 3690 Notfall aus Barchent oder aus schafwollenem, cchtfarbigem Damen-
852 3634 3093 3741 stoff, jedoch sei das Material der Fusslappen nicht zu dick. Ihre La¬
846 3741 3079 3854 ge betrage schig, die Freite fünfzig Zentimeter, Die Fusslappen dür¬
843 3787 1695 3897 fen nicht gesäumt werden.
