3344 4384
167 228 301 337 13
1217 235 1695 344 b 447
355 225 1029 351 s
1572 1460 2746 1569 voetheschen Entwicklungsganges in der Literatur kenntlich
2775 1500 3159 1583 in Treue Unterthan
1569 1554 3235 1634 machten. Zunächst steht die Jugend zu ihm, dem Jungen. Es Süddeutsche, denen der
822 1583 1108 1648 Jung=Wien.
1576 1601 3235 1681 erwächst eine spätere Generation, der die beinah gleichzeitigen gilt, und die von ihm
692 1583 1511 1692 Neue Romane und Novellen.
1569 1645 2746 1710 Schöpfungen „Wilhelm Meister" etwa und die „Braut von
2771 1659 3188 1742 prochenem Lyrismus
453 1637 1547 1735 Man könnte, wenn an Worten überhaupt etwas läge, ein
1572 1688 2746 1750 Korinth" alles bedeuten; das sind die Romantiker. Und dann
2775 1706 2963 1775 Schnitzler.
369 1688 1243 1764 Pilatusfrage darin sehen: was ist Realismus
1569 1728 2746 1797 ist Goethe allein. Der alte Goethe findet keine unmittelbar
2847 1721 3260 1811 Aber während diese
453 1764 2739 1837 Zwei Menschen sitzen sich gegenüber. Der Eine hat dem Resonanz. Die Literatur verjüngt sich unter Goetheichem Ein
2771 1764 3257 1862 stehen, ihre eigenen Weg
369 1786 1547 1866 Andern von dem Tode eines gemeinsamen Freundes Mittheilung
1576 1818 3260 1898 fluß, aber bald ist es Goethe, der Klassiker, bald der junge an einander an. Klänge
377 1847 1543 1909 zu nachen. Der Schreck über die Nachricht, die Trostsprechung, da¬
1572 1866 2746 1927 Goethe, der lebendig und lebenzeugend wirkt. Erst nachdem
2764 1880 3253 1942 von einer „Schule" reden.
369 1884 1547 1956 innere Verhältniß, in dem sie Beide zu dem Todten gestanden
1572 1909 3257 1992 mehrere Generationen gegangen sind, wird der alte Goethe „ent bekenntniß: Schnitzlers „A
369 1931 1540 2000 das Alles findet in Worten seinen Ausdruck; und we
1572 1953 2746 2010 deckt und beginnt nun, Nachfolge weckend, aufzuerstehen. Man
2768 1967 3094 2043 Begriff geworden.
369 1978 2742 2087 solche Worte wiedergiebt, treu, wie sie hätten gekann von einem geistigen Kampf um Goethe reden, der ein
2847 2014 3260 2079 Diesen jungen Wien¬
369 2021 1963 2087 sprochen den können, ist ja wohl Realist. Doch Jahrhundert ausfüllt.
2757 2032 3264 2119 Leistung hinter ihr eige
369 2068 1543 2130 andererseits. Die Beiden sitzen in einem Zimmer beieinander
1652 2054 2398 2137 Die Geschmacklosigkeit liegt mir fern,
2561 2068 3253 2166 irgendwie Charakteristische. Sie we
366 2108 1543 2174 das für sie gemeinsame Erinnerungen birgt. Und währen
1569 2087 3267 2231 neben Goethe stellen zu wollen. Doch scheint es mir lehrreich, selbst. Die kurze pointirte
362 2148 1543 2213 der Freund dem Freunde die Nachricht mittheilt, ersteht von
1569 2170 2938 2257 die Verschiedenheit, wie sich der Einfluß, den sie Beide üben, in nehmsten.
366 2195 2742 2297 seinen Augen plötzlich eine Scene, in der sich der nunmehr der Literatur wiederspiegelt, nachzuweisen. Zunächst, Ibsen ist
2840 2210 3260 2293 Diese jungen Schrift
366 2242 3257 2347 Verstorbene in eigenthümlichem Licht ihm zeigte. Er kann in keiner seiner Entwicklungsphasen ein Unverstandener, etwa das ist wiederum bezeichnen
366 2286 3239 2384 dieselben Worte sprechen, wie er sie vorher gesprochen hätte, wie es der alte Goethe war, oder, um ein noch schlagenderes aus. Sie kokettiren mit
362 2337 2731 2409 aber seine Seele untersteht ganz anderem Eindruck; die Worte Beispiel anzuführen, wie der Begründer der modernen Land
2764 2369 3260 2442 viel Ketterie in ihrer Ar¬
369 2373 2742 2456 bedeuten nicht mehr Alles. Und zum Dritten: Während der schaftsmalerei, Turner, der in seinen alten Tagen für gestört
2768 2413 3257 2485 seelische Koketterie. Sie si
369 2416 2739 2500 Eine die Nachricht mittheilt, beobachtet er, wie sich der Andere galt und dessen Alterswerken heut beinah so viel Raum in der
2760 2449 3159 2507 die Nervenmenschen.
362 2456 2731 2543 innerlich dazu stellt. Er glaubt den Worten, die dieser spricht, Londoner Nationalgalerie gegeben ist, wie sonst der englischen
2753 2485 3264 2565 umspannt. Das gesprochene
366 2510 3260 2597 nur halb; er versucht tiefer zu sehen. Und gleichzeitig legt er Kunst eines Jahrhunderts. Soweit es sich kontroliren läßt, ihre Welt ist eben auch nu
362 2547 1536 2612 sich Rechenschaft davon ab, was er selbst dabei empfindet, daer
1561 2565 2728 2626 scheint mir das Verständniß Ibsens mit seiner eigenen Ent¬
2753 2583 3260 2655 Ihr Interesse ist beinah ga
362 2594 3228 2688 dem Freunde solchen Schmerz zufügen muß. Die Worte, die wicklung völlig Schritt zu halten. I denfalls, seine innerlich das willig eine Zeit lang
366 2641 1532 2692 gewechselt werden, sind ganz bedeutungslos geworden. Die
1558 2659 3264 2728 ganz verschiedenen Dramen, zwischen denen sich die angedeutete Die ist das „Weib"; Inbe¬
359 2688 3264 2778 inneren Stimmungen müßte der Wirklichkeitssucher, der Realist, Wandlung vollzogen hat, die „Gespenster" einerseits und der der Liebelei. Die Stimm¬
351 2724 1080 2786 in diesem Fall zum Ausdruck bringen.
1558 2753 3257 2815 „Baumeister Solneß" etwa andrerseits, üben ihren Einfluß auf wenig Herzlichkeit, ein wer
449 2742 2728 2869 Fast jedes Künstlers Werden weist solchen Wandel von die deutsche Literatur ganz kurz nach ihrem Erscheinen aus. Für
2753 2807 3242 2876 thum und viel Blasirtheit.
359 2807 1532 2876 einem mehr äußeren zu einem mehr inneren Realismus auf
1558 2829 2423 2909 die Tiefe des Einflusses mag das nicht zeugen.
2757 2840 3260 2916 Sphäre aber finden sie und
359 2855 1532 2912 Von Goethe gilt das ganz so gut, wie etwa auch von Ibsen
1645 2858 3260 2941 Wohl aber für die arge, seelenlose Schnelllebigkeit unserer Und ein zartes, seelenvollen
359 2898 2728 2981 In beider Jugendwerken steht im Allgemeinen das Wort für Zeit. Innerhalb weniger Jahre haben sich in unserer Literatur
2749 2931 3271 2992 hinein, das aber auch seltsa¬
359 2949 3260 3036 die Empfindung. In ihren Alterswerken ist das gesprochene Wandlungen vollzogen, die, wenn sie tief greifen wollten oder Man könnte es in einem B
351 2989 3267 3076 Wort nicht alles mehr. Etwas Geheimnißvolles, das nicht den innerliches Erlebniß voraussetzen ließen, ebensoviel Jahrzehnte den Bäumen hie und da ve¬
351 3032 1529 3094 bündigen Ausdruck sucht, ihn vielleicht gar scheut, besteht da¬
1554 3047 2728 3104 beanspruchen müßten. Aber die Mode ist alles. Unter den
2749 3065 3264 3119 Weiher ein schwarzer Schw
351 3076 1525 3141 hinter. Oder dem Wort ist innere Deutung neben der alltäglichen
1558 3094 2713 3155 jüngeren unserer deutschen Schriftsteller lassen sich zwei Rich
2746 3104 3260 3162 das bunte Herbstlaub, Sch
351 3123 1525 3188 verliehen. — Naturgemäß erscheint solcher Entwicklungsgang
1558 3141 2720 3195 tungen kennzeichnen, die beide in gleicher Weise Ibsenschen
2749 3155 3257 3217 diese Bevorzugte landschaftli¬
348 3166 1529 3249 Die Jugend will vorerst die Welt, wie sie sie sieht, erfassen
1554 3181 3239 3271 Einfluß unterlegen sind, nur daß die einen sich an den Ibsen mit einklingt. Es ist vie
351 3210 1529 3271 Sie hat mit dem Thatsächlichen sich abzufinden. Das That¬
1554 3224 3018 3315 der „Gespenster", die andern an den alten Ibsen zunächst das ist Absicht.
351 3253 2720 3322 sächliche aber und das gesprochene Wort verliert für das Alter gehalten haben. Man könnte, wollte man spaßhaft sein, von
2818 3246 3246 3344 Um ein konkretes, sehr
348 3300 3242 3383 an Werth. Es schließen sich Thüren, und Fenster thun sich zwei „Generationen" der Jüngeren reden, zwischen denen ein Sperling hockt auf braunen
351 3347 1482 3423 auf. Die Seelenstimmung erscheint als das Eine Wichtige.
1543 3354 3242 3423 Altersunterschied etwa von fünf Jahren bestände. Die älteren, ein donnerndes Getöse, der
424 3394 3260 3525 Man kann verfolgen, wie sich die Rückwirkungen dieses zumeist Norddeutsche, deren Realismus dem gesprochenen Wort Pferde. Ruhig bleibt er sit
