3344 4352
143 203 257 286 13
1182 200 1658 295 b 44/10
353 210 1004 308 s
1601 492 2859 546 heiten, wie beispielsweise, wenn er des Morgens bei seinem Rasen¬
375 492 1563 597 Dorian Gray und die Wiener Literaturgigern.
1598 543 2862 594 erscheint, wo bereits etliche Herren barbiert worden sind. Ein blut¬
1604 578 2855 629 junger Lehrling hat einem der Kunden das halbe Ohr wegbarbiert
464 569 1550 651 (Original-Feuilleton der Breslauer Morgen=Zeitung.)
1604 616 2855 667 worüber der Mann begreiflicherweise sehr indigniert ist. Der Che
368 616 1493 686 (Das Dorian Gray-Derby der Wiener Theaterdirektoren.
1601 654 2868 705 der Barbierstube und zwei seiner Gehilfen bemühen sich um das
362 645 1556 721 Vom Modedichter Oskar Wilde. — Peter Altenbergs Milchreis¬
1598 696 2862 750 lädierte Ohr des geschnittenen Herrn, das sie mit Lapis behandeln
359 705 1553 762 Rezepte und sein Niedergang. — Warum um Oskar Wilde ein
1604 734 2862 785 während der Malefikant das Waschbecken hält, das mit Blut bereits
359 750 1566 823 solches Gerig ist. — Wiener Litteratur=Dandies und ihre
1601 775 2862 819 halb gefüllt ist. Der Patient stöhnt zum Steinerbarmen, doch der
842 794 1058 848 Erlebnisse.)
1607 810 2865 873 Dandy ist über dieses Gestöhne furchtbar irritiert und schreit den
394 819 2204 899 Das wichtigste, was sich bei uns im verflossenen Monat er Mann mit dem halben Ohr an:
353 877 1588 934 gnete, ist das Bildnis des Dorian Gray. Nicht weniger als vier
1683 867 2859 940 „Halten Sie ein, Sie Plebejer!“ — schreit er ihn an — „halten
334 908 2865 978 heaterdirektoren stritten sich um die Dramatisierung dieses Romanes Sie ein mit Ihrem läppischen Schmerzgeheul. Mit allem Möglichen
340 956 2865 1010 in Oskar Wilde, und als einer von ihnen den anderen um etliche kann ich Sympathie haben, außer mit Schmerzen! Sie sind zu häß¬
334 994 1585 1042 kasenlängen vorauseilend, den zum Melodram zerschung nen Roman
1607 1007 2865 1061 lich, zu schrecklich, zu niederdrückend, die sogenannten Schmerzen. In
337 1035 1579 1083 virklich zur Aufführung brachte, stellte es sich heraus, daß es wahr
1607 1048 2862 1112 der modernen Sympathie für eingebildete Leiden ist etwas un¬
334 1074 1585 1121 haftig kaum der Rede wert war. Trotzdem wird das unter der
1607 1083 2026 1150 glaublich Krankhaftes.
340 1109 1591 1159 Flagge des unglücklichen englischen Dichters segelnde Theaterstück seine
1683 1109 2871 1175 „Glauben Sie — Sie angezogener Aff?", höhnt ihn der Herr
337 1150 1579 1229 undert Aufführungen erleben, denn Oskar Wilde ist bei uns jetzt
1604 1153 2865 1213 mit dem halben Ohr, und wischt sich mit der linken Hand das Blut
330 1185 588 1245 ein Mode
1601 1207 2878 1255 aus dem Gesicht. „Sie können leicht reden, Sie angepampfter Mehl¬
400 1197 2875 1312 Alle Snobs und sämtliche Flaschenputzer der Litteratur schwär wurm, Sie haben ja noch Ihr ganzes Ohr. Und schauen Sie, daß
330 1251 2430 1337 nen jetzt für Wilde; womit sollten sie sich aber auch sonst die Zeit, Sie weiter kommen, sonst gibts ein Unglück.
327 1305 1579 1353 vertreiben? Jede Zeit und gar jede Generation von Snobs brauch
1680 1305 2862 1375 Diese allzu drastische Ansprache hat den Dandy nicht wenig ent¬
337 1344 769 1391 hre Dichter, die unsrige
877 1344 2862 1410 schmählich enttäuscht worden. Arthur rüstet: „Wie können Sie so plebejisch reden? Lernen Sie, mein
337 1378 1588 1426 Schnitzler ist, seitdem er sich unters Joch der Ehe gebeugt, so eine Art
1604 1404 2859 1455 Herr, von den Spartanern; wir sollten überhaupt unser Leben so
327 1420 1582 1464 Philister geworden. Sein süßes Mädel wird schon merklich säuerlich
1601 1442 2855 1483 einrichten, wie es die alten Griechen gelebt haben. Die alten
324 1458 1579 1502 und nun gar, da Alfred von Berger mit feierlicher Geste eine litte
1604 1480 2859 1550 Griechen sympathisierten mit den Farben, mit der Schönheit, mi¬
321 1493 1976 1588 tarische Lobrede auf Schnitzler gehalten und ihn damit gewissermaßen der Lebensfreude.
324 1534 1585 1579 den vier Unsterblichen des deutschen Parnaß zugesellt hat, wird da¬
1671 1540 2859 1614 „Und Sie sind ein alter Esel!“ schreit der geschnittene Herr, er¬
324 1569 1575 1623 richtige Wiener Litteraturgiger von diesem Arthur Schnitzler keine
1604 1579 2862 1652 hebt sich von seinem blutigen Pfühl und will sich auf den Dandy
321 1610 940 1677 Bissen Brot mehr nehmen wollen
1604 1645 2859 1687 mit der griechischen Lebensauffassung stürzen. Vier Arme werfen sich
407 1623 1582 1693 Peter Altenberg hätte das richtige Zeug zum dol der Wiene
327 1677 2865 1728 Snobs. Seine Poesien sind so verworren, daß man sich vor lauter dem wütenden Manne entgegen, von denen zwei dem Friseur ge¬
1604 1718 2865 1769 hören, der gewiß den Dichter Peter Altenberg gelesen hat, denn er
318 1725 1579 1772 Tiefsinn gar nicht auskennt in ihnen. Aber es tauchen auch Licht
321 1756 2852 1810 blicke von verblüffender Genialität in seinen Werken auf, beispiels beschwört die beiden Streitteile, Ruhe zu bewahren, mit den Worten
324 1798 2836 1842 weise im „Prodromos", wo er mit dichterischem Ungestüm die Forde¬ „Meine sehr verehrten Herren“ — ruft er mit gekränkter Würde
324 1836 2862 1880 rung aufstellt, der wahrhaft freie und unabhängige Mensch dürfe nichts ich bitte Sie, hier an dieser friedlichen Stätte das Paradigma der
324 1877 2852 1941 anderes als Michreis essen, und dieser poetischen Forderung ein ästhetischen Kraft, sich äußerlich individuell zu gestalten, nicht durch
334 1918 2792 1966 ganzes Kapitel seines Buches widmet. Peter Altenberg wäre also exzeptionelle Art um den künstlerischen Ausdruck zu bringen. . .
340 1950 1531 1998 wiß der Dichter, der den Pulsschlag der Zeit versteht, allein
1671 1941 2859 2004 „Hol Sie der Teufel mit Ihrem Paradigma!“ schreit wütend
340 1995 2862 2046 und das werden ihm seine bisherigen Anhänger niemals verzeihen der geschnittene Herr, entwindet sich gewaltsam den Händen, die ihn
343 2026 2865 2087 nnen — Peter Altenberg hat es gottlob nicht mehr nötig, dem oben umklammern, und haut dem Dandy eine so gewaltige Ohrfeige
343 2071 2865 2147 wähnten Pulsschlag zu horchen, denn er ist, man höre und staune, herunter, daß ihr Schall sogar bis zum Wachmann des nächsten
324 2103 518 2173 Kapitalist
1604 2109 1887 2179 Reviers dringt.
394 2131 1585 2185 Man erinnert sich vielleicht, daß dieser Wiener Dichter sich ein¬
1680 2138 2855 2207 Jetzt heult und winselt zur Abwechslung das geprügelte Giger!
324 2166 2862 2242 Zeitlang auch mit der Fabrikation von Rosenkränzen befaßte, die und er entblödet sich nicht einmal, die Hand vor das geschwollene
321 2230 2862 2281 einen solch starken Absatz fanden, daß er in seiner Werkstatt mehrere Gesicht zu halten. Augenblicklich holt er den Wachmann herbei, der
327 2265 2859 2319 junge Damen mit der Verfertigung von Rosenkränzen beschäftigen ein Protokoll aufnimmt. Beim Bezirksgericht, in drei bis vier
308 2287 2859 2366 konnte. In Peter Altenbergs Brust wohnen zwei Seelen, die sich ganz Wochen bei der Ehrenbeleidigungsverhandlung, sehen sich die beiden,
318 2341 2862 2417 gut miteinander vertragen: die Seele eines Dichters und die eines der Mann mit dem geschnittenen Ohr und der geohrfeigte Dandy,
318 2366 1728 2427 praktischen Geschäftsmannes. Wenn der Dichter Milchreis=Rezepte in wieder
324 2404 1585 2455 großer Anzahl geschrieben hatte, sagte er sich: Für heute hätte ich den
1671 2408 2859 2474 Unser Wiener Litteratur-Dandy ist jedoch nicht der Mann, der
318 2446 1585 2490 Besten meiner Zeit genug getan, nun wollen wir mit den Rosen¬
1604 2446 2859 2516 sich durch derartige trübe Erfahrungen von seiner Mission, für
321 2490 2859 2557 kränzen hausieren gehen! Das tat er denn auch, und das Geschaft Bildung und Aufklärung, Wurstigkeit und Blasiertheit, Gesinnungs¬
321 2522 1582 2566 brachte ihm reichen Gewinn. Peter Altenberg, der Dichter=Hausierer
318 2554 2865 2611 lebte nach der Maxime jenes armen Mannes, der täglich das Geber und Charakterlosigkeit und ähnliche philosophische Probleme mann¬
324 2582 2862 2655 zum Himmel richtet: „Lieber Gott, ich bitte dich, mach, daß in der haft einzustehen, irgendwie beeinflussen ließe. Schon Tags darauf
1607 2630 2862 2674 sehen wir ihn in einem Restaurant sich über einen Herrn erbosen,
324 2636 1579 2681 Welt lauter Millionäre leben und ich, ich allein, soll der einzig
324 2671 2862 2747 Schnorrer sein — dann habe ich ausgesorgt, und mehr will ich nicht der über eine Speise, in der er irgend ein Haar gefunden, in ein
1601 2703 2255 2773 rohrspatzartiges Geschimpf ausbricht
324 2719 473 2776 von die
1674 2738 2862 2808 Der Gigerl ist darüber ungehalten. „Die Menschheit" — sagt
400 2728 1579 2792 Solcher Art wurde Peter Altenberg, wie man sich erzählt, ein
1604 2786 2859 2830 er ziemlich spitz zu dem schimpfenden Herrn am Nebentisch — di¬
324 2779 1579 2836 wohlhabender Mann. Aber seine dichterische Ader läßt deshalb
1604 2817 2862 2871 Menschheit nimmt sich viel zu ernst, das ist die Todsünde der Welt.
324 2817 1579 2871 ebensowenig nach, wie sein Erwerbssing, und als er letzthin im Cas¬
324 2855 2862 2919 Kinok am Graben gar mit lauter Stimme die These aufstellte, daß die Menschen, die alles allzu ernst nehmen, sollte man gänzlich aus¬
324 2890 2865 2948 Nation ihm, dem Dichter und Vorläufer einer kommenden großen rotten; sie sind eine Plage der Welt und der Menschheit. Was ist
1601 2935 2862 3002 denn geschehen? Sie haben ein Haar in der Speise gefunden. Soll
324 2938 1575 2986 Zeit, ein Denkmal in Form einer großen Subskription widmen sollte
1610 2976 2865 3027 Ihnen der Gastwirt vielleicht in jedes Knödel einen Dukaten hinein¬
324 2976 1591 3024 da stob die Schar seiner Anhänger auseinander — und die Wiener
324 3011 2862 3068 Litteratur=Gigerln sind um eine Illusion ärmer geworden. Aermer backen? Darüber ärgert man sich nicht, sondern man lacht, merken
324 3059 2862 3110 ist Wien auch um eine Sehenswürdigkeit, wie keine zweite Stadt der Sie sich das, geschätzter Herr! Wenn die Höhlenbewohner schon
324 3090 1575 3138 Welt sie bisher aufzuweisen hatte: Peter Altenberg, der ewig unausge¬
1604 3094 2859 3154 hätten lachen können, dann wäre die Weltgeschichte bei Gott anders
324 3129 1820 3183 schlafene Dichter und Hausierer, wie er inmitten seiner getreuen ausgefallen.
324 3167 1579 3211 Gigern jeden Vormittag vor dem Café Kiosk am Graben Cercle hielt
1671 3154 2859 3221 Unser Litteraturgiger ist ein Fanatiker der Wahrheit ebenso
318 3211 1334 3275 O, daß hoch auf Erden hienieden nichts ewig dauert.
1601 3186 2859 3265 wie er den Armenleutgeruch nicht vertragen kann. Er schwört darauf
1604 3249 2862 3303 daß das neunzehnte Jahrhundert durch seine geradezu übermäßige
397 3230 1579 3300 Oskar Wilde, dem die geölten Bonzen und Gigern der Wiene
1604 3291 2855 3338 Emission von Sympathie für die armen Mitmenschen zugrunde ge¬
324 3265 1579 3341 Litteratur nunmehr ihre Begeisterung zugewendet haben, bietet der
318 3329 2865 3380 Vorteil, daß er schon längst tot und die Lehrung, die ihm entgegen gangen ist und daß Gefahr drohe, das zwanzigste Jahrhundert werde
324 3360 2862 3418 gebracht wird, mit keinerlei Kosten verbunden ist. Man kann für in denselben Fehler verfallen. Menschenwürde, Menschenliebe und
324 3402 2862 3459 Wilde schwärmen, ohne daß dieser Dichter einen mit dem Antrag belähnliche Dinge hält er für lächerliche, ja geradezu gefährliche
318 3446 2855 3494 lästigt: Kaufen Sie mir Oskar Wilde=Rosenkränze ab! Liest man in Sentimentalitäten, denen man beizeiten vorbeugen müsse, denn es
324 3484 2859 3545 manchen Büchern Wildes, so werden im Leser die feinsten Stimmungen gebe nichts rückständigeres als diese sogenannten „sittlichen Gefühle,
324 3516 1579 3567 ausgelöst, denen man in dem zum Drama vergröberten Doria Gra¬
1677 3522 2859 3576 Kommt er in eine Gesellschaft, so glänzt er mit dem erborgten
318 3548 2859 3611 allerdings nicht wieder begegnet. Nebenbei gesagt: eine „Auslösung Geist Oskar Wildes, der jetzt überall stürmisch akklamiert wird. Einer
324 3596 1582 3643 von Stimmungen und Gefühlen“ hat es früher gar nicht gegeben
1607 3605 2859 3656 jungen glücklichen Braut, der er vorgestellt wird, wirft er die freche
324 3630 2862 3700 und darum wird man begreifen, wie schwer es Leuten von der älteren Frage ins Gesicht: „Verehrtes Fräulein Elvira, Sie gedenken wohl
324 3669 2808 3729 Generation wird, allen Regungen der modernen Litteratur zu folgen, bald nach Ihrer Verehelichung sich einen Hausfreund zu halten?
324 3707 1579 3758 Lebhaft erinnere ich mich, wie meine gute Mutter in der Küche Erbse¬
1683 3707 2859 3777 „Wie können Sie es wagen, mein Herr ..." stottert Fräulein
321 3748 1579 3805 auslöste. Später, als lockerer Jüngling, habe ich ähnliches getan
1604 3745 1988 3812 Elvira ganz bestürzt
324 3786 1582 3827 aber nicht in der Küche wie meine selige Mutter, sondern bei „Tant¬
1671 3773 2859 3850 „Ich wage es", erwidert er mit seinem frechsten Lachen, „weil ich
321 3821 2859 3875 Dorothea, auch habe ich nicht Erbsen, sondern ab und zu meine Uhr Sie für eine wahrhaft tiefe Natur halte. Was die gemeine Menge
324 3862 1579 3916 ausgelöst. Doch Stimmungen werden erst ausgelöst, seitdem di¬
1604 3872 2859 3923 mit dem Begriff „Anständigkeit" und „Treue verbindet, nenne ich
321 3894 1575 3964 Moderne aufgekommen ist, früher hat sich so etwas gar niemals er
1601 3916 2776 3967 Starrkrampf der Gewohnheit oder Mangel an Einbildungskraft
318 3935 441 3993 eignet
1687 3929 2859 4005 „Gott, was Sie für ein geistreicher Mensch sind!" sagt Fräulein
394 3961 1575 4018 Die Schwärmer für Oskar Wilde also lassen sich durch ihre
1604 3989 2855 4043 Elvira voll Bewunderung. „Aber in mir sollen Sie sich täuschen
324 4002 1575 4056 Lieblings=Dichter allerlei Stimmungen en masse auslösen. Si
1614 4034 2865 4088 Ich werde meinem Eduard bis zu meinem letzten Athemzug die Treue
324 4050 1579 4101 kleiden sich so dandhaft, wie er sich kleidete, und werfen den niedrigen
1604 4069 1795 4126 bewahren.
318 4085 1579 4135 Erdenwurm von einem Schneider, wenn er mit der Schneiderrechnung
1671 4110 1810 4167 „Treue
1884 4085 2859 4164 Treue! Oh, daß ich nicht lache! Treue, was ist
340 4129 1579 4174 näherzukommen sich erdreistet, zur Tür hinaus, wie der Dichter Oska
1601 4126 2605 4189 Treue Lassen Sie mich den Begriff einmal analisieren
