3392 4352
213 205 387 307 13.
410 213 1093 315 Miscellaneous
1264 209 1758 315 box 44/10
1462 1397 2464 1481 „Nun, auf dem großen, wo sich alle Welt trifft und
2483 1393 3307 1469 ließen sich juchtenbestiefelte Russen von fra
543 1412 1082 1500 Der große Narrenabend.
1367 1427 2213 1530 wo man die schönsten Bekanntschaften macht."
2483 1462 3307 1515 cotten und Loretten während des Cancans and
1226 1439 1329 1534 0
566 1477 1074 1553 Von Theodor v. Binder.
1462 1481 3288 1560 „Ich weiß von keinem, übrigens hab' ich auch keine reckenhafte Deutsche rannten langbezopften
357 1518 1359 1594 Schreibmüde saß ich in meiner Stube und grübelte
1382 1537 2107 1610 Zeit. Ich muß ein Feuilleton schreiben.
2479 1556 3295 1617 um ihnen keinen Pardon geben zu können,
262 1553 1359 1644 über das nächste Feuilleton nach. Es ist so schwer, ex off
1458 1564 3303 1659 „Wird wieder was Schönes werden! Hast du schon bischer Skupschtinisten bot einen überflüssig
270 1621 1636 1686 ein Feuilleton zu verbrechen, und doch muß es sein. Das einen Stoff?
2475 1640 3280 1686 Kaufe aus, großmäulige Torreros ließen
266 1670 1363 1723 Licht der freundlich brennenden Lampe ward nur durch den
1462 1648 1887 1739 „Noch nicht, aber..."
2479 1682 3299 1746 Handvoll Karlisten mit nassen Fetzen in die
270 1716 1367 1769 Tabaksqualm, der meiner langen Pfeife entstieg, etwas
1465 1723 3303 1777 „Ach was, Unsinn! Komm mit auf den Ball und du Oesterreicher und Ungarn fielen sich so be
270 1761 2373 1818 gedämpft, und im kleinen eisernen Ofen knisterte ein recht findest die schönsten Stoffe für zwanzig Feuilletons.
2475 1769 3299 1818 Arme, daß sie den Krampf bekamen und
1462 1799 2293 1875 „Meinst du? Aber ich habe kein Kostüm."
266 1807 1355 1860 behagliches Feuerchen. Von Zeit zu Zeit hörte ich tie
2471 1811 3307 1868 von einander loskamen und die Alldeutsche
266 1845 1363 1902 unter meinem mehrfach verstockten Fenster rollende Fiaker¬
1469 1856 3307 1910 „Was willst du für eines Es soll im Nu da sein, wozu die Köpfe an den Wänden blutig, weil sie
273 1875 1864 1944 räder vorüber rumpeln, ein Zeichen, daß es wieder eine bin ich denn der Teufel?
2479 1898 3310 1959 finden konnten und ihnen sehr, sehr übel zu
270 1936 1359 1993 flotte Ballacht gab, in der sich andere Menschen mehr
1458 1913 2460 2001 „Ach so, richtig. Na, so verschaffe mir eines, welches
2559 1947 3303 1993 „Sieh, sieh den prächtigen Tiergarten
266 1974 1572 2039 oder minder gelangweilt oder mehr oder minder ausgelassen du willst.
2479 1970 3299 2039 mein Führer und zerrte mich nach einer E
1481 1993 2160 2080 „Gut, gelehrter Herr, soll geschehen."
273 2023 1370 2084 abmühten zu schwitzen, zu keuchen, schön zu tun, und sich selbst
2479 2023 3310 2103 wo eine Art Schaubude aufgeschlagen war,
270 2061 1359 2118 und anderen zu gefallen. O sancta simplicitas! Wie ist's
1469 2042 3299 2122 Mephisto machte einige Bocksprünge, fuchtelte mit den zierliches Männchen aufs coulanteste zum
270 2107 1351 2164 doch gut ein Philosoph zu sein und in bequemer Einsam
1374 2111 3310 2171 langen, dürren Armen in der Luft umher und meckerte „Bitte, hereinzuspazieren, meine Herrschafte
270 2152 2468 2206 keit über ein geistreiches Feuilleton nachgrübeln zu einige unverständliche Worte. Im nächsten Augenblicke stak
2490 2164 3307 2232 seine Mann artig, „mein Tiergarten ist ei
1374 2202 3307 2255 ich in der lustigen Maske eines richtigen Hofnarren mit artigsten der Erde. Hier finden Sie die selten
266 2206 524 2263 können. —
361 2217 3307 2308 Plötzlich — ich weiß es nicht, war ich eingeschlummert Buckel und Schellenkappe, Mephisto breitete seinen roten und Abnormitäten bei einander, alle unter
273 2285 2460 2338 oder allzu tief in mein Feuilleton versunken — hörte ich es Mantel aus, nahm mich unter den Arm und wir sausten
2490 2285 3314 2342 — aber es kostet mich auch eine Bärenarb
266 2323 3272 2388 in meinem Ofen rumoren. Eine lange Flammenzunge wie die Windsbraut durch den russigen Schlott in die kalte Racker in Frieden beieinander zu halten.
281 2373 3314 2430 schlug heraus und der alte, etwas rostrote Bursche fing an Winternacht hinaus. — Eins, zwei, drei — und wir waren umwende, wollen sie einander auffressen, al
277 2414 3310 2475 zu hopsen, als hätte er sich ein Räuschchen angetrunken, am Ziele. Ein riesiger, prächtig beleuchteter Ballsaal nahm mir doch, sie von Fall zu Fall nach meiner
270 2464 3322 2532 Ho, ho! Das kenn' ich! Da steckt wieder einmal, ganz wie uns auf, er hatte in den Wänden viele Nischen, Ecken, Grotten zu lassen. Ein großartiger Anblick! Bitte
247 2487 3109 2578 in Margareil und Fäustling“ der Teufel darin und will und Höhlen und es herrschte ein Getümmel und Getöse, zuspazieren, gleich ist der Anfang!"
247 2543 1314 2619 mir einen Besuch abstatten. Gut, ich habe gerade Zeit.
1370 2543 2456 2604 daß es mir wie Dr. Faust in der Walpurgisnacht erging
2570 2521 3310 2604 Ich wollte nicht eintreten, denn ich fürcht
361 2589 2449 2642 „Ich komme schon", rief ich, stand auf und öffnete das es ging mir ein Mühlrad im Kopfe herum und ich hört
2479 2566 3295 2646 lichen Tiere könnten mich beißen oder auffre
270 2627 3288 2692 Ofentürchen. Richtig: Da fuhr's zwischen Flammen und ein Heer von hunderttausend Narren sprechen. Mephisto- phisto beruhigte mich, indem er mich daran
273 2680 3299 2733 Rauch daraus hervor bis mitten ins Zimmer und plötzlich pheles ließ mir aber keine Zeit zur Besinnung, er schob seinen das ja lauter Masken seien, die sich einen
281 2718 2460 2802 stand Freund Mephisto mit Krummbein und Hahnenfeder Arm unter den meinen und drängte mich mitten in der
2483 2730 3314 2775 machen, den großen Narrenabend zu verherr
1374 2767 3307 2821 Trubel hinein, der uns bald verschlang, wie der Strom die zog er mich hinein. Gotteswunder, gab's da
258 2767 437 2832 vor mir.
357 2794 524 2874 „Nun?"
2479 2809 3310 2862 nageriebewohner. Gleich zu Anfang predig
1370 2813 1659 2878 einzelne Welle
353 2855 524 2919 „Nun?"
1469 2824 3299 2908 Hei, was gab's da zu schauen und zu hören! Da tanzte mächtiger Wolff einer Herde Schafe über
1370 2897 3307 2950 ein Trupp als Bluthunde angezogener Engländer einen Treue und gute Sitten, und fraß dabei währe
357 2870 1249 2976 „Warum bist du nicht auf dem Narrenabende?"
1367 2938 3299 3022 wilden Schwertertanz mit furchtbaren Kriegsfurien, dort ein junges, weißes Lämmein auf, daß ihm
353 2942 668 3033 Ausweichen
