3392 4352
252 179 403 268 13.
447 172 1122 290 Miscellaneous
1308 178 1781 297 box 44/10
930 1485 1379 1544 der jedenfals an
151 1515 859 1611 Das ist die Forderung, die jetzt von
931 1521 1987 1594 Erklärung. Denn sie soll nicht den Rechtszustand des
147 1585 614 1658 Seiten erhoben wird.
930 1593 1987 1659 früheren Königreichs Hannover ändern, sondern nur
151 1630 854 1711 man sich denn eigentlich diesen Ver¬
927 1645 1984 1699 das Welfenhaus verpflichten, den gegenwärtigen
166 1692 542 1752 ich dagegen fragen.
927 1696 1545 1749 Rechtszustand nicht anzufechten.
930 1786 1987 1847 heit für immer verleidete Speise von uns stießen. Die
139 1788 728 1897 t Paris und Wien.
930 1836 1987 1893 beleidigten Anhänger des großen Pariser Gaukelspiels
932 1885 1985 1943 lächelten — sie bekamen noch lange recht. Immer
930 1931 1977 1985 wieder hörte man es: das Theater lebt von den Fran¬
156 1931 521 2007 Georg Hirschfeld.
931 1988 1987 2046 zosen — die Franzosen bleiben unerreicht. Man wies
142 2020 865 2080 wiß, wenn man auf der optimistischen
939 2036 1987 2089 sie sogar im germanischen Ringen nach, man fand
175 2081 858 2134 europäische Drama wieder einmal
932 2081 1985 2137 Ibsens Bühnenkenntnis in französischer Schule. Wer
142 2123 867 2180 tation macht: der deutsche Reisende
932 2130 1989 2176 offenkundig oder heimlich bei uns Deutschen das alt¬
145 2171 866 2228 dieser Aufenthalt unausstehlich ist.
928 2183 1979 2243 bewährte Franzmann-Muster okkuperte, hatte ja ge¬
142 2221 785 2271 on Zeit zu Zeit zu konstatieren.
932 2227 1985 2285 wiß den breiten Erfolg für sich. Dennoch — unsere
142 2268 863 2330 es doch einmal ganz. Sich völlig zu
936 2273 1984 2328 gute, starre Michelabwehr hatte recht. Es war kein
151 2316 859 2367 urteilslos zu werden, wäre nicht der
931 2325 1987 2375 Gewinn bei dem ganzen Import. Gar kein Gewinn.
135 2349 863 2419 an muß vielmehr noch einmal gläubig
939 2366 1987 2427 Jetzt vielleicht erst, da man feinhöriger und vor allem
135 2416 865 2483 theater der Gallier sitzen, kindisch in
930 2412 1984 2472 respektvoller geworden ist für deutsche Art, sieht man
159 2458 858 2516 Flimmer starren, beinahe hinein¬
930 2468 1987 2528 es ein. Aber man bedenkt nicht, wieviel deutsches
133 2509 862 2573 wahrhaft dreinhauen und ungemütlich
932 2516 1987 2565 Geistesblut vergeudet worden ist, bis ein Theaterpubli¬
133 2556 865 2618 innen: Nein, Herr Nachbar — Sie
930 2562 1989 2622 kum sein Spannungsbedürfnis von den seelischsten
131 2603 228 2662 an.
930 2603 1989 2658 Dramen Hauptmanns, von den formlosen Feuern
130 2642 865 2711 satik ist ein Versucher, der nur durch
930 2655 1987 2721 Wedekinds und Eulenbergs Träumen befriedigt erhielt.
130 2703 858 2771 die Macht verliert. Hier heißt es an¬
972 2706 1985 2771 Sei es drum — wir sind so weit. Eine sanfte Lächer¬
133 2752 867 2808 ird gelingen, den Zauber zu brechen.
930 2743 1987 2805 lichkeit haftet an den gallischen Explosionen, und er¬
133 2801 865 2862 aber ich weiß, seitdem ich es kenne, daß
939 2800 1987 2861 griffen ist nur noch die gute, immer gläubige Madam.
129 2850 865 2902 das Epos ist. Wir Deutschen sind von
939 2857 1989 2911 Aber die weiß auch nicht mehr, was sie eigentlich er¬
123 2899 865 2947 ch eine seltsame Fälschung beirrt wor¬
939 2902 1992 2955 griffen hat, sobald sie um ihre Garderobe kämpft.
135 2943 867 3008 den Spiegel des Pariser Lebens (falsch
939 2951 1987 3008 Leicht gemacht wird es einem freilich nicht, das Ab¬
130 2993 862 3049 doch immer mächtiger auf der Bühne
938 2997 1987 3048 wirtschaften. Der Pariser Theaterpraktikus baut vor.
147 3041 862 3094 Großeltern und Eltern fütterten uns
936 3040 1987 3095 Besonders, wenn er Henri Bernstein heißt, dessen Name
111 3090 867 3142 beer, und es gab einen wesentlichen
939 3094 1985 3146 ja schon so klug zwischen französischem Charme und
142 3138 865 3221 den Meyerbeer wie eine in der Kind¬
935 3143 1989 3210 deutscher Schwere verhandelt. Henri Bernstein weiß,
2052 1509 3098 1599 gement hat, durch die Aussöhnung durch
2061 1595 3121 1660 sern Welf und Hohenzollern das hannoversche Welfen¬
2054 1643 3114 1696 tum mit einem Schlage kurzerhand aus der Welt
2057 1698 3113 1760 schaffen zu können, der hat sich allerdings gründlich
2054 1790 3110 1845 daß die künstlerische Forderung der Psychologie all¬
2054 1843 3107 1899 mählich zum bürgerlichen Geschmack geworden ist. Es
2052 1889 3111 1947 ist an seinem neuen Schauspiel „Das Geheimnis“, das
2052 1934 3106 1992 kürzlich in den Münchener Kammerspielen aufgeführt
2054 1988 3110 2040 worden, lustig zu beobachten, wo er ganz als Henri, der
2057 2048 3111 2095 unbekümmerte Franzos, losgegangen, und wo ihn der
2064 2082 3106 2141 Blick auf die Nachbarschaft, das Bernsteingewissen, ge¬
2061 2131 3114 2183 packt hat. Eigentlich ist auch dieses Stück nur nach dem
2060 2180 3110 2239 ehrwürdigen Rezept in der Apotheke der Dumas und
2064 2223 3110 2284 Sardou hergestellt. Ein freundlicher erster Akt von
2052 2275 3105 2337 verdächtiger Harmlosigkeit, die sogar etwas lang¬
2052 2317 3111 2385 weilen darf. Dann plötzlich im zweiten Akt ein
2052 2367 3113 2427 „mächtiger Aufstieg, die Entladung der großen Szene.
2064 2420 3106 2471 Im dritten endlich ein beruhigendes Ausdieschulter¬
2061 2465 3107 2525 klopfen des erfolgsicheren Kenners: Du wirst auch jetzt
2061 2520 3110 2570 noch auf die Kosten kommen, braver Zuschauer, denn
2058 2562 3106 2614 ich habe selbstverständlich, abgesehen vom guten Ende,
2053 2613 3110 2664 noch eine überraschende Wendung vorrätig. Soweit
2052 2659 3106 2704 das Rezept. Aber der wahrhafte Theaterkenner berück¬
2064 2707 3110 2765 sichtigt, daß auch die Medizin ihre Fortschritte macht,
2061 2753 3110 2809 mithin auch ihre Rezepte. Er mengt moderne Seelen¬
2061 2800 3103 2858 kenntnis hinein, er liefert neue, psychische Probleme,
2058 2850 3111 2903 Doch während er sich nach der einen Seite hin deckt,
2058 2898 3106 2950 entblößt er sich nach der anderen. Es ist eben nicht zu
2058 2943 3111 3000 machen, denn ein tieferer Diabolus hindert das Ge¬
2052 2993 3113 3045 lingen: die Berechnung. Germanische Seelenkünder
2061 3048 2719 3097 haben den unmittelbaren Drang¬
2768 3045 3111 3101 sie gestalten naiv.
2064 3095 3110 3147 Aus dem dargebrachten Ganzen strahlt erst die Lebens¬
2058 3139 3122 3196 weisheit. Aber der geistig manuelle Franzose belastet
