3344 4320
239 244 1099 354 13 Miscellaneous
1291 248 1772 369 box 44/10
1477 932 1828 1035 Bühne und Welt.
940 1054 2358 1144 Stillebens nebeneinander ihren Auferstehungstag feiern, oder wenn
942 1113 2358 1197 Johanna d'Arc sich unter dem ihren Leichnam deckenden Fahnen¬
940 1163 2362 1238 teppich wieder hervorarbeitet, um ihrem geliebten Publikum Gute
942 1208 2358 1297 Nacht zu sagen. Aber es ist mir bekannt, daß gerade sensible, leicht
932 1266 2355 1341 antastbare Stimmungsmenschen, wie Josef Kainz und Albert Basser¬
933 1320 2348 1393 mann, sich seit je bei Diskussionen und Rundfragen mit Entschieden¬
932 1359 2355 1446 heit auf die Seite des Hervorrufes geschlagen haben: und ich hörte
932 1405 2353 1494 es von Adalbert Matkowsky selber, daß das Volumen seiner Leistung
940 1457 2358 1548 stets zusammenschrumpfte, wenn er nach dem Gesetze der Königlichen
937 1512 2349 1585 Hoftheater in Berlin hinter der Gardine bleiben mußte, während der
933 1559 2351 1635 Donnersalut der Begeisterung minutenlang, ja viertelstundenlang
933 1601 2344 1685 gegen den Vorhang Sturm lief. Ich sage: das Publikum ist nicht
930 1658 2342 1722 immer barmherzig, sondern auch grausam in seinem fanatischen „Nein“.
930 1717 2346 1785 Hundertmale hat der ständige Spaziergänger durch die Theaterwelt
937 1762 2344 1836 es erlebt, daß — während der Autor bei Beginn des Schiffbruches
928 1806 2339 1869 den Abstand wahren konnte — gerade der Schauspieler inner¬
928 1852 2339 1934 halb der Gefechtslinie rücksichtslos verantwortlich gemacht wurde: und
928 1908 2344 1984 man weiß, daß Rudolf Rittner gerade an jenen Abenden, an welchen
928 1952 2344 2036 der Berliner Premierenpöbel nicht nur Herbert Eulenbergs Drama
928 1999 2344 2073 „Ritter Blaubart“ und Artur Schnitzlers Schauspiel „Der Ruf des
921 2052 2341 2134 Lebens“, sondern auch die Leistungen Rittners in unmanierlichster
933 2097 2342 2170 Form in Stücke schlug, aus dieser Respektlosigkeit, die sogar vor dem
919 2162 2344 2227 „beliebten und verdienten Darsteller“ nicht ins Mauseloch kroch, den
930 2198 2339 2271 Entschluß faßte, die letzten Konsequenzen zu ziehen und dem Theater
924 2257 2330 2317 abzusagen! Und dennoch braucht die respektive Eigenart des
933 2292 2333 2369 Schauspielers diese ständige Korrespondenz mit dem Publikum braucht
916 2346 2326 2424 den Stimmungselevator des in wohlwollendem Beifall sich aus¬
928 2390 2330 2456 sprechenden „Ja, ja"; ja, sie ist sogar der Meinung, daß ein Augen¬
916 2442 2333 2524 blick, gelebt im Paradiese einer am Anfang oder auf dem Zenith
916 2487 2333 2560 des Abends bejubelten Szene schlimmstenfalls nicht zu teuer mit dem
914 2538 2330 2618 Tode einer später erfolgenden, glatten Ablehnung gebüßt ist. Und
916 2595 2333 2668 nur ein großer Künstler, Friedrich Kayßler, begegnet dem Applaus,
916 2636 2328 2709 diesem Sichaussprechen der großen Menge, wenn er sich ihm stellen
914 2699 2326 2772 muß, stets mit finsterem Gesicht, mit verachtungsvoll geschürzten
916 2734 2323 2809 Lippen und mit ernst gerunzelten Brauen, das Schlagwort: „Odi
916 2791 2323 2857 profanum vulgus et arceo" auf der Zunge. Ihm ist eben die Kunst
917 2838 2326 2902 Tempeldienst ein heiliges Sichloslösen und Sichentfernen vom
910 2882 2323 2962 Irdischen, und mit dieser Auffassung hat das Allzuirdische des
907 2939 2323 3016 Hervorrufs, den ich gewiß als eine Notwendigkeit, bei genauer
908 2984 2341 3057 Charakterisierung aber nur als ein Erregungsmittel, eine hübsche¬
908 3032 2325 3121 Spielerei oder einen Geschäftstrick einschätze, natürlich durchaus nichts
907 3078 1172 3160 zu schaffen.
1730 3098 2282 3181 Walter Turszinsky.
1569 3327 1648 3400 1
