3344 4352
192 237 1055 345 13. Miscellaneous
518 1158 1013 1351 Feuilleton.
434 1382 1109 1512 Betrachtungen.
588 1538 948 1615 Die Vernunft.
311 1604 1305 1664 Man hat sich mit dem Gedanken vertraut gemacht, die
246 1646 1300 1707 Vernunft sei die stärkste Triebkraft im Leben der
252 1691 1298 1738 Menschheit, weil die Fortschritte, die Erfindungen, die Ent¬
242 1734 1296 1772 deckungen ihr zu danken sind. Im ganzen Lauf der Ge¬
249 1772 1297 1819 schichte waren ihr aber andre Kräfte beigesellt, die sich oft
252 1804 1305 1849 als übergeordnete geltend machten. Der Aberglaube
249 1848 1304 1891 baute sich eher zehn Tempel, als die Vernunft einen ein¬
252 1883 1301 1927 zigen. Der Aberglaube hat Göttern und Teufeln Wirklich¬
252 1925 1298 1971 keit geliehen, Priester verehrt und Heren verbrannt, wäh¬
249 1962 1307 2011 rend die Vernunft sich auf bescheidene Selbstverteidigung¬
252 1996 1307 2044 beschränkte ... Weil wir der Vernunft alles, was gut und
249 2040 1302 2092 nützlich ist, verdanken, von den Zündhölzchen bis zur draht¬
254 2076 1304 2118 losen Telegraphie und dem elektrischen Licht, ist man ge¬
254 2115 1301 2159 neigt, die Unvernunft zu unterschätzen. Trotz aller
254 2153 1304 2209 Siege der Vernunft aber muß man fragen, ob die Unver¬
249 2196 847 2249 nunft nicht noch mehr vermag.
560 2321 1005 2393 Natürliche Moral.
326 2361 1301 2433 Jeder weiß: begehe ich gewisse Unvorsichtigkeiten oder
257 2418 1307 2463 Ausschweifungen, so werde ich dafür büßen müssen. Allein
254 2460 1308 2502 das hat nicht das geringste mit der Moral zu tun. Ob
254 2494 1308 2540 ich ins Wasser zur Winterszeit springe, um einen Menschen
257 2533 1307 2582 zu retten, oder ob ich dadurch ins Wasser zur Winterszeit
264 2575 1307 2622 falle, daß ich einen Menschen hineinstürze, um ihn zu ermor¬
222 2595 1307 2673 den: die Erkältur, die ich mir zuziehe, und deren Fol¬
266 2655 1307 2701 gen bleiben ganz die gleichen. Die Natur ist gegen meinen
810 2691 1313 2743 Man pflegt eine gewisse Na¬
264 2691 760 2748 Beweggrund gleichgiltig.
254 2727 1315 2781 turgerechtigkeit in der Erblichkeit zu erblicken. Gebrechen
264 2769 1313 2812 und Fehler der Eltern werden ja in gewissen Fällen an den
264 2805 1313 2852 Kindern heimgesucht. Doch auch hier ist die Gerechtigkeit
266 2844 1313 2886 nur scheinbar. Ein Vater kann Arme geplündert, Unschul¬
264 2881 1313 2936 dige verfolgt, seine Freunde betrogen und verraten, die
264 2917 1313 2970 allerniedrigsten Schändlichkeiten begangen haben, ohne daß
261 2955 1316 3008 dies die mindeste Spur im Körperbau seiner Kinder hin¬
266 2990 1307 3043 terließe. Nur darauf kommt es an, daß er seine Gesund¬
273 3035 1320 3085 heit nicht untergrub ... Gesetzt, der Vater hätte sich bei
269 3070 1323 3118 Erfüllung seines Berufs oder durch eine heldenmütige,
276 3112 1313 3166 selbstverleugnende Handlung eine furchtbare Krankheit zu¬
276 3151 1323 3199 gezogen: die Natur straft das Kind genau so, als wäre das
276 3188 1323 3235 Uebel die Folge einer Schlechtigkeit... Es gibt also
269 3222 1319 3270 keine wirkliche Gerechtigkeit in der Natur; und würden wir
273 3262 1320 3312 ihrem Beispiel folgen, so kämen wir dahin, gleich ihr im
266 3301 1320 3350 Lebenskampf einzig dem Stärksten, Rücksichtslosesten und
269 3337 798 3412 Bestbewaffneten rechtzugeben.
1242 238 1722 323 box 44/10
1726 1228 2003 1321 Das Leben.
1389 1282 2380 1354 Es gibt einen Turm, den wir alle besteigen müssen.
1344 1347 2380 1390 dert Stufen sind es zuhöchst, die hinanführen. Der
1339 1385 2380 1432 Furm ist hohl, und ist man ganz emporgeklettert, so stürzt
1330 1426 2378 1474 man innen hinab und wird zerschmettert. Doch fast nie¬
1330 1461 2383 1509 mand fällt von so hoch oben in die Tiefe. Jeder ersteigt nur
1339 1504 2380 1545 eine gewisse Anzahl Stufen; hat er die ihm bestimmte letzte
1339 1538 2380 1588 erreicht — und niemand weiß im voraus, die wievielte für
1339 1576 1751 1628 ihn die letzte sein wird
1804 1578 2391 1624 — so gibt sie unter seinen Füßen
1335 1619 2378 1660 nach, wird sie zur Luke einer Fallgrube, und er verschwindet.
1344 1653 2382 1700 Er weiß nur nicht, ist es die 20. oder die 63., oder was sie
1344 1693 2380 1739 sonst für eine Nummer hat; doch daß eine davon unter
1343 1731 2002 1799 ihm weichen wird, dessen ist er sicher.
1384 1747 2384 1823 Anfangs steigt sich's leicht, wenn auch langsam. Der
1347 1819 2390 1862 Aufstieg selbst scheint nicht im geringsten beschwerlich, und
1344 1854 2380 1899 bei jedem Schritt bereitet die Aussicht durch die Gucklöcher
1339 1895 2383 1935 des Turmes Vergnügen die Fülle. Alles ist so neu. Der
1351 1933 2384 1979 Blick hängt mit anhaltendem Interesse an Nahem und Fer¬
1342 1975 2383 2023 nem. Und noch so vieles ist zu erwarten. Allmählich aber
1342 2010 2389 2060 verursacht das Steigen größere Beschwerlichkeit, das Auge
1344 2053 2391 2096 wird gleichgültiger gegen die Aussicht, die stets die näm¬
1351 2087 2393 2132 liche zu bleiben scheint, und gleichzeitig hat man das Ge¬
1351 2126 2387 2168 fühl, als verweile man fast nicht auf den einzelnen Stu¬
1351 2163 2391 2210 fen, sondern käme so rasch in die Höhe, als nähme man
1351 2199 2395 2249 mehrere Stufen auf einmal, was doch nie geschehen kann.
1407 2240 2390 2288 So oft jemand, wenn ein Jahr um ist, eine weitere
1351 2272 2391 2325 Stufe erstiegen hat, beglückwünschen ihn die Mitwander¬
1347 2315 2387 2357 daß er noch nicht verschwunden ist. Hat er zehn Stufen
1347 2356 2395 2405 hinter sich und steht vor einem neuen Treppenabsatz, so
1351 2395 2387 2437 werden die Glückwünsche wärmer, und mit jedem Mal stei¬
1347 2430 2394 2480 gert sich die Herzlichkeit, mit der ihm die stets paradoxer
1347 2464 2394 2517 werdende Hoffnung auf eine noch lang währende Fortsetzung
1344 2508 2395 2554 der Wanderung ausgesprochen wird. Der Betreffende fühlt
1347 2545 2394 2589 sich gewöhnlich tief gerührt und gedenkt weder der geringen
1346 2586 2394 2651 Befriedigung, die er bisher empfunden, noch all der Wider¬
1347 2622 2171 2670 wärtigkeiten, die ihm ferner bevorstehen mögen.
1416 2659 2397 2725 So verfliegt den meisten, sogenannt normalen Menschen,
1347 2704 2268 2766 die geistig auf demselben Fleck kleben, das Leben.
1421 2779 2402 2848 In solchen und ähnlichen Betrachtungen würde ich mich
1354 2840 2390 2890 gern noch weiter ergehn — und ich täte es umso lieber, als
1362 2877 2402 2925 ich bestimmt weiß, daß verständnisvolle Leser schon jetzt,
1357 2911 2397 2965 nach diesen wenigen Proben, meinen scharfen Geist, meinen
1354 2954 2398 3007 erlesenen Geschmack, meine poetische Empfindung und mei¬
1357 2992 2222 3043 nen meisterhaften Stil anerkennen werden.
2307 2994 2398 3046 Aber,
1362 3027 2395 3077 aber ...! Ein gewisses Etwas hält mich davon ab!...
1357 3067 2261 3113 Ein plötzliches Gefühl der Unruhe, der Angst! . .
2311 3067 2395 3119 Man
1354 3104 2398 3159 wird mich sofort verstehn, wenn man sich daran erinnert,
1362 3147 2393 3193 wie es kürzlich dem Berliner Kritiker Jacobsohn ergan¬
1359 3185 2399 3235 gen ist. Diesen Mann — welche Ungerechtigkeit! — stellte
1362 3231 2403 3270 man als Plagiator hin. Und warum? Weil er mehrere
1359 3255 2399 3312 Rezensionen geschrieben, die mit mehreren Kunstkritiken aus
1359 3301 2407 3349 mehreren älteren Zeitungs=Jahrgängen wörtlich überein¬
1362 3334 2398 3383 gestimmt hatten. Ja noch mehr: man nahm gar keine Rück¬
1359 3369 2402 3433 sicht auf seine Verteidigung, in der er doch so kräftig ver¬
2428 1204 3245 1269 certe, daß ihm jede Absicht eines Plagiats
2420 1258 3272 1307 und daß, wenn er dies und jenes genau so gesag
2421 1294 3262 1338 Herr Gold schon vor Jahren gesagt hat,
2421 1334 3246 1370 krankhaft überstarkes Gedächtnis daran schuld
2425 1371 3273 1413 Riesengedächtnis, welches ihn oft daran verhinde
2421 1411 3273 1454 Namen dessen zu merken, dessen Gedanken und
2425 1444 2552 1497 schreibt.
2475 1463 3265 1528 Nun denn auch ich, wie ich beizeiten gestehen
2421 1519 3272 1576 solch psycho= und antipathisches Gedächtnis, wie
2421 1558 3262 1609 cobsohn; und ich erinnerte mich dessen vor einer
2428 1601 3278 1650 gerade als ich meine Betrachtung über „das Leben
2425 1639 3277 1687 Der Leser begreift jetzt wohl, daß ich nicht weiter
2421 1677 3262 1720 mag. Bedenke er doch: Wie leicht könnte man
2425 1711 3277 1762 des Plagia. beschuldigen! Wie heftig könnte ma
2421 1753 3289 1804 erfen, daß meine Gedanken die Gedanken ein
2428 1789 3278 1834 mein meisterhafter Stil der meisterhafte Stil ein
2430 1831 3270 1880 sei — und daß ich absichtlich meinen Kopf mit
2430 1864 3283 1912 andern verwechsle . . . Ja ich müßte mich dan
2421 1907 3278 1972 machen, daß vielleicht schon morgen mir irge
2428 1946 3272 1987 nachwiese, ich hätte meine „Betrachtungen“ in
2440 1980 3273 2027 ster Weise den „Gedanken und Gestalt
2430 2022 3281 2068 lag von Albert Langen in München) entnomm
2430 2061 3285 2126 ganzenden Buch, dessen Verfasser kein Geringer
2428 2098 3265 2142 Georg Brandes... Was dann?... T
2428 2133 3278 2175 ich als doppelter Plagiator da: als einer, dere
2433 2172 3284 2218 gemacht hat, wie Brandes — und als einer, der
2430 2209 3285 2260 gemacht hat, wie Jacobsohn ... Nein, da halt
2437 2251 3044 2310 nem „meinen Betrachtungen!
2487 2279 3292 2340 Allerdings, wenn man mich angriffe, könnt
2440 2314 3291 2383 besser verteidigen, als der Berliner Herr es geta
2430 2368 3281 2424 besser! Ich gäbe einfach mein Ehrenwort dar
2433 2406 3277 2452 würde es beschwören, daß die „Betracht
2437 2447 3277 2489 meiner Feder geflossen sind — und nötigen
2437 2485 3283 2536 ich als unverwerflichen Zeugen jenen Papier¬
2432 2525 3280 2583 führen, bei dem ich die Feder gekauft habe, som
2433 2560 3277 2609 gehörigen Tinte.... Auch könnte ich noch das
2433 2601 3277 2650 Wort anführen: „Alles ist schon gedacht worden;
2440 2637 3203 2689 nur versuchen, es noch einmal zu denken
2440 2673 3280 2728 logischerweise einen anderen Satz ableiten: „Alle
2428 2717 3280 2777 geschrieben worden; man muß nur versuchen, es
2433 2752 3285 2802 zu schreiben ..." Doch ich verzichte lieber auf
2437 2789 3277 2835 Sache. Die Welt ist so mißtrauisch, so bosha
2440 2824 3274 2882 solche Argumente ließe sie vielleicht nicht
2433 2867 2756 2935 Also Schluß
2490 2897 3273 2980 Den Lesern aber darf es leid tun, daß ich
2482 2951 3278 3032 *) Jetzt fühlt sich, wie bei diesem Anlaß erwäh
2440 3021 3277 3072 noch Arthur Schnitzler, — wirklich: Arthur
2440 3069 3281 3111 ler! — gedrängt, dem kleinen Dieb zu Hilfe zu
2443 3099 3270 3145 aus ärztlicher Erfahrung mildernde Umstände
2445 3136 3283 3185 Tiefsinn hervorzusuchen In einem Artikel in der he
2443 3174 3280 3226 kunft behandelt er das Thema: Dies patholog
2440 3212 3277 3264 kein Engel ist so rein! Es ist erstaunlich zu
2443 3251 3283 3299 heutzutage das Gefühl für das Einfach¬
2444 3288 3269 3345 ständliche hinschwindet und wie die tolle
2443 3326 3280 3387 wirrung sogar auf das Gebiet der Kindermor¬
2443 3369 2721 3441 greift. D. Red.
