3344 4320
229 240 1097 356 13. Miscellaneous
1280 237 1766 352 bo 44/10
1570 1341 3338 1425 ward beherrscht von engbrüstigem Epigonenthum theils ebenso die schlauen Specula
154 1392 308 1462 si, ohne
2746 1403 3331 1462 Masch. Letzterer, wohl sicher
341 1398 1486 1469 der Indianergeschichte, beherrscht er wie Wenige, viel¬
1570 1409 2713 1467 Schillerscher, theils Goethescher Observanz. Ersteres
2755 1449 3331 1517 aus der arischen Beimischung
169 1447 310 1513 ließen.
343 1456 1484 1511 leicht wie Keiner. Mit markiger Faust läßt er seine waffen¬
1579 1453 2704 1522 schwelgte im Jambendrama und pathetisch-sentimentalen
2755 1495 3331 1555 Kraft, bewies aber bald in tro
167 1497 306 1557 ne.
345 1508 1489 1557 rasselnden Jambenskelette tranzen und zwingt selbst Wider¬
1572 1504 2718 1566 Professorenroman, der von der Historie nur das Kleid
2753 1548 3338 1607 die geile Erotik jüdischer P¬
174 1550 1493 1607 seither willige in den Bann seines ungestümen Radaus. Ist der
1570 1552 2722 1623 borgte, und kommt für die wahre Geschichte der Literatur
2759 1585 3336 1653 führt. Der echte Germane
158 1592 303 1656 ten Un¬
345 1596 1489 1653 Spectakel vorüber, reibt man sich die Augen und lacht
1570 1601 2715 1662 ebensowenig in Betracht, wie die Tendenzschriftstellerei
2753 1647 3338 1704 Wirklichkeitsnaturalismus von
161 1647 1493 1715 es fehlt über den Spuk. Alles eitel Blendwerk. Von Charakteristik
1570 1651 2722 1711 der Gutzkow, Spielhagen und ihrer Ableger. Letzteres
229 1693 310 1752 als
350 1693 1069 1748 fehlen in diesen Costümstücken, ob
1163 1700 1484 1761 nun die Karo¬
1570 1682 3331 1766 aber, das Goetheisirende Künstlerthum, das mit dem nographie, indem er mit ken
2757 1735 3338 1803 milden Volksbilder versittlich
341 1748 1489 1810 linger aus der Modergruft beschwören oder an unseren
1570 1741 2713 1805 wahren Goethe blutwenig gemein hat, pflegte die psycho¬
2762 1774 3333 1849 schätzen, wie das heute Mode
154 1790 303 1854 nendes
341 1790 1489 1858 Phrasenpatriotismus mit Hohenzollern=Verherrlichung
1577 1794 2729 1860 logische Erzählung mit viel Feinheit und poetischem
2751 1834 3316 1904 denn der große Stil, selbst
158 1840 310 1898 animirt.
341 1847 1482 1895 appelliren, die leisesten Ansätze. Wo Dietrich Quitzow
1577 1843 2722 1915 Schmelz, ohne jedoch irgendwie die Sphäre höherer Poesie
2753 1895 3336 1950 nicht, an die großen Russen
161 1889 290 1948 funde
345 1891 1478 1946 sich einmal charakterisiren will, da sagt er „Quatschkopf
1577 1891 2720 1959 auch nur zu streifen. Von der Selbstgefälligkeit dieser
2766 1924 3325 1996 selbst Dostojewskis „Raskolni
154 1935 308 1996 ielleicht
341 1946 1486 2005 oder sonst schöne Berlinismen, der Mensch selbst bleibt
1577 1937 2720 2007 alten Herren, die sich später über den Größenwahn der
158 1985 310 2045 wirklich
341 1990 1482 2049 ein äußerliches Schemen wie zuvor. Im „König Hein¬
1577 1979 3336 2058 „Jüngsten“ weidlich entrüsteteten, kann man sich heute „Macheth“. Wohl aber wird
2762 2029 3322 2095 gänglichem Gedächtniß mit E
158 2036 301 2093 bar,
341 2040 1486 2095 rich, wohl dem geistig am wenigsten unzulänglichen Er¬
1579 2036 2722 2104 keinen Begriff mehr machen. Die jüdische Eitelkeit Auer¬
2757 2078 3331 2139 man sein, „Viertes Gebot,
161 2082 308 2142 er alles
350 2089 1493 2142 zeugniß des großen Bühnenmeisters, verausgabt sich alle
1581 2084 2726 2150 bachs wurde sprichwörtlich, sehr mit Unrecht, denn der
2762 2124 3331 2192 und mehrfach bedenklich pap-
161 2131 308 2192 senband
341 2137 1484 2183 Energie in den ersten beiden Acten, in „Heinrichs Ge¬
1587 2128 2722 2197 wahnsinnige Dünkel eines Freytag, Heyse, Scheffel,
2757 2177 3329 2241 manns zweifellos nachemp¬
161 2179 314 2238 Sachen
352 2181 1484 2238 schlecht“ desgleichen, im „Marlowe, dem einzigen echt¬
1585 2192 2729 2247 Keller äußerte sich nur minder naiv. Die pöbelhafte Grob¬
2766 2230 3331 2282 dort der reine naive Dichte
154 2223 1484 2289 Gedichte tragischen Conflict, den er je — nach einer Novelle von
1585 2232 2722 2302 heit Gottfried Kellers war nur ein Ausfluß seines tollen
2766 2271 3331 2339 Barde jüdischer Salons, der
176 2278 303 2342 leben¬
345 2278 1480 2335 Tieck — ergriff, versagt der entscheidende Schluß völlig
1579 2280 2731 2339 Selbstgefühls. Wie sollte er auch nicht, wenn man ihn,
2764 2313 3329 2379 Wenn also Oesterreich in jen
189 2322 317 2401 Tiefe
343 2324 1486 2383 denn nichts ist wirklich durchdacht, innerlich miterlebt,
1581 2328 2733 2390 den hausbacken langweiligen Stilfeiler, ohneweiters zum
2762 2370 3336 2441 wo im Gegensatz zur Gelby
350 2377 1486 2434 sondern alles nur bühnisch äußerlich gesehen. Wildenbruch
1581 2375 2729 2445 „Shakespeare der Novelle ernannte, wohl die frechste
2764 2410 3307 2476 verselei Stefan Milow u.
343 2427 1484 2476 wie Voß könnten aus der wahren Literatur mit Haut und
1581 2430 2726 2496 Blasphemie, zu der sich Cliquenmarotte verstiegen hat.
2755 2467 3307 2542 walteten, Deutschland eher
204 2465 308 2526 feier¬
341 2476 1489 2533 Haar verschwinden, und nicht ein Körnchen Echtes oder
1581 2482 2731 2546 Ganz gewiß werden einzelne „Meisterwerke dieser
2766 2513 3333 2584 freilich gestehen, daß es de
154 2518 306 2579 Witz¬
350 2518 1484 2584 gar Neues ginge damit verloren. An einer Entwicklung
1581 2522 2733 2603 „Meister" ein Leckerbissen für Feinschmecker bleiben. Aber
2766 2557 3331 2632 epoche 1885 bis 1900 kein
341 2570 1486 2628 der Literatur haben sie so wenig Antheil, wie alle älteren
150 2564 303 2632 und
1587 2570 2740 2643 gerade wenn man diese Sachen gebürend werthet, lernt
2775 2601 3336 2671 schenkte. Denn Hermann
158 2617 310 2682 sen für
341 2617 1484 2689 Notoritäten der Goetheisirenden oder Schillerisch nach¬
1585 2619 2737 2698 man abschätzen, daß nie und nirgendwo eine neue Note hier
2764 2665 3300 2731 lutionär“ und nachheriger
152 2667 301 2733 nz un¬
341 2667 866 2748 posirenden Epigonenkunst.
1592 2669 2733 2731 anklang, daß sie sämmtlich nur ein Füllsel in einer an
2770 2702 3281 2777 nur eine komische Figur.
169 2715 303 2777 solcher,
435 2707 1489 2775 Da merkte man schon eher etwas Eigenarti den
1596 2718 2737 2784 sich bedeutungslosen Epoche bedeuten. Nun wohl, mag
2777 2755 3307 2825 sprüngliche Stürmerei in
154 2766 310 2830 ühmten
341 2753 1493 2819 Versuchen des heute verschollenen braven Antis niten
1587 2766 2729 2828 Localchauvinismus die erotische Glut und den denkeri¬
2764 2803 3307 2883 manche „große Sünde auf
350 2812 1493 2867 Hans Herrig, dessen schwache lyrische Natur zwar jeder
176 2812 301 2874 Nein,
1601 2817 2735 2880 schen Schwung Hamerlings überschätzt haben, er vertrat
2770 2850 3333 2927 die „wider den heiligen Gei¬
158 2863 310 2922 pt eine
341 2863 1493 2924 dramatischen Kraft entbehrte und der daher als an¬
1592 2858 2733 2927 doch allein noch den großen Stil. Das gleiche gilt
2770 2894 3338 2960 Und die angebliche Wiener
154 2907 308 2973 die Art
345 2907 1489 2971 geblicher Dramatiker nur Melodramen hervorbrachte, dem
1587 2909 2735 2968 von F. v. Saar. Und auch im „Realistischen" ging Oester¬
2775 2944 3336 3025 Hofmannsthal und Genossen
350 2957 1484 3019 aber wenigstens vornehme Ziele nach gedanklicher Richtung
158 2957 310 3017 I, vom
1592 2962 2733 3014 reich voran, obschon bezeichnenderweise Juden oder Juden¬
2773 2999 3314 3069 Berliner Saamen empor,
222 3006 314 3069 Als
343 3006 1489 3058 vorschwebten, ein schwächliches Streben nach historischer
1596 3017 2729 3080 stämmlinge zuerst diese Pfade einschlugen, die dem ger¬
345 3054 1486 3122 Symbolistik. Eine sonstige Wendung zum Besseren gab
145 3050 301 3124 Schiller,
1596 3045 3124 3122 manischen Naturell sonst so wenig behagen. Der kraft¬
354 3105 1486 3153 sich eigentlich nur in Oesterreich kund, dem allzu be¬
211 3105 314 3157 eine
1587 3100 2777 3175 meiernde Hopfen (Halbösterreicher) erregte Hoffnungen,
158 3151 1480 3223 in Stilscheidenen. Die ganze Epoche 1860 bis 1880 nämlich
