3392 4384
227 205 361 290 13.
423 205 1085 312 sans
1278 202 1750 306 b 44/10
2133 562 2380 659 Seite 4.
2743 575 2955 664 Mittwoch,
2191 710 2920 828 Theater und Kunst.
2134 870 2959 968 Julius Bittner über das Kunstamt.
2218 980 2965 1040 In Angelegenheit des Kunstamtes wurde
2137 1029 2962 1088 schon seinerzeit des öftern der Name Doktor
2135 1084 2962 1140 Julius Bittner genannt. Wir konnten
2140 1136 2959 1193 schon damals die Ansicht des geschätzten
2141 1181 2963 1255 Komponisten in dieser Frage kennen lernen
2135 1231 2902 1303 und wollen ihm selbst das Wort gönnen:
2212 1285 2959 1348 „Ich will Ruhe," sagte Bittner, „Ruhe
2132 1337 2962 1399 und sonst nichts. Ich weiß sehr wohl, daß
2135 1388 2959 1433 man hier und dort meinen Namen mit dem
2140 1433 2956 1497 Kunstant in Verbindung gebracht hat, ich
2135 1483 2954 1545 habe aber keineswegs die Absicht, die Leitung
2135 1528 2957 1581 eines solchen zu übernehmen. Allerdings
2138 1573 2962 1640 halte ich die Gründung dieses Amtes für un¬
2132 1625 2959 1682 erläßlich und wir werden auch früher oder
2148 1679 2956 1742 später an seine Installierung schreiten müssen.
2129 1724 2956 1786 Momentan freilich gibt es Wichtigeres zu
2132 1777 2956 1840 tun, und der Lebensmittelfrage gegenüber
2135 1831 2952 1877 muß natürlich die Kunst in den Hintergrund
2132 1873 2954 1935 treten. Die Autoren, und um diese handelt
2141 1926 2954 1983 es sich ja vor allem, stehen ohne jeden recht¬
2132 1982 2951 2034 lichen Schuh da. Sie sind jeglicher Aus¬
2132 2019 2951 2079 deutung völlig preisgegeben und haben keiner¬
2138 2071 2951 2130 lei Handhabe, sich gegen die diversen Ver¬
2132 2126 2954 2178 triebe zu schützen. Diesen Zustand der Recht¬
2132 2166 2956 2224 losigkeit muß energisch ein Ende gemacht
2135 2223 2957 2278 werden, vor allem durch Schaffung eines
2132 2272 2956 2331 neuen Urheberrechtes. Unser Urheberrecht ist
2135 2314 2957 2383 längst veraltet und muß unbedingt, und zwar
2135 2373 2954 2424 nach Muster des französischen Rechtes, neu
2138 2423 2955 2485 geschrieben werden. Es ist keine Kleinigkeit,
2138 2471 2948 2525 um die es sich da handelt, denn unsere schaf¬
2141 2523 2948 2577 senden Künstler sind ja doch das einzige
2141 2568 2948 2620 Kapital über das wir verfügen, ihre Arbeit
2138 2612 2948 2679 bedeutet für uns Francs, Mark und viel¬
2138 2667 2955 2725 leicht sogar Dollars. Es wird ein rechtlicher
2145 2712 2954 2767 Statut zustande kommen müssen, der aus¬
2145 2756 2954 2820 schließen soll, daß in Hinkunft im Auslande
2138 2809 2955 2876 Werke heimischer Künstler gespielt werden,
2135 2864 2954 2923 ohne daß diesen auch nur ein Heller an
2141 2906 2959 2964 Tantiemen bezahlt wird. So spielten.
2138 2954 2956 3023 während des Krieges Schnitzler in
2141 3008 2956 3073 Paris, Schönherr in Japan,
2138 3056 2955 3115 mann in Amerika und Oskar Straus
2135 3104 2957 3162 in London. Alles gratis. Solchem Unfug
2135 3151 2957 3208 aber kann nur eine Behörde, ein Amt ein
2135 3202 2954 3264 Ende bereiten. Das bisherige sagt schon, daß
2141 3258 2954 3313 dieses Amt aus Künstlern und Juristen unter
2132 3306 2954 3368 Leitung eines Künstlers zusammengesetzt
2132 3354 2951 3409 sein muß. Es wird gewiß schwer sein, einen
2145 3406 2951 3460 solchen zu finden, einen Künstler und ganzen
2138 3454 2951 3502 Menschen, aber man muß es eben versuchen.
2135 3501 2941 3558 Auch Minister sind oft und oft gewechselt
2126 3550 2951 3621 worden. Wenn man aber den geeigneten
2132 3596 2954 3647 Mann gesunden hat, dann wird der neue
2132 3644 2954 3700 Organismus segensreich arbeiten und an die
2138 3694 2955 3756 Lösung seiner großen Aufgaben — vor
2132 3743 2941 3797 allem: Förderung werdender junger Künst¬
2126 3796 2954 3851 er schreiten können. Und unsere Künstler
2132 3846 2949 3905 wieder werden ruhig arbeiten, da sie wissen
2138 3887 2955 3950 werden, daß es eine Stelle gibt, die sie vor
2132 3936 2954 3997 jeder Ausbeutung schützen kann und auch zu
2138 3991 2948 4046 will ist. So stelle ich mir ungefähr
2124 4039 2905 4124 sendung des neuen Kunstances vor.
