3392 4352
219 280 350 371 13.
417 282 1075 378 Miscellanes
1275 275 1741 386 box 44/10
938 995 1618 1053 leicht ist nicht immer genügend be¬
938 1050 1622 1108 achtet worden, daß die Unterbrechung
941 1098 1618 1151 der Überlieferung auf vielen Ge¬
938 1142 1619 1203 bieten unsrer Ausdruckskultur in
931 1202 1618 1252 dem Auseinanderweichen dieser bei¬
941 1248 1624 1298 den ihre Ursache hat. Volkskultur ist
944 1293 1618 1361 niemals dort möglich, wo einer dün¬
940 1339 1621 1403 nen Schicht „Intellektueller“ eine in
941 1393 1618 1448 wirtschaftlichen Nöten gebundene
938 1442 1625 1506 Masse gegenübersteht. Tragen
941 1492 1618 1556 kann doch eben nur diese oft ge¬
938 1541 1372 1605 ring geschätzte Masse.
1138 1579 1625 1647 Johannes Buschmann
944 1675 1428 1749 Auf Subskription
958 1729 1625 1802 unsre moderne Kultur entwickelt
950 1782 1627 1855 sich wissenschaftlich. Sie macht
947 1832 1627 1904 es ihren dereinstigen Geschichts¬
944 1880 1624 1940 schreibern leichter, als die boshafte
946 1931 1621 1985 Schöpfung, die den gelehrten Dar¬
944 1981 1630 2026 winisten zum Trotz immer gerade
947 2023 1618 2088 ihre interessantesten Stellen ver¬
953 2072 1624 2134 finstert und dadurch unfehlbare
944 2127 1631 2187 Forscher zu unfehlbar blamablen
947 2181 1627 2233 Hypothesen verleitet. Unsrer mo¬
943 2226 1628 2287 dernen Kultur fehlt kein Zwischen¬
947 2273 1625 2335 glied. Hat sie sich schon einmal
947 2326 1624 2378 im Abermut so weit vergessen,
953 2368 1625 2429 sprunghaft vorwärts zu schreiten,
950 2421 1627 2479 so holt sie später das Versäumte
943 2468 1630 2523 brav nach. Vor ungefähr zwanzig
947 2514 1621 2579 oder fünfundzwanzig Jahren gab
943 2569 1630 2622 es in Deutschland eine sogenannte
944 2612 1628 2675 anständige Literatur und eine un¬
944 2659 1624 2723 anständige. Die anständige wurde
947 2714 1630 2777 gedruckt, die unanständige hand¬
961 2756 1627 2816 schriftlich verbreitet. Die anständige
953 2806 1625 2869 war in Buchhandlungen zu kaufen,
953 2859 1630 2908 oder — man soll in einer wissen¬
959 2905 1624 2966 schaftlichen Untersuchung ehrlich
958 2954 1624 3016 sein — in Leihbibliotheken zu bor¬
946 3003 1631 3066 gen. Die unanständige wurde einem
950 3052 1627 3108 gelegentlich von irgendwem heim¬
953 3096 1628 3161 lich zugesteckt. Sie sah schmierig
952 3150 1637 3212 aus, wie es ihrem Inhalte entsprach,
959 3203 1631 3251 und wenn man sie las, so hatte man
959 3244 1637 3308 Herzklopfen und schämte sich. In
956 3300 1631 3363 jenen grauen Zeiten, vor fünfund¬
959 3344 1630 3403 zwanzig Jahren, gingen dunkle
958 3395 1635 3452 Sagen um, wonach es in Paris,
970 3489 1311 3546 2. Juliheft 1908
1681 984 2362 1049 Pest und Wien schlimme Zeitungen
1678 1045 2359 1105 und Bücher gäbe, mit sehr aus¬
1684 1091 2362 1160 gezogenen Bildern und Mikosch¬
1678 1144 2362 1201 witzen. Die Sieger von Sedan
1678 1194 2359 1253 kannten dergleichen in ihrem eige¬
1681 1239 2368 1295 nen Reiche noch nicht. Es ging
1678 1287 2368 1346 ja vielleicht auch so. Inzwischen
1677 1339 2362 1400 hat sich, nach einem bösen Worte
1687 1386 2363 1444 Melchior de Vogües, das Rad
1678 1427 2369 1495 gedreht. Die klaffende Lücke zwi¬
1687 1482 2368 1546 schen anständiger und unanständiger
1678 1532 2368 1592 Literatur ist hierzulande ausgefüllt
1684 1587 2369 1639 worden: Heute wird alles gedruckt,
1678 1630 2360 1687 und man kann für wenige Pfennige
1684 1690 2365 1732 Schmutz genug kaufen, um bis an
1684 1733 2360 1791 sein Ende genug davon zu haben.
1687 1780 2359 1838 Schon marschiert Deutschland, was
1681 1827 2362 1878 die „unbefangene Kunst" anbelangt,
1678 1873 2362 1932 glorreich an der Spitze der Zivili¬
1690 1932 2366 1981 sation. Eine ad hoc aufgemachte
1681 1973 2366 2033 Statistik lehrt, daß drei Fünftel
1681 2024 2366 2080 aller in Europa verkauften unsitt¬
1681 2073 2373 2125 lichen Ansichtspostkarten aus dem
1681 2125 2366 2183 Lande kommen, wo Sittlichkeit im
1678 2162 2365 2218 Kreise froher Menschen wohnt.
1680 2219 2365 2273 Nicht lange mehr, und wir sind
1678 2273 2366 2319 vielleicht auch für unbefangene Lite¬
1684 2291 2401 2373 ratur die neidlos anerkannten
1690 2369 1942 2425 Rekordträger.
1732 2404 2369 2475 Es hat keinen Zweck, den Tat¬
1690 2469 2375 2520 sachen gegenüber die Augen zu
1690 2502 2365 2574 verschließen und sich, wie's viele
1687 2551 2369 2616 gute Leute tun, mit etlichen milden
1684 2603 2365 2666 Redensarten über das Grauen hin¬
1687 2654 2369 2711 wegzusetzen. Ich meine vielmehr,
1684 2701 2368 2759 allen, denen wirklich an der
1690 2748 2365 2815 Freiheit der Kunst gelegen ist,
1684 2795 2374 2856 allen ehrlichen Freunden deutschen
1684 2847 2371 2906 Schrifttums erwächst allmählich
1684 2892 2369 2955 die Pflicht, Dämme wider die her¬
1684 2946 2368 2996 einbrechende Kotflut aufzuwerfen.
1693 2992 2370 3058 Wir, die kein Redlicher als Dunkel¬
1684 3045 2365 3097 männer zu verschreien wagen wird,
1693 3096 2373 3153 sind berufen, den Kampf aufzu¬
1687 3151 2372 3202 nehmen, ehe denn die schroffe Re¬
1693 3190 2368 3247 aktion hereinbricht, die sonst un¬
1684 3243 2368 3303 vermeidlich ist. Kein Staat, kein
1696 3287 2371 3342 Volk kann sich auf die Dauer die
1690 3342 2373 3388 Vergiftung der öffentlichen Brunnen
1684 3392 2374 3456 gefallen lassen. Kann's dulden, daß
2260 3478 2362 3530 109
