3392 4352
291 159 1163 295 13. Miscellaneous
1348 185 1828 295 bo 44/10
177 1020 317 1140 scht.
347 997 3380 1246 Situationen zu füllen, wenn Sie seine Gestalten im Lichte auch die Ironie, scharf, bessend, die nichts schont, die aus in dem reizenden Einakter Abschied¬
619 1091 2424 1235 der Alltäglichkeit schen wollen, an Stelle geschickt gebauter einem Worte oder einer Situation aufblitzt.
193 1114 548 1231 auf der Bühne.
623 1129 1643 1224 Szenen, die Beschränkung auf den einfachen Dialog
193 1190 272 1250 ut
2681 1201 3376 1254 in Paris unter dem Titel „Souper d'a¬
627 1178 1628 1273 fordern, wie ermöglichen Sie es ihm, eine Individualitä
1756 1197 2658 1303 Anders sind Donnay und Schnitzler: auch ihre
2685 1239 3380 1303 schlagenden Erfolg erzielt hat, beschrei
196 1216 593 1310 e abgehaltenen Conference.
619 1227 1631 1325 vor uns erstehen zu lassen, uns einen bestimmten Charakte¬
1658 1220 2662 1341 Menschen ergreifen uns, weil wir sicher sind, daß sie leiden,
2681 1284 3361 1359 Freunde Max mit folgenden Worten die
612 1284 1635 1386 verständlich zu machen, einen bestimmten Konflikt zu
196 1291 593 1359 ung von der Bedeutung
1654 1295 2651 1386 aber um dieses Leiden so weit wie möglich zu verbergen
623 1314 797 1378 schildern
2764 1337 3376 1401 „Sie erinnert mich," sagt er, „ar
189 1348 589 1405 durchaus eine mora¬
1658 1341 3380 1450 um es uns bloß erraten, ahnen zu lassen, hüllen sie es gerne getragenen Walzer — sentimentale Her¬
189 1386 585 1458 er festen Ueberzeugung
714 1348 1624 1465 Daß die Frage doch lösbar ist, beweisen gemeinsan
1650 1382 2651 1477 beide in etwas geistvolles, feines und reizendes: Maurice
2670 1412 2870 1484 Tränen —
200 1431 585 1503 beredte Strafpredigter
608 1405 1624 1514 Donnay, Porto-Riche und Schnitzler. Wie haben sie es
1650 1424 2651 1529 Donnay in die „Blague" und Schnitzler in das „Gemüt
2753 1439 3361 1548 Nun der Mai in que de
211 1477 582 1541 andere wieder bevor¬
612 1469 1616 1560 zustande gebracht? Mit Hilfe eines maliziösen und ge¬
1643 1480 2651 1567 in beiden, so verschieden sie auch scheinen, lebt immer der
2666 1492 3353 1586 mich oft an einen echten Walzer, an
185 1522 582 1594 ichen im Theater bloß
616 1518 1624 1601 fälligen kleinen Gottes, der sich bloß einer Person auf die
1643 1537 3361 1620 „Esprit du coeur". Die „Blague" ist ein echt französi¬ Walzern — wissen Sie —, von denen
196 1571 574 1639 el oder gar bloß ein
612 1560 1616 1650 Lippen zu setzen braucht, um die feinsten Nuancen ihrer
1646 1571 2647 1662 sches, gutmütiges Geschöpf. Man hat sie oft verdammt,
2674 1609 3353 1669 Geheimnis kennt, an einen „Wiener
177 1612 574 1684 de nicht fertig werden
604 1601 1612 1714 Seele hervorzuzaubern. Dieser kleine Gott is kein andere
1643 1624 3357 1711 man hat behauptet, sie habe vor nichts Achtung, sie trockne mit Erstaunen folgt, denn die Paare
600 1643 906 1722 als der „Esprit
181 1662 578 1733 n, die Pariser und
1635 1662 2640 1756 das Herz aus: das ist nicht wahr! Nein! durchaus nicht
2674 1696 3361 1779 schwindelnder Schnelligkeit und die M
185 1711 574 1775 en und zehn, oder nun
695 1707 1609 1805 Vor einiger Zeit, anläßlich der Aufführung des
1631 1711 3115 1824 denn dieser maliziöse „Chat noir", der vor Vergnügen zu so süß und melancholisch.
196 1752 566 1850 zusammenzudrängen
600 1752 1605 1850 reizenden französischen Stückes „Mademoiselle Josette
1639 1756 2632 1847 schnurren anfing, als Donnay eines Abends die Schwelle
2753 1764 3365 1858 Und das ist kein bloß äußerliche
589 1805 1597 1899 ma femme“, schrieb J. Normand eine wahre Hymn
1628 1801 2632 1896 des lobesamen Wirtes Rodolphe Salis überschritt, dort auf
2658 1813 3357 1907 Schnitzler besitzt vor allem ein musikalis¬
193 1824 563 1918 Premier etwas ge¬
593 1858 1601 1945 auf den „Esprit" und sagte unter anderem: „Man würd
1628 1850 2628 1937 dem Montmartre, und der — mögen ihn die werten Herren
2655 1888 3350 1949 und darum üben seine Gestalten auf
189 1888 566 1960 nruhe, die durch das
585 1888 1594 2009 es nicht glauben, aber der „Esprit" geht zuweilen mit den
1624 1899 2624 1994 Unsterblichen nicht übel nehmen — ihn bis in die „Akademie
2655 1930 3372 1994 Suggestionskraft aus. Die Musik ist ni¬
204 1937 563 2009 Bewußtsein kommen,
597 1941 1333 2020 Herzen einen reizenden, innigen Bund ein.
1628 1945 2636 2028 kürzlich begleitete, dieser maliziöse „Chat noir" ist im
2655 1967 3368 2051 dennoch aber drehen sich lächelnd die Pa¬
177 1983 559 2054 hen vor allem darauf
1616 1998 2624 2081 Grunde ein sehr rätselhaftes Tier, dem man nicht gleich auf
695 1994 1590 2084 Schnitzler Donnay und Porto-Riche, bei der frühe
185 2035 555 2100 lang ein intensivere
1616 2035 2621 2122 die Spur kommt. Man müßte vorher von Montmartre
582 2039 1594 2126 gepriesenen dramatischen Technik, haben wiederholt
189 2077 559 2152 wie einmal, bei der
2749 2069 3365 2168 Der „Esprit du coeur auf de
1624 2088 2624 2164 hinuntersteigen, die Seine überschreiten, und dort beim Quai
582 2100 1590 2179 „Esprit" und Herz in dieser Weise vermählt. Sehen wir
181 2126 559 2194 n, eine Dame hinter
2647 2111 3334 2202 also verschiedene Gestalten annehmen,
1624 2134 2617 2213 Voltaire sich zu einem alten Bouquinist flüchten (was
574 2145 1594 2228 also, was aus dieser Verbindung in Frankreich und Oester¬
185 2171 551 2247 se, ohne die mindeste
2655 2186 3357 2258 zugestehen, daß im Prinzip kein größ¬
1612 2175 2617 2262 übrigens ziemlich schwer wäre, da die alten Bouquinisten
578 2183 2621 2304 reich entsprungen ist, und versuchen wir, sie auf dem immer seltener werden): da müßte man eine alte Ausgabe
193 2217 544 2292 j'aime le théâtre
2651 2232 3308 2300 stehen kann, als der „Chat noir
574 2224 1582 2330 Theater zu legitimieren, da sie für manche als illegitim gilt
181 2266 529 2345 esprit et du coeur
2647 2262 3353 2353 Walzer“. Doch halte ich ihn immer für
1605 2273 2617 2356 von Rabelais, einen Original=Beaumarchais mit Kupfer¬
668 2285 1575 2379 In den meisten ihrer Stücke wollen uns die drei ge
2640 2322 3308 2379 auf dem Theater, wenn er uns ein
1612 2322 2621 2398 stichen, die „Comédies et Proverbes" von Musset finden,
570 2330 2609 2451 nannten Dramatiker mitten ins Leben hineinversetzen, in und da es schon spät sein wird, wenn Sie sich zufällig noch
185 2322 540 2432 eine Steigerung der
2643 2364 3361 2424 hervorzaubert oder wenn er uns plötzlie
574 2368 1575 2462 das Leben, wo keine theatralischen Fäden lenken: weni¬
177 2402 544 2481 soll, wie kann es
2640 2421 3357 2489 oder einen Charakter ganz eigenartig leb¬
1601 2424 2609 2500 unter den Galerien des „Odéon" aufhalten, und ein Buch
574 2417 1575 2507 Handlung während eines Akts, wie auch im Leben selten
2651 2455 3368 2515 soll mich nicht mißverstehen: Ich habe
1597 2458 2609 2534 des Theaters von Meilhac und Halévy aufschlagen, da
174 2462 1575 2553 Worten, wann sehen in so kurzer Zeit so viele Ereignisse sich abspielen, aber
2640 2496 3346 2568 Absicht, dem banalen Wortspiele oder
200 2496 544 2572 fühlen wir uns in
1597 2507 2609 2579 werden Sie plötzlich mit Erstaunen auf Ihrer Schulter eine
559 2507 1571 2602 Dialoge, in welchen trotz allem Situationen gezeichnet sind
2640 2545 3338 2632 Sprache das Wort zu reden. Gerade
181 2538 532 2613 sid leicht? Ueber der
1597 2553 2602 2628 Last fühlen. Wenn Sie dann den Kopf wenden, werden Sie
559 2564 1571 2666 aus denen Charaktere lebendig vor uns treten; und da¬
2624 2587 3059 2674 gibt es nichts Hohleres.
174 2587 536 2662 kun wir sind geneigt,
1590 2594 2598 2681 die rätselhafte schwarze Katze, den „Chat noir" bemerken,
555 2606 1220 2685 alles dank dem „Esprit" des Herzens.
2734 2632 3350 2715 Sie erinnern sich an die berühm
174 2632 532 2708 tlichsten Situationen
1590 2643 2583 2715 den berühmten Vertreter der französischen „Blague
653 2655 1560 2764 Dieser „Esprit" des Herzens soll aber für S:
2636 2685 3342 2745 „Cyrano, wo er die Preziöse Roxane zu
177 2681 529 2753 matisch" zu nennen
1597 2692 2594 2764 Ueberrascht werden Sie das Buch schließen, und da Sie
551 2689 2594 2821 nicht etwas Abstraktes, Unbestimmtes bleiben, wie ein viel Zeit daran verwenden werden, um mit diesem „Chat
2628 2730 3353 2802 daß es eine Sünde sei, in einer so be¬
170 2723 529 2798 n, wo die „Charge
2628 2768 3327 2862 an geistreiche Pointen und sogenannte
559 2742 2825 2896 hübsches Wort, das vielerlei bedeuten kann; ein „Schlags hoir", der Ihnen sicher gefallen wird, Bekanntschaft zu zu denken.
181 2776 1563 2893 doch steht das nicht wort", wie Sie sagen, ein „Cliche", wie wir Franzosen
174 2810 517 2893 der Nerven, wie si
1586 2836 2583 2904 schließen, werden Sie dann nicht mehr genau
555 2836 1556 2938 sagen, und ich möchte Sie auf die vielen Variationen hin¬
170 2859 521 2934 tet. Nein, wir sucher
2734 2855 3357 2945 le crains tant que parmi notre alchimie,
1582 2885 2583 2949 wissen, wo er Ihnen erschienen ist: War es bei der „Belle
548 2889 1556 2979 weisen, in welchen er zutage tritt. Das können Sie an
2738 2930 3319 2976 Le vrai du sentiment ne se volatilise,
1582 2930 2594 3021 Hélène", bei der „Petite Marquise" oder bei
170 2923 1824 3029 ebenwahre Menschen besten an den verschiedenen Arten sehen, in denen bei „Froufrou?
2738 2961 3342 3021 Que l'âme no se vide à ces passe-temps
174 2957 521 3025 in uns wecken, und
548 2976 1552 3078 Donnay, Porto-Riche und Schnitzler, je nach dem
2738 2998 3353 3055 Et que le fin du fin ne soit la fin des fi¬
170 2998 506 3074 ende und Leiden
536 3021 1503 3112 Temperament, dieser „Esprit" des Herzens sich äußert.
2738 3040 3353 3131 — Mais l'esprit erwidert immer Re¬
1669 2991 2572 3104 Das Gemüt kennen Sie alle. Es ist — wie soll ich
177 3044 510 3119 all das ohne grob
1575 3074 2575 3142 sagen — ein durchaus wienerisches Element, das wir schon
2617 3066 2874 3164 und Cyrano:
631 3074 1541 3168 Porto-Riche ist eine leidenschaftliche Natur. Tro
1567 3127 2564 3191 bei Grillparzer, Raimund und Bauernfeld finden. Un
2730 3108 3346 3202 de le baie de l'amour. C'est un cri
166 3142 510 3214 ne Perspektive, ihre
166 3097 2568 3244 falsche Beleuchtung, der feinen Stimmung, zu der er seine Gestalten abtönt, doch möchte ich diesen „Esprit du coeur" bei Schnitzler
2726 3191 3338 3240 Lorsqu'on aime de trop prolonger cette
532 3164 2553 3278 stellt er sie in einem Augenblicke gesteigerten Lebens dar, nicht mit dem Worte „Gemüt bezeichnen, das der Verline
2730 3229 3338 3278 Le manent vient d'ailleurs inévitablemen
174 3191 2541 3334 schter das Recht ab¬ wo jede Ausdrucksfähigkeit überreizt ist. Man leidet, man Sentimentalität zu nahe kommt, und ich ziehe es vor, ih
2742 3270 3342 3316 — Et je plains ceux pour qui ne vient
174 3244 2538 3448 und angerichtliche mit der von einträchtlich, wenn man lebet, da sie mit aus zu begleiten, as in Sie viel liege.
2726 3300 3342 3353 Où nous sentons qu'on nous une amour
2730 3342 3342 3395 Que chaque joli mot que nous disons re
2711 3361 3334 3448 Sie wissen alle wie wahr das ist und
2606 3414 3323 3516 Wort, das wir auf dem Theater hören
