3344 4384
176 215 327 314 13.
381 215 1048 331 Miscellaneous
1226 211 1715 321 box 44/10
1368 908 1646 972 —
2100 1013 2446 1112 an
802 1005 1213 1119 2
1351 1035 2057 1147 Der Werker
2117 1086 2205 1151 L
770 1153 2485 1235 jedesmal von ihr gestaltet. Sie wird gleichsam durch jede Rolle neu geboren, und das gibt
764 1228 2485 1293 jedem ihrer Menschen die rundgeschlossene Einheit, das zwingend notwendige, den Zauber des
764 1276 1058 1345 Unverbrauchten.
942 1297 2483 1390 Denn sicherlich ist Paula Müller kein Intellekt, sondern ein Stück Natur, das immer
768 1375 2483 1431 von neuem zum Kunstwerk umgeformt wird. Ich glaube nicht, daß ihr dieser Wandlungsprozeß
764 1426 2483 1478 bewußt wird, daß sie, wie es Artur Schnitzler einmal ungefähr gesagt hat, lacht oder weint
768 1476 2487 1536 und zugleich selber eine Beobachterin ihres Lachens und Weinens ist. Solches erwägen nahme
768 1521 2487 1583 nicht ihre Kunst hinweg, aber das besondere, erfrischende Naturaroma dieser Kunst. So aber
757 1566 2487 1624 schmettert die kleine Fankare ihres Übermuts von selber wie das eingefrorene Posthorn des
764 1618 2485 1678 Lügenbarons, das plötzlich auftaut. Verstandesanalyse käme ihren Menschen niemals bei, denn
764 1669 2483 1725 der Intellekt kann immer nur mit Gebilden der Überlegung rechten, sie aber schafft aus dem
772 1721 2485 1792 Temperament, dem Blut, dem Instinkt, und Blut und Instinkt haben immer recht; denn sie
768 1773 1261 1841 müssen sein, wie sie sind.
942 1788 2485 1878 „Der Ruf des Lebens lockt. Sie taumelt ihm entgegen. Sie stürzt von Männerarm
762 1863 2485 1928 in Männerarm. Und taumelt wieder vor das mütterliche Haus, das Haar gelöst, die Wange
770 1917 2483 1977 bleich, das Auge irr und voll Verwunderung. Ihr ist so sonderbar wie Hjalmars kleiner Hedwig.
764 1966 2483 2022 Sie hat genossen das irdische Glück. Das Weib ist in ihr aufgewacht, und ihr ist sonderbar,
770 2016 2485 2072 ihr ist es nicht bewußt. Sie präsentiert das Gegenstück zur „Dirne ihrer Träume“. Ihr Leib
768 2061 2487 2117 hat die große Frauenwandlung durchgemacht, die Seele nicht. Ihr Herz träumt über grünes
772 2110 2487 2177 Wiesenrund, ihr Herz fühlt Sommerblüten und kindliches Libellenspiel. Da setzt sein Pochen
764 2162 1734 2239 aus; der Körper taumelt in den Tod; die Seele nicht.
947 2207 2485 2267 Man nehme von dem Port alle vierschrötig sinnliche Brutalität und man kann sagen:
762 2261 2476 2328 sie lebt und liebt und stirbt rein animalisch. Oder so wie Blumen blühen, weil es dem Wurzel
764 2310 2485 2371 satt gefällt, wie Blumen lieben, weils einer Biene grad beliebt, wie Blumen sterben, weil eines
770 2362 2485 2414 Tages die Naturkraft aus dem Boden stockt. Mitten ins reflektivste Zeitalter, das überall und
764 2409 2487 2470 immer das Bedenken an dem Anfang, die Selbstbeobachtung in die Mitte, das Raisonnement
768 2472 2489 2523 ans Ende gestellt hat — mitten in diese analytischen Tage ist eine kindlich Naive, eine so
772 2515 2493 2573 völlig Ganze hineingeboren, daß ihr Wesen: die Einfachheit an sich keine weitere Zergliederung
772 2560 2485 2616 erlaubt. Und doch ist ihre Wandlungskänigkeit nicht wie bei anderen Naturgewachsenen in
772 2609 2485 2665 enge Grenzen eingezwängt. Sie war Minnas Franziska und Reyeks Geliebte; aber auch Rechts¬
772 2657 2487 2713 anwalt Helmars Nora, Freilich nicht die Nore meiner Sehnsucht, die nur dem Mann zu Lieb
772 2711 2485 2769 das Kätzchen spielt, den Lerchentriller markiert und das Puppchen mit. Ihr waren Tand und
772 2756 2487 2825 Tändelei nicht angeschminkt, sondern angeboren. Ihr Geist von Niemals über den Körper
770 2805 2220 2889 triumphieren, Handlung durch Oeste, das Was durch das Wie zur Lüge machen.
1575 3547 1689 3627 402
